2034 3204
441 251 527 290 244
945 252 1339 293 FIRMILIANI

445 359 686 405 Ecclesiae
732 376 998 406 numerum.
1068 361 1166 414 Qui
1206 367 1365 406 autem
1407 358 1645 418 baptisma
1681 349 1844 400 eorum

444 436 628 494 probat,
657 438 716 481 de
750 437 1009 496 baptizatis
1045 445 1090 482 et
1129 437 1393 483 Ecclesiam
1423 436 1521 481 illic
1550 450 1648 480 esse
1677 431 1848 478 confir-

446 520 562 559 mat.
635 514 734 559 Nec
766 514 992 577 intelligit
1017 514 1254 560 obfuscari
1280 530 1305 560 a
1331 530 1380 559 se
1403 520 1451 558 et
1474 513 1680 573 quodam
1707 511 1848 555 modo

446 591 622 636 aboleri
648 591 952 636 Christianae
986 598 1148 650 petrae
1177 591 1441 644 veritatem,
1465 589 1547 649 qui
1585 589 1652 634 sic
1687 586 1847 647 prodit

445 674 493 713 et
514 669 689 714 deserit
712 668 962 714 unitatem.
1020 669 1052 714 J
1055 670 1229 714 udaeos
1260 674 1436 721 tamen,
1460 666 1681 727 quamvis
1713 665 1886 727 igno-5

446 746 604 791 rantia
627 761 787 791 caecos
818 753 865 791 et
892 746 1177 807 gravissimo
1210 746 1421 791 facinore
1454 743 1745 797 constrictos,
1772 757 1849 786 ze-

448 824 545 867 lum
565 823 658 868 Dei
673 823 935 882 Apostolus
959 824 1133 869 habere
1156 822 1433 869 confitetur:
1459 821 1743 881 Stephanus,
1763 819 1847 878 qui

446 915 531 959 per
554 900 895 946 successionem
918 901 1194 946 cathedram
1220 901 1353 946 Petri
1383 901 1559 946 habere
1582 914 1631 944 se
1662 897 1849 957 praedi-

446 984 536 1030 cat,
561 979 693 1022 nullo
724 979 951 1023 adversus
987 978 1249 1024 haereticos
1280 979 1382 1023 zelo
1411 976 1662 1028 excitatur,
1686 989 1848 1020 conce-

446 1056 562 1099 dens
582 1054 677 1100 illis
696 1070 791 1100 non
810 1055 1042 1101 modicam
1064 1057 1146 1101 sed
1164 1055 1423 1101 maximam
1442 1054 1626 1116 gratiae
1643 1059 1850 1113 potesta·
1866 1067 1915 1093 10

447 1138 558 1185 tem,
577 1138 633 1177 ut
655 1132 781 1177 dicat
804 1148 882 1177 eos
906 1140 953 1178 et
971 1143 1203 1179 asseveret
1229 1148 1313 1192 per
1335 1132 1561 1192 baptismi
1586 1145 1850 1177 sacramen-

448 1217 551 1254 tum
587 1210 749 1254 sordes
778 1210 949 1255 veteris
984 1209 1193 1255 hominis
1228 1210 1435 1264 abluere,
1459 1209 1660 1268 antiqua
1682 1206 1850 1252 mortis

446 1293 637 1345 peccata
657 1288 847 1341 donare,
862 1287 1217 1349 regeneratione
1232 1287 1421 1333 coelesti
1437 1285 1558 1331 filios
1576 1284 1665 1330 Dei
1682 1284 1848 1337 facere,

447 1365 506 1409 ad
531 1370 769 1409 aeternam
793 1363 942 1410 vitam
962 1364 1114 1410 divini
1133 1365 1309 1410 lavacri
1328 1363 1698 1410 sanctificat-ione
1716 1377 1852 1422 repa-

448 1457 569 1486 rare.
639 1441 737 1494 Qui
774 1442 840 1487 sic
875 1457 1049 1504 magna
1073 1449 1120 1487 et
1143 1442 1363 1487 coelestia
1387 1440 1628 1487 Ecclesiae
1652 1454 1848 1486 munera
1867 1452 1916 1491 15

446 1518 696 1564 haereticis
715 1508 941 1565 =concedit
972 1526 1019 1565 et
1050 1519 1234 1568 tribuit,
1259 1520 1374 1579 quid
1411 1520 1540 1565 aliud
1578 1518 1680 1580 agit
1704 1532 1849 1577 quam

446 1595 765 1641 communicat
810 1596 894 1650 eis,
941 1595 1115 1655 quibus
1169 1602 1356 1641 tantum
1409 1594 1592 1657 gratiae
1637 1593 1852 1639 defendit

447 1690 501 1720 ac
548 1674 797 1719 vindicat?
858 1674 925 1719 Et
969 1674 1149 1718 frustra
1198 1673 1302 1734 jam
1349 1672 1540 1718 dubitat
1587 1671 1636 1716 in
1683 1671 1851 1716 ceteris

447 1767 636 1811 quoque
658 1751 924 1796 consentire
958 1751 1025 1795 eis
1058 1758 1104 1796 et
1139 1750 1377 1810 particeps
1402 1765 1516 1802 esse,
1542 1755 1595 1794 nt
1626 1755 1673 1794 et
1707 1748 1851 1795 simul

447 1846 554 1876 cum
580 1829 647 1874 eis
679 1829 943 1880 conveniat,
970 1836 1017 1874 et
1050 1828 1287 1874 orationes
1325 1827 1502 1887 pariter
1533 1843 1640 1872 cum
1673 1827 1850 1873 eisdem
1866 1849 1917 1874 20

448 1908 655 1959 misceat,
697 1912 745 1951 et
781 1908 931 1951 altare
973 1922 1026 1951 ac
1067 1904 1349 1951 sacrificium
1392 1920 1642 1954 commune
1678 1905 1852 1951 consti-

447 1988 568 2027 tuat.
622 1981 711 2026 Sed
740 1981 788 2027 in
815 1983 1036 2034 multum,
1062 1981 1235 2041 inquit,
1261 1979 1447 2040 proficit
1471 1995 1642 2025 nomen
1667 1979 1851 2025 Christi

448 2060 505 2104 ad
532 2059 670 2104 fidem
696 2065 744 2104 et
777 2058 1002 2119 baptismi
1038 2058 1473 2110 sanctificationem,
1498 2063 1553 2103 ut
1580 2057 1853 2117 quicunque

448 2143 494 2181 et
531 2136 803 2196 ubicunque
840 2137 888 2182 in
928 2137 1119 2182 nomine
1154 2136 1337 2182 Christi
1376 2135 1651 2195 baptizatus
1691 2135 1850 2189 fuerit,

448 2220 766 2273 consequatur
800 2214 961 2259 statim
998 2214 1204 2276 gratiam
1230 2213 1428 2259 Christi.
1499 2213 1704 2266 Quando
1739 2213 1851 2259 huic
1866 2231 1915 2269 25

449 2291 550 2335 loco
585 2289 792 2334 breviter
826 2289 1006 2335 occurri
1046 2289 1195 2348 possit
1236 2296 1283 2335 et
1319 2289 1427 2343 dici,
1462 2290 1687 2349 quoniam
1725 2291 1764 2336 si
1801 2290 1850 2336 in

448 2366 639 2412 nomine
676 2365 857 2411 Christi
895 2366 1046 2411 valuit
1083 2366 1198 2412 foris
1238 2366 1473 2426 baptisma
1512 2368 1569 2412 ad
1610 2366 1851 2412 hominem

451 2444 769 2504 purgandum,
796 2443 842 2488 in
881 2444 1091 2504 ejusdem
1125 2444 1306 2489 Christi
1344 2444 1535 2490 nomine
1564 2445 1720 2490 valere
1757 2444 1852 2490 illic

451 2521 605 2581 potnit
630 2529 676 2566 et
702 2536 871 2566 manus
904 2520 1146 2580 impositio
1169 2522 1227 2567 ad
1265 2521 1590 2581 accipiendum
1617 2521 1849 2581 Spiritum

449 2600 691 2643 Sanctum.
768 2597 831 2643 Et
875 2597 1103 2657 incipient
1143 2605 1295 2644 cetera
1334 2615 1522 2659 qnoque
1560 2615 1683 2659 quae
1723 2600 1849 2659 apud
1864 2622 1916 2657 30

451 2674 709 2720 haereticos
745 2682 957 2735 aguntur
985 2675 1117 2735 justa
1152 2683 1198 2721 ct
1230 2676 1446 2737 legitima
1470 2676 1634 2730 videri,
1660 2678 1852 2737 quando

451 2751 496 2796 in
537 2751 726 2797 nominc
752 2752 930 2798 (tin-isti
969 2760 1213 2813 gerantur,
1244 2755 1501 2799 secundum
1528 2755 1653 2814 quod
1685 2769 1764 2799 vos
1802 2753 1849 2799 in

448 2828 647 2886 epistola
686 2836 839 2874 vestra
877 2830 1083 2876 exsecuti
1123 2830 1249 2883 estis,
1284 2846 1374 2876 non
1416 2830 1506 2876 nisi
1549 2830 1595 2875 in
1638 2829 1852 2876 Ecclesia
