2034 3204
0 1366 9 1549 *v-uww-ae—
0 1250 7 1352 -,-ψ-«-
0 1195 2 1200 ἡ
0 1165 2 1173 ἡ
0 1095 2 1148 2-<—
0 1061 2 1073 —
0 1029 1 1042 ω
0 1005 1 1010 Α
0 942 4 981 -v-
0 898 3 902 -
0 834 4 880 <vv
0 778 2 809 *⁴

597 241 680 283 DE
718 241 887 284 ZELO
923 242 1005 284 ET
1042 242 1310 285 LIVORE.
1570 243 1658 287 327

250 347 393 395 nibus
427 348 592 395 divina
626 350 777 401 lectio,
802 350 852 396 in
887 350 1103 396 sensibus
1127 350 1382 396 Dominica
1409 350 1650 412 cogitatio.

251 423 421 470 Oratio
445 426 580 488 jugis
608 427 803 473 omnino
830 443 924 473 non
949 434 1110 474 cesset.
1181 427 1416 474 Salutaris
1439 428 1653 487 operatio

249 510 532 561 perseveret.
603 505 908 565 Spiritalibus
932 521 1118 566 semper
1140 505 1326 551 actibus
1349 521 1650 566 occupemur,

249 585 304 624 ut
338 580 712 642 quotiescunque
749 582 971 628 inimicus
1006 581 1263 634 accesserit,
1299 581 1485 642 quoties
1520 582 1651 628 adire

213 657 516 712 5tentaverit,
541 663 588 704 et
622 661 838 706 clausum
872 661 1123 706 adversum
1156 675 1205 704 se
1240 664 1405 719 pectus
1439 659 1654 705 inveniat

249 739 298 779 et
324 741 577 781 armatum.
651 735 764 782 Non
793 737 922 782 enim
946 736 1212 783 Christiani
1241 736 1451 782 hominis
1481 752 1656 782 corona

249 826 346 856 una
363 818 436 856 est
458 827 580 872 quae
600 818 810 873 tempore
829 814 1172 873 persecutionis
1195 813 1441 874 accipitur.
1496 813 1657 859 Habet

249 894 298 934 et
331 903 426 948 pax
461 905 656 936 coronas
692 906 818 945 suas,
847 891 1022 951 quibus
1057 893 1116 937 de
1151 890 1285 937 varia
1320 898 1367 937 et
1402 891 1657 952 multiplici

249 967 579 1029 congressione
620 967 822 1014 victores
869 975 1108 1028 prostrato
1153 975 1201 1015 et
1247 969 1445 1015 subacto
1492 970 1659 1014 adver-

190 1065 236 1091 10
250 1044 375 1090 sario
397 1051 699 1091 coronantur.
770 1046 1045 1092 Libidinem
1070 1046 1314 1108 subegisse
1338 1046 1659 1092 continentiae

249 1124 409 1182 palma
445 1130 529 1169 est.
617 1123 797 1170 Contra
834 1124 971 1177 iram,
1008 1130 1176 1170 contra
1213 1123 1442 1184 injuriam
1485 1138 1658 1184 repug-

250 1214 387 1245 nasse
411 1214 583 1245 corona
606 1199 865 1260 patientiae
897 1208 981 1245 est.
1054 1199 1128 1246 De
1152 1198 1356 1244 avaritia
1379 1198 1657 1259 triumphus

250 1283 322 1323 est
358 1277 609 1337 pecuniam
650 1293 885 1338 spernere.
955 1276 1087 1323 Laus
1121 1283 1192 1322 est
1229 1275 1340 1322 fidei
1376 1274 1550 1322 fiducia
1583 1276 1660 1322 fu·

248 1359 469 1401 turorum
498 1354 667 1400 mundi
698 1356 896 1400 adversa
927 1356 1143 1400 tolerare.
1214 1354 1283 1400 Et
1311 1353 1396 1414 qui
1425 1355 1658 1414 superbus

189 1431 301 1485 15in
335 1431 573 1492 prosperis
609 1447 704 1478 non
739 1439 823 1486 est,
855 1432 1058 1494 gloriam
1093 1433 1152 1477 de
1187 1431 1463 1478 humilitate
1497 1448 1659 1479 conse-

249 1510 431 1571 quitur.
500 1509 570 1555 Et
603 1509 687 1570 qui
725 1510 783 1555 ad
823 1523 1089 1570 pauperum
1124 1509 1438 1555 fovendorum
1475 1509 1659 1556 miseri-

249 1585 459 1631 cordiam
486 1599 665 1644 pronus
697 1590 782 1639 est,
806 1584 1169 1630 retributionem
1202 1584 1416 1630 thesauri
1440 1584 1656 1631 coelestis

248 1662 546 1723 adipiscitur.
617 1662 686 1708 Et
721 1661 806 1722 qui
842 1663 998 1708 zelare
1030 1677 1126 1708 non
1150 1661 1299 1714 novit,
1322 1662 1501 1722 quique
1536 1678 1656 1708 una-

248 1740 393 1786 nimis
417 1746 465 1786 et
487 1739 620 1786 mitis
643 1739 814 1786 fratres
839 1755 949 1786 suos
972 1739 1146 1801 diligit,
1162 1740 1430 1785 dilectionis
1454 1748 1500 1786 et
1525 1740 1655 1800 pacis

187 1837 236 1863 20
248 1816 461 1877 praemio
494 1817 770 1862 honoratur.
848 1815 906 1862 In
947 1817 1036 1863 hoc
1072 1817 1308 1863 virtutum
1347 1817 1503 1863 stadio
1539 1833 1656 1877 quo-

249 1893 367 1940 tidie
401 1893 650 1947 currimuS,
685 1894 746 1938 ad
781 1893 868 1939 has
897 1894 1119 1955 justitiae
1155 1895 1341 1954 palmas
1376 1900 1424 1940 et
1458 1910 1655 1941 coronas

249 1971 351 2016 sine
374 1970 726 2017 intermissione
751 1970 979 2030 temporis
1003 1971 1332 2030 pervenimus3
1370 1973 1430 2018 ad
1454 1988 1575 2032 quas
1599 1979 1655 2019 ut

248 2048 493 2108 pervenire
524 2054 579 2094 tu
610 2048 752 2094 etiam
785 2048 948 2108 possis,
972 2048 1057 2108 qui
1091 2048 1250 2095 fueras
1287 2051 1391 2095 zelo
1422 2056 1470 2095 et
1504 2050 1654 2097 livore

247 2141 505 2186 possessus,
546 2140 734 2170 omnem
770 2124 903 2170 illam
938 2125 1174 2171 malitiam
1216 2142 1312 2186 qua
1349 2127 1483 2187 prius
1524 2135 1657 2174 tene-

185 2217 232 2255 25
247 2203 376 2249 baris
411 2203 575 2264 abjice,
600 2204 659 2248 ad
695 2202 824 2248 viam
860 2202 987 2248 vitae
1021 2210 1240 2250 aeternae
1275 2204 1492 2266 vestigiis
1527 2207 1654 2251 salu-

247 2281 430 2327 taribus
458 2280 730 2327 reformare.
815 2280 984 2326 Evelle
1014 2282 1072 2326 de
1095 2288 1283 2341 pectore
1308 2289 1392 2328 tuo
1416 2282 1579 2343 spinas
1603 2290 1653 2330 et

249 2358 462 2413 tribulos,
485 2363 541 2404 ut
571 2363 618 2403 te
642 2356 950 2403 Dominicum
980 2373 1141 2404 semen
1172 2358 1321 2404 fertili
1352 2359 1492 2421 fruge
1523 2362 1654 2407 locu-

246 2436 408 2494 pletet,
442 2441 498 2480 ut
533 2434 696 2480 divina
732 2440 780 2480 et
814 2434 1044 2494 spiritalis
1078 2450 1213 2498 seges
1247 2436 1298 2482 in
1333 2437 1519 2496 copiam
1555 2438 1652 2484 foe-

248 2513 430 2558 cundae
460 2511 627 2557 messis
658 2512 897 2558 exuberet.
967 2512 1166 2559 Venena
1196 2513 1321 2559 fellis
1353 2529 1529 2568 evome,
1555 2516 1657 2562 dis--

183 2608 234 2644 30
248 2588 516 2635 cordiarum
549 2588 683 2634 virus
717 2590 927 2641 exclude,
951 2596 1186 2651 purgetur
1220 2606 1353 2636 mens
1384 2606 1530 2650 quam
1554 2608 1651 2639 ser-

248 2666 473 2726 pentinus
496 2666 618 2711 livor
640 2664 882 2720 infecerat,
902 2666 1172 2712 amaritudo
1193 2667 1346 2713 omnis
1371 2683 1493 2728 quae
1516 2669 1649 2717 intus

247 2743 484 2788 insederat
519 2741 702 2788 Christi
737 2742 984 2788 dulcedine
1018 2743 1237 2790 leniatur.
1310 2743 1362 2790 Si
1399 2747 1458 2790 de
1495 2761 1649 2794 sacra-

247 2828 407 2865 mento
429 2818 582 2864 crucis
606 2826 653 2864 et
676 2819 833 2864 cibum
859 2819 1007 2865 sumis
1031 2826 1078 2866 et
1102 2827 1283 2879 potum,
1308 2822 1493 2884 lignum
1518 2826 1641 2884 quod

1665 352 1765 395 positi
1781 361 1847 383 me-

1663 407 1736 428 mor
1751 395 1860 427 Chris·

1663 440 1775 471 tianus
1791 449 1860 487 pa·-

1662 494 1735 515 cem
1748 486 1783 514 et
1794 491 1875 514 carl·

1663 530 1769 558 tatem
1785 536 1851 558 sec-

1662 574 1765 603 tetur.
