2034 3204
418 231 505 272 218
887 230 968 273 AN
970 230 1011 273 N
1015 230 1347 274 OTATIONES

418 337 655 386 translatas,
696 350 835 393 expun
865 336 993 378 endas
1025 336 1141 393 jussi.
1222 336 1332 378 Dein
1372 350 1452 378 vox
1491 336 1676 392 Anyelos
1715 335 1821 379 male

418 393 599 451 repetita
628 393 753 436 fuisse
785 394 824 436 vi
855 399 962 444 etur,
996 399 1123 450 prout
1157 393 1386 436 Rhenanus
1414 393 1503 450 jam
1533 394 1819 444 adnotaverat,

418 457 462 494 et
484 458 578 508 post
607 466 701 493 eum
728 451 984 494 Wouwerius
1013 451 1056 492 in
1085 450 1455 493 Emendationibus
1478 450 1657 507 Epidict.
1718 451 1821 493 Fine

416 508 602 566 opusculi
630 508 760 551 simile
789 509 891 565 quid
918 508 1015 551 huic
1037 508 1244 550 clausulae
1270 508 1412 559 habes,
1432 522 1557 565 quam
1582 507 1821 551 Victorinus

414 567 687 609 corroborare
707 566 881 609 curavit.
1833 575 1858 615 5

473 624 521 665 P.
546 626 638 666 162.
670 624 697 666 l.
721 638 760 680 9.
797 623 912 680 cujus
940 623 1079 664 lumen
1114 621 1229 671 illud,
1262 627 1305 664 et
1334 622 1528 664 virtutem
1559 621 1670 665 illam
1700 636 1820 679 supe-

414 681 568 723 riorem
598 687 772 738 propter
806 679 1142 728 misericordiam,
1175 678 1393 722 scintillam
1428 679 1583 722 salvam
1618 680 1723 736 esse]
1752 679 1822 723 Sic

415 739 530 781 editt.
565 745 662 781 ante
693 738 936 795 Rigaltium,
957 737 1030 793 qui
1058 736 1224 793 quidem
1255 751 1374 779 voces
1403 737 1531 779 illam
1559 739 1822 793 superiorem

408 804 589 852 propter
609 795 756 838 omisit.
800 795 885 838 Sed
904 795 1038 837 locum
1053 808 1243 836 mancum
1263 799 1307 836 et
1320 799 1561 851 corruptum
1576 795 1605 836 J
1608 794 1728 844 unius
1742 795 1820 836 hoc

414 853 536 895 modo
566 853 771 910 supplevit
799 858 926 909 atque
956 851 1215 894 emendavit:
1247 851 1326 894 Cui
1357 852 1496 894 lumen
1525 852 1639 894 illud
1668 859 1708 894 et
1732 852 1821 894 vir-
1836 866 1886 892 10

380 932 383 933 ⁷
413 919 545 953 tutem
559 912 686 953 illam
704 911 966 966 superiorem
977 917 1160 966 propter
1173 910 1519 952 misericordiam
1538 908 1648 952 vitae
1668 908 1822 951 scintil-

413 968 494 1010 lam
515 967 752 1018 immisisse3
774 968 881 1010 hanc
901 967 1139 1010 scintillam
1157 967 1329 1009 salvam
1347 981 1446 1009 esse.
1500 966 1703 1010 Convenit
1716 966 1820 1010 haec

414 1025 648 1068 emendatio
679 1031 764 1068 tam
801 1039 894 1067 cum
928 1024 978 1067 iis
1015 1038 1122 1081 quae
1160 1024 1204 1065 in
1239 1038 1328 1080 cap.
1349 1037 1376 1080 3
1417 1029 1659 1080 sequuntur,
1695 1038 1819 1080 quam

414 1098 508 1125 cum
538 1083 808 1133 Tertulliano,
835 1082 878 1124 in
908 1082 977 1125 lib.
1009 1082 1062 1124 de
1091 1081 1248 1124 Anima
1276 1095 1366 1138 cap.
1386 1094 1454 1138 23,
1483 1087 1610 1138 atque
1645 1082 1820 1124 Irenaeo

414 1140 486 1183 lib.
504 1154 531 1183 1.
554 1147 700 1183 contra
715 1141 934 1189 Haereses,
951 1154 1040 1196 cap.
1057 1151 1124 1189 22,
1140 1138 1212 1181 ubi
1232 1138 1285 1181 de
1303 1138 1516 1182 Saturnini
1535 1138 1645 1182 scitis
1722 1139 1817 1182 'tur.
1837 1153 1884 1192 15

416 1199 585 1241 Interea
602 1213 629 1240 a
644 1199 673 1241 J
675 1198 772 1241 unio
792 1198 926 1240 locum
940 1196 1154 1254 praeclare
1170 1196 1429 1246 emendante,
1444 1195 1610 1246 rectius,
1625 1196 1669 1238 ni
1700 1196 1818 1247 allor,

414 1256 592 1312 positum
619 1255 764 1298 fuisset
789 1256 1030 1299 scintillam
1055 1255 1185 1303 vitae,
1205 1267 1330 1310 quam
1350 1255 1466 1296 vitae
1494 1255 1746 1305 scintillam,
1767 1253 1820 1296 si-

414 1314 581 1370 quidem
612 1319 785 1370 propter
814 1313 860 1354 τὸ
890 1311 1205 1365 ὁμοιοτελευτὸυ,
1227 1326 1300 1354 seu
1319 1312 1428 1353 vocis
1457 1312 1675 1355 scintillae
1701 1325 1820 1368 repe-

413 1371 613 1422 titionem,
645 1371 806 1414 omissio
836 1385 980 1413 vocum
1014 1369 1325 1426 interjectarum
1360 1368 1579 1426 contigisse
1613 1368 1817 1412 videatur.

415 1429 528 1478 Dixi,
550 1429 697 1471 similia
715 1434 882 1471 exstare
902 1427 944 1469 in
965 1426 1099 1483 capite
1119 1426 1306 1483 proxime
1327 1432 1538 1482 sequente.
1834 1442 1884 1467 20

473 1486 580 1529 Ibid.
598 1486 624 1528 l.
639 1484 989 1542 32.*frequenter]
1007 1486 1075 1526 An
1081 1484 1397 1540 frequentare?
1417 1483 1664 1526 SEMLER.
1707 1483 1819 1526 Alio-

413 1543 512 1600 quin
544 1543 786 1587 adverbium
818 1557 910 1585 cum
943 1550 1160 1585 concutere
1191 1541 1510 1583 construendum
1544 1540 1666 1583 foret.
1733 1541 1818 1584 Sed

413 1602 588 1644 fortasse
608 1601 883 1649 scribendum,
904 1609 944 1643 et
964 1599 1164 1642 seditione
1185 1613 1251 1641 res
1258 1600 1511 1654 frequenter
1531 1606 1571 1640 et
1590 1598 1698 1640 bello
1722 1613 1818 1642 eon-

412 1667 565 1709 eutere,
586 1674 662 1715 pro
682 1667 722 1702 et
741 1658 963 1701 seditiones
970 1659 1223 1713 frequenter
1242 1664 1282 1699 et
1302 1655 1411 1698 bella
1430 1664 1659 1699 concutere.

472 1717 519 1758 P.
547 1720 636 1772 163.
659 1717 685 1758 l.
705 1719 746 1759 6.
780 1731 831 1758 nc
862 1715 953 1772 quis
983 1714 1228 1757 confiteatur
1257 1714 1300 1755 in
1332 1713 1539 1756 Simonem
1571 1712 1815 1771 credidisse]
1833 1731 1881 1770 25

414 1774 532 1816 Fors,
554 1774 850 1830 reponendum,
880 1773 1148 1828 conficiatur,
1172 1770 1215 1813 h.
1237 1785 1274 1813 c.
1297 1770 1528 1827 colligatur,
1557 1771 1633 1821 vel,
1656 1770 1816 1814 conclu-

412 1832 549 1874 datur.

473 1889 578 1931 Ibid.
611 1889 636 1930 l.
666 1902 727 1945 ¹3·
762 1902 814 1931 cx
846 1889 923 1931 hac
954 1886 1241 1944 permixtione,
1275 1885 1409 1943 pudor
1439 1892 1502 1928 cst
1539 1884 1676 1928 dicere
1711 1899 1818 1941 quac

412 1947 534 1990 foeda
562 1953 606 1989 et
635 1946 846 1989 immunda,
875 1951 971 1988 sunt
1010 1950 1054 1987 ct
1089 1950 1229 1987 cetera
1262 1944 1491 1993 obscoena3
1532 1957 1673 1985 omnes
1708 1942 1816 1985 enim

412 2005 544 2047 refert
567 2004 767 2061 quosdam
796 2002 1064 2061 turpitudinis
1090 2007 1222 2051 natos,
1253 2000 1351 2056 &c.]
1388 2001 1455 2043 Ita
1485 2016 1528 2043 se
1558 2000 1686 2043 habet
1715 1999 1814 2043 edit.
1829 2021 1881 2058 30

412 2062 615 2119 princeps.
679 2060 729 2103 In
756 2061 853 2104 edit.
884 2059 1076 2103 Rhenani
1101 2059 1172 2102 ult.
1202 2059 1332 2101 Paris.
1354 2064 1532 2115 utraque
1562 2063 1605 2101 ct
1636 2057 1815 2100 Franek.

411 2128 510 2162 sunt
530 2134 622 2162 cum
643 2118 908 2175 sequentibus
957 2117 1105 2161 ositum
1133 2124 1209 2160 est.
1271 2117 1319 2158 In
1347 2116 1456 2158 hunc
1483 2120 1622 2158 autem
1650 2115 1815 2158 modum

413 2178 544 2220 locum
573 2176 901 2234 repraesentavit
923 2133 1143 2233 iiigamus,
1164 2175 1236 2217 Ex
1262 2175 1344 2217 hae
1363 2174 1651 2230 permixtione
1670 2174 1817 2229 pudor

411 2244 472 2278 est
503 2237 646 2278 dicere
675 2249 785 2291 quae
802 2235 944 2291 focula
972 2242 1011 2276 et
1041 2233 1267 2275 immunda
1296 2239 1408 2274 sunt.
1468 2232 1676 2274 Homines
1704 2231 1817 2274 enim

412 2294 541 2348 refert
562 2293 770 2349 thedam
791 2292 1080 2348 turpitudinis
1099 2298 1237 2332 natos.
1283 2289 1419 2341 Quum
1437 2303 1535 2331 vcro
1557 2287 1694 2330 omnia
1713 2288 1815 2330 haec
1828 2301 1880 2339 35

411 2358 454 2393 ct
477 2350 599 2407 plura
619 2356 711 2407 post
732 2363 851 2392 voces
870 2364 920 2391 ex
940 2349 1023 2391 hac
1037 2347 1322 2404 permixtione
1343 2360 1470 2402 usquc
1491 2345 1545 2388 ad
1566 2345 1670 2395 illas,
1691 2353 1816 2389 natos

407 2416 634 2463 praeterea
654 2409 891 2456 daemones,
913 2408 1199 2460 παρινθετικῶς
1218 2404 1416 2446 collocata
1435 2402 1666 2451 videantur,
1683 2408 1814 2446 totum

413 2467 543 2509 locum
569 2465 689 2508 velim
717 2464 777 2508 ita
802 2464 905 2507 rofin
937 2477 1008 2506 cro
1038 2469 1163 2518 atquc
1193 2461 1474 2518 distinguere:
1512 2461 1584 2503 E'oe
1610 2461 1692 2503 hae
1714 2475 1816 2517 per-

411 2525 614 2567 ·miaetione
633 2524 792 2579 (ynulor
811 2530 871 2565 est
892 2478 1046 2569 ficere,
1067 2534 1190 2576 quae¹
1191 2520 1325 2574 foeda
1345 2526 1383 2562 et
1404 2519 1642 2560 immunda.
1705 2518 1815 2561 Sunt

410 2590 448 2623 cet
464 2590 636 2625 caetera
650 2581 875 2628 obscoena,-
897 2592 1016 2621 omne
1032 2578 1145 2620 enim
1159 2577 1289 2632 refert
1310 2575 1507 2633 quasdam
1526 2576 1815 2631 turpitudinis
1828 2593 1878 2627 40

412 2646 542 2688 notas,
550 2647 589 2682 ct
602 2654 692 2681 com
710 2639 854 2686 ›lea-ue,
867 2645 905 2680 et
914 2635 1220 2693 permixtiones
1232 2634 1501 2684 execrabiles,
1510 2634 1814 2732 obscoenasyue

411 2698 657 2751 ooraejnnetwt
670 2696 685 2752 [
703 2710 764 2737 noc
777 2701 852 2744 cst,
861 2692 1200 2750 conjunctiones}
1209 2700 1246 2734 et
1260 2692 1474 2748 quaedam
1488 2706 1538 2734 em
1550 2691 1659 2747 ipsis
1671 2691 1732 2733 ad
1747 2705 1814 2733 tuc

413 2755 643 2810 turpior-ca)
662 2762 786 2795 natos
803 2760 1029 2809 praeterea
1049 2751 1272 2794 daemones
1287 2758 1325 2791 et
1347 2750 1445 2791 deos
1465 2748 1539 2790 διο.
1602 2747 1693 2790 1100
1714 2747 1814 2790 mihi

412 2811 575 2866 quidem
608 2812 751 2866 placet.
816 2809 898 2852 sod
925 2807 1141 2862 lligaltius,
1166 2806 1234 2862 qui
1258 2807 1342 2863 ipso
1364 2807 1551 2848 homines
1579 2819 1653 2860 pro
1675 2819 1814 2847 omnes
