<?xml version="1.0" encoding="UTF-8"?>
<!DOCTYPE html PUBLIC "-//W3C//DTD XHTML 1.0 Transitional//EN"
    "http://www.w3.org/TR/xhtml1/DTD/xhtml1-transitional.dtd">
<html xmlns="http://www.w3.org/1999/xhtml" xml:lang="en" lang="en">
 <head>
  <title>
</title>
<meta http-equiv="Content-Type" content="text/html;charset=utf-8" />
  <meta name='ocr-system' content='tesseract 3.04.00' />
  <meta name='ocr-capabilities' content='ocr_page ocr_carea ocr_par ocr_line ocrx_word'/>
</head>
<body>
  <div class='ocr_page' id='page_1' title='image "./scriptorumeccles01rout_0216.png"; bbox 0 0 2034 3204; ppageno 0'>
   <div class='ocr_carea' id='block_1_1' title="bbox 421 221 1386 267">
    <p class='ocr_par' dir='ltr' id='par_1_1' title="bbox 421 221 1386 267">
     <span class='ocr_line' id='line_1_1' title="bbox 421 221 1386 267; baseline 0.005 -6"><span class='ocrx_word' id='word_1_1' title='bbox 421 221 507 262; x_wconf 73' lang='lat'>200</span> <span class='ocrx_word' id='word_1_2' title='bbox 861 223 1386 267; x_wconf 85' lang='lat' dir='ltr'><strong>ANNOTATIONES</strong></span> 
     </span>
    </p>
   </div>
   <div class='ocr_carea' id='block_1_2' title="bbox 403 328 1891 2919">
    <p class='ocr_par' dir='ltr' id='par_1_2' title="bbox 417 328 1860 847">
     <span class='ocr_line' id='line_1_2' title="bbox 420 328 1825 390; baseline 0.005 -20"><span class='ocrx_word' id='word_1_3' title='bbox 420 328 502 371; x_wconf 90' lang='lat' dir='ltr'>suit</span> <span class='ocrx_word' id='word_1_4' title='bbox 527 331 764 373; x_wconf 73' lang='lat' dir='ltr'>catholicae</span> <span class='ocrx_word' id='word_1_5' title='bbox 785 330 993 388; x_wconf 86' lang='lat' dir='ltr'>Rigaltius</span> <span class='ocrx_word' id='word_1_6' title='bbox 1021 347 1072 375; x_wconf 87' lang='lat' dir='ltr'>ex</span> <span class='ocrx_word' id='word_1_7' title='bbox 1096 333 1247 376; x_wconf 82' lang='lat' dir='ltr'>Codice</span> <span class='ocrx_word' id='word_1_8' title='bbox 1273 333 1444 390; x_wconf 88' lang='lat' dir='ltr'>antiquo</span> <span class='ocrx_word' id='word_1_9' title='bbox 1465 333 1507 376; x_wconf 89' lang='lat' dir='ltr'>h.</span> <span class='ocrx_word' id='word_1_10' title='bbox 1524 347 1558 375; x_wconf 89' lang='lat' dir='ltr'>e.</span> <span class='ocrx_word' id='word_1_11' title='bbox 1585 335 1825 378; x_wconf 77' lang='lat' dir='ltr'>catholicae</span> 
     </span>
     <span class='ocr_line' id='line_1_3' title="bbox 418 387 1825 447; baseline 0.004 -19"><span class='ocrx_word' id='word_1_12' title='bbox 418 387 640 430; x_wconf 70' lang='lat' dir='ltr'>Ecclesiae</span> <span class='ocrx_word' id='word_1_13' title='bbox 657 402 734 444; x_wconf 88' lang='lat' dir='ltr'>per</span> <span class='ocrx_word' id='word_1_14' title='bbox 753 389 962 432; x_wconf 83' lang='lat' dir='ltr'>solennem</span> <span class='ocrx_word' id='word_1_15' title='bbox 983 390 1168 447; x_wconf 82' lang='lat' dir='ltr'>ellipsim.</span> <span class='ocrx_word' id='word_1_16' title='bbox 1214 390 1287 433; x_wconf 91' lang='lat' dir='ltr'>Ait</span> <span class='ocrx_word' id='word_1_17' title='bbox 1305 406 1406 433; x_wconf 87' lang='lat' dir='ltr'>vero</span> <span class='ocrx_word' id='word_1_18' title='bbox 1423 390 1632 434; x_wconf 84' lang='lat' dir='ltr'>Semlerus</span> <span class='ocrx_word' id='word_1_19' title='bbox 1653 391 1697 433; x_wconf 92' lang='lat' dir='ltr'>in</span> <span class='ocrx_word' id='word_1_20' title='bbox 1716 391 1825 434; x_wconf 89' lang='lat' dir='ltr'>notis</span> 
     </span>
     <span class='ocr_line' id='line_1_4' title="bbox 418 443 1825 505; baseline 0.004 -20"><span class='ocrx_word' id='word_1_21' title='bbox 418 443 475 486; x_wconf 87' lang='lat' dir='ltr'>ad</span> <span class='ocrx_word' id='word_1_22' title='bbox 501 444 599 487; x_wconf 90' lang='lat' dir='ltr'>edit.</span> <span class='ocrx_word' id='word_1_23' title='bbox 621 459 737 487; x_wconf 85' lang='lat' dir='ltr'>suam</span> <span class='ocrx_word' id='word_1_24' title='bbox 751 446 996 499; x_wconf 70' lang='lat' dir='ltr'>Halemem,</span> <span class='ocrx_word' id='word_1_25' title='bbox 1017 447 1061 489; x_wconf 92' lang='lat' dir='ltr'>in</span> <span class='ocrx_word' id='word_1_26' title='bbox 1081 447 1326 503; x_wconf 84' lang='lat' dir='ltr'>quibusdam</span> <span class='ocrx_word' id='word_1_27' title='bbox 1352 448 1531 505; x_wconf 83' lang='lat' dir='ltr'><strong>antiquis</strong></span> <span class='ocrx_word' id='word_1_28' title='bbox 1557 448 1673 491; x_wconf 91' lang='lat' dir='ltr'>libris</span> <span class='ocrx_word' id='word_1_29' title='bbox 1699 449 1825 492; x_wconf 82' lang='lat' dir='ltr'><strong>scribi</strong></span> 
     </span>
     <span class='ocr_line' id='line_1_5' title="bbox 420 503 1824 562; baseline 0.004 -19"><span class='ocrx_word' id='word_1_30' title='bbox 420 503 671 552; x_wconf 73' lang='lat' dir='ltr'>catholicae,</span> <span class='ocrx_word' id='word_1_31' title='bbox 694 517 783 545; x_wconf 88' lang='lat' dir='ltr'>esse</span> <span class='ocrx_word' id='word_1_32' title='bbox 807 510 946 547; x_wconf 87' lang='lat' dir='ltr'>autem</span> <span class='ocrx_word' id='word_1_33' title='bbox 973 505 1164 561; x_wconf 80' lang='lat' dir='ltr'>glossam,</span> <span class='ocrx_word' id='word_1_34' title='bbox 1185 520 1293 562; x_wconf 83' lang='lat' dir='ltr'>quae</span> <span class='ocrx_word' id='word_1_35' title='bbox 1316 505 1499 562; x_wconf 79' lang='lat' dir='ltr'>pertinet</span> <span class='ocrx_word' id='word_1_36' title='bbox 1518 507 1572 549; x_wconf 84' lang='lat' dir='ltr'>ad</span> <span class='ocrx_word' id='word_1_37' title='bbox 1592 507 1676 549; x_wconf 75' lang='lat' dir='ltr'><em>illi.</em></span> <span class='ocrx_word' id='word_1_38' title='bbox 1739 507 1824 550; x_wconf 88' lang='lat' dir='ltr'>Sed</span> 
     </span>
     <span class='ocr_line' id='line_1_6' title="bbox 419 560 1860 619; baseline 0.005 -19"><span class='ocrx_word' id='word_1_39' title='bbox 419 564 603 601; x_wconf 86' lang='lat' dir='ltr'>veterem</span> <span class='ocrx_word' id='word_1_40' title='bbox 632 560 880 617; x_wconf 81' lang='lat' dir='ltr'>scripturam</span> <span class='ocrx_word' id='word_1_41' title='bbox 904 564 1124 611; x_wconf 73' lang='lat' dir='ltr'>catholice,</span> <span class='ocrx_word' id='word_1_42' title='bbox 1146 563 1374 619; x_wconf 88' lang='lat' dir='ltr'>oppositam</span> <span class='ocrx_word' id='word_1_43' title='bbox 1405 563 1464 605; x_wconf 91' lang='lat' dir='ltr'>illi</span> <span class='ocrx_word' id='word_1_44' title='bbox 1489 565 1604 607; x_wconf 79' lang='lat' dir='ltr'>inter</span> <span class='ocrx_word' id='word_1_45' title='bbox 1626 565 1824 608; x_wconf 76' lang='lat' dir='ltr'>donwsti-</span> <span class='ocrx_word' id='word_1_46' title='bbox 1837 578 1860 617; x_wconf 90' lang='lat'>5</span> 
     </span>
     <span class='ocr_line' id='line_1_7' title="bbox 418 617 1824 675; baseline 0.004 -17"><span class='ocrx_word' id='word_1_47' title='bbox 418 630 500 666; x_wconf 75' lang='lat' dir='ltr'>cos,</span> <span class='ocrx_word' id='word_1_48' title='bbox 529 617 692 674; x_wconf 90' lang='lat' dir='ltr'>Lupum</span> <span class='ocrx_word' id='word_1_49' title='bbox 722 624 847 675; x_wconf 87' lang='lat' dir='ltr'>atque</span> <span class='ocrx_word' id='word_1_50' title='bbox 875 619 1140 661; x_wconf 87' lang='lat' dir='ltr'>Thomasium</span> <span class='ocrx_word' id='word_1_51' title='bbox 1171 626 1335 663; x_wconf 89' lang='lat' dir='ltr'>secutus</span> <span class='ocrx_word' id='word_1_52' title='bbox 1363 621 1565 663; x_wconf 81' lang='lat' dir='ltr'>revocavi.</span> <span class='ocrx_word' id='word_1_53' title='bbox 1627 622 1824 664; x_wconf 85' lang='lat' dir='ltr'>Ceterum</span> 
     </span>
     <span class='ocr_line' id='line_1_8' title="bbox 417 673 1822 731; baseline 0.006 -17"><span class='ocrx_word' id='word_1_54' title='bbox 417 673 588 716; x_wconf 89' lang='lat' dir='ltr'>inferius</span> <span class='ocrx_word' id='word_1_55' title='bbox 608 675 852 731; x_wconf 82' lang='lat' dir='ltr'>particulam</span> <span class='ocrx_word' id='word_1_56' title='bbox 869 684 908 719; x_wconf 78' lang='lat' dir='ltr'>et</span> <span class='ocrx_word' id='word_1_57' title='bbox 927 682 1025 719; x_wconf 88' lang='lat' dir='ltr'>ante</span> <span class='ocrx_word' id='word_1_58' title='bbox 1041 691 1160 719; x_wconf 87' lang='lat' dir='ltr'>voces</span> <span class='ocrx_word' id='word_1_59' title='bbox 1175 679 1315 720; x_wconf 79' lang='lat' dir='ltr'>aliam</span> <span class='ocrx_word' id='word_1_60' title='bbox 1335 678 1501 721; x_wconf 69' lang='lat' dir='ltr'>Christi</span> <span class='ocrx_word' id='word_1_61' title='bbox 1518 679 1822 728; x_wconf 71' lang='lat' dir='ltr'>substantiam.</span> 
     </span>
     <span class='ocr_line' id='line_1_9' title="bbox 418 732 1825 792; baseline 0.005 -20"><span class='ocrx_word' id='word_1_62' title='bbox 418 736 462 772; x_wconf 88' lang='lat' dir='ltr'>et</span> <span class='ocrx_word' id='word_1_63' title='bbox 494 737 593 774; x_wconf 86' lang='lat' dir='ltr'>ante</span> <span class='ocrx_word' id='word_1_64' title='bbox 627 732 718 774; x_wconf 88' lang='lat' dir='ltr'>illas</span> <span class='ocrx_word' id='word_1_65' title='bbox 752 734 892 775; x_wconf 82' lang='lat' dir='ltr'>aliam</span> <span class='ocrx_word' id='word_1_66' title='bbox 926 749 1054 790; x_wconf 77' lang='lat' dir='ltr'>spem,</span> <span class='ocrx_word' id='word_1_67' title='bbox 1088 735 1290 791; x_wconf 85' lang='lat' dir='ltr'>expunxit</span> <span class='ocrx_word' id='word_1_68' title='bbox 1324 735 1546 792; x_wconf 79' lang='lat' dir='ltr'>Rigaltius,</span> <span class='ocrx_word' id='word_1_69' title='bbox 1579 736 1666 779; x_wconf 88' lang='lat' dir='ltr'>sine</span> <span class='ocrx_word' id='word_1_70' title='bbox 1701 751 1825 780; x_wconf 86' lang='lat' dir='ltr'>causa</span> 
     </span>
     <span class='ocr_line' id='line_1_10' title="bbox 418 788 1530 847; baseline 0.004 -17"><span class='ocrx_word' id='word_1_71' title='bbox 418 788 566 831; x_wconf 87' lang='lat' dir='ltr'>idonea</span> <span class='ocrx_word' id='word_1_72' title='bbox 586 790 745 846; x_wconf 85' lang='lat' dir='ltr'>opinor,</span> <span class='ocrx_word' id='word_1_73' title='bbox 767 805 901 847; x_wconf 90' lang='lat' dir='ltr'>neque</span> <span class='ocrx_word' id='word_1_74' title='bbox 920 791 964 834; x_wconf 90' lang='lat' dir='ltr'>id</span> <span class='ocrx_word' id='word_1_75' title='bbox 984 791 1169 835; x_wconf 88' lang='lat' dir='ltr'>imitatus</span> <span class='ocrx_word' id='word_1_76' title='bbox 1189 798 1252 835; x_wconf 88' lang='lat' dir='ltr'>est</span> <span class='ocrx_word' id='word_1_77' title='bbox 1272 792 1530 835; x_wconf 83' lang='lat' dir='ltr'>Thomasius.</span> 
     </span>
    </p>

    <p class='ocr_par' dir='ltr' id='par_1_3' title="bbox 417 846 1889 1005">
     <span class='ocr_line' id='line_1_11' title="bbox 476 846 1889 908; baseline 0.005 -21"><span class='ocrx_word' id='word_1_78' title='bbox 476 846 524 888; x_wconf 88' lang='lat' dir='ltr'>P.</span> <span class='ocrx_word' id='word_1_79' title='bbox 550 860 642 901; x_wconf 89' lang='lat'><strong>¹44·</strong></span> <span class='ocrx_word' id='word_1_80' title='bbox 663 847 690 889; x_wconf 93' lang='lat'>1.</span> <span class='ocrx_word' id='word_1_81' title='bbox 713 860 746 888; x_wconf 88' lang='lat'>1.</span> <span class='ocrx_word' id='word_1_82' title='bbox 770 854 825 897; x_wconf 88' lang='lat' dir='ltr'>et,</span> <span class='ocrx_word' id='word_1_83' title='bbox 853 849 962 891; x_wconf 85' lang='lat' dir='ltr'>Tam</span> <span class='ocrx_word' id='word_1_84' title='bbox 992 848 1088 892; x_wconf 83' lang='lat' dir='ltr'>bene</span> <span class='ocrx_word' id='word_1_85' title='bbox 1117 850 1379 908; x_wconf 74' lang='lat' dir='ltr'>currebatis]</span> <span class='ocrx_word' id='word_1_86' title='bbox 1411 850 1482 893; x_wconf 93' lang='lat' dir='ltr'>Ait</span> <span class='ocrx_word' id='word_1_87' title='bbox 1505 850 1727 900; x_wconf 78' lang='lat' dir='ltr'>Senssems,</span> <span class='ocrx_word' id='word_1_88' title='bbox 1747 851 1824 893; x_wconf 84' lang='lat' dir='ltr'>Ju-</span> <span class='ocrx_word' id='word_1_89' title='bbox 1841 869 1889 894; x_wconf 89' lang='lat'>10</span> 
     </span>
     <span class='ocr_line' id='line_1_12' title="bbox 417 903 1825 963; baseline 0.004 -19"><span class='ocrx_word' id='word_1_90' title='bbox 417 903 530 945; x_wconf 90' lang='lat' dir='ltr'>nium</span> <span class='ocrx_word' id='word_1_91' title='bbox 560 918 728 947; x_wconf 89' lang='lat' dir='ltr'>censere</span> <span class='ocrx_word' id='word_1_92' title='bbox 757 906 978 963; x_wconf 84' lang='lat' dir='ltr'>legendum</span> <span class='ocrx_word' id='word_1_93' title='bbox 1009 909 1111 950; x_wconf 80' lang='lat' dir='ltr'>item</span> <span class='ocrx_word' id='word_1_94' title='bbox 1123 923 1138 956; x_wconf 91' lang='lat'>,·</span> <span class='ocrx_word' id='word_1_95' title='bbox 1169 907 1272 950; x_wconf 92' lang='lat' dir='ltr'>illud</span> <span class='ocrx_word' id='word_1_96' title='bbox 1301 914 1460 950; x_wconf 89' lang='lat' dir='ltr'>certum</span> <span class='ocrx_word' id='word_1_97' title='bbox 1491 921 1594 958; x_wconf 87' lang='lat' dir='ltr'>esse,</span> <span class='ocrx_word' id='word_1_98' title='bbox 1621 916 1712 950; x_wconf 77' lang='lat' dir='ltr'>tam</span> <span class='ocrx_word' id='word_1_99' title='bbox 1742 922 1825 950; x_wconf 91' lang='lat' dir='ltr'>non</span> 
     </span>
     <span class='ocr_line' id='line_1_13' title="bbox 418 961 863 1005; baseline 0.007 -3"><span class='ocrx_word' id='word_1_100' title='bbox 418 966 584 1003; x_wconf 83' lang='lat' dir='ltr'>exstare</span> <span class='ocrx_word' id='word_1_101' title='bbox 605 961 648 1003; x_wconf 93' lang='lat' dir='ltr'>in</span> <span class='ocrx_word' id='word_1_102' title='bbox 670 962 808 1005; x_wconf 83' lang='lat' dir='ltr'>Galat.</span> <span class='ocrx_word' id='word_1_103' title='bbox 825 978 863 1005; x_wconf 89' lang='lat' dir='ltr'>v.</span> 
     </span>
    </p>

    <p class='ocr_par' dir='ltr' id='par_1_4' title="bbox 417 1017 1888 1189">
     <span class='ocr_line' id='line_1_14' title="bbox 477 1017 1825 1078; baseline 0.005 -19"><span class='ocrx_word' id='word_1_104' title='bbox 477 1017 581 1061; x_wconf 90' lang='lat' dir='ltr'>Ibid.</span> <span class='ocrx_word' id='word_1_105' title='bbox 603 1019 630 1061; x_wconf 93' lang='lat' dir='ltr'>l.</span> <span class='ocrx_word' id='word_1_106' title='bbox 652 1033 693 1072; x_wconf 89' lang='lat'>4.</span> <span class='ocrx_word' id='word_1_107' title='bbox 714 1022 791 1076; x_wconf 80' lang='lat' dir='ltr'>qui</span> <span class='ocrx_word' id='word_1_108' title='bbox 810 1035 883 1063; x_wconf 78' lang='lat' dir='ltr'>vos</span> <span class='ocrx_word' id='word_1_109' title='bbox 905 1022 1094 1076; x_wconf 78' lang='lat' dir='ltr'>vocavit]</span> <span class='ocrx_word' id='word_1_110' title='bbox 1129 1022 1284 1070; x_wconf 83' lang='lat' dir='ltr'>Habet,</span> <span class='ocrx_word' id='word_1_111' title='bbox 1305 1022 1380 1064; x_wconf 85' lang='lat' dir='ltr'>sed</span> <span class='ocrx_word' id='word_1_112' title='bbox 1406 1023 1543 1065; x_wconf 83' lang='lat' dir='ltr'>nescio</span> <span class='ocrx_word' id='word_1_113' title='bbox 1563 1036 1706 1078; x_wconf 86' lang='lat' dir='ltr'>quare,</span> <span class='ocrx_word' id='word_1_114' title='bbox 1727 1037 1825 1066; x_wconf 81' lang='lat' dir='ltr'>suos</span> 
     </span>
     <span class='ocr_line' id='line_1_15' title="bbox 417 1077 1824 1137; baseline 0.004 -20"><span class='ocrx_word' id='word_1_115' title='bbox 417 1090 500 1117; x_wconf 89' lang='lat' dir='ltr'>non</span> <span class='ocrx_word' id='word_1_116' title='bbox 529 1091 602 1119; x_wconf 78' lang='lat' dir='ltr'>vos</span> <span class='ocrx_word' id='word_1_117' title='bbox 630 1077 673 1118; x_wconf 92' lang='lat' dir='ltr'>in</span> <span class='ocrx_word' id='word_1_118' title='bbox 703 1084 880 1134; x_wconf 88' lang='lat' dir='ltr'>utraque</span> <span class='ocrx_word' id='word_1_119' title='bbox 909 1093 985 1121; x_wconf 88' lang='lat' dir='ltr'>sua</span> <span class='ocrx_word' id='word_1_120' title='bbox 1014 1079 1194 1121; x_wconf 86' lang='lat' dir='ltr'>editione</span> <span class='ocrx_word' id='word_1_121' title='bbox 1223 1079 1443 1137; x_wconf 85' lang='lat' dir='ltr'>Rigaltius.</span> <span class='ocrx_word' id='word_1_122' title='bbox 1505 1081 1609 1123; x_wconf 87' lang='lat' dir='ltr'>Cum</span> <span class='ocrx_word' id='word_1_123' title='bbox 1633 1080 1751 1137; x_wconf 90' lang='lat' dir='ltr'>Lupo</span> <span class='ocrx_word' id='word_1_124' title='bbox 1781 1085 1824 1123; x_wconf 88' lang='lat' dir='ltr'>et</span> 
     </span>
     <span class='ocr_line' id='line_1_16' title="bbox 417 1133 1888 1189; baseline 0.007 -15"><span class='ocrx_word' id='word_1_125' title='bbox 417 1133 639 1176; x_wconf 84' lang='lat' dir='ltr'>Thomasio</span> <span class='ocrx_word' id='word_1_126' title='bbox 659 1150 732 1178; x_wconf 77' lang='lat' dir='ltr'>vos</span> <span class='ocrx_word' id='word_1_127' title='bbox 752 1135 926 1178; x_wconf 87' lang='lat' dir='ltr'>restitui.</span> <span class='ocrx_word' id='word_1_128' title='bbox 1841 1150 1888 1189; x_wconf 89' lang='lat'>15</span> 
     </span>
    </p>

    <p class='ocr_par' dir='ltr' id='par_1_5' title="bbox 415 1191 1825 1421">
     <span class='ocr_line' id='line_1_17' title="bbox 482 1191 1825 1245; baseline 0.003 -12"><span class='ocrx_word' id='word_1_129' title='bbox 482 1191 588 1233; x_wconf 92' lang='lat' dir='ltr'>Ibid.</span> <span class='ocrx_word' id='word_1_130' title='bbox 617 1192 644 1234; x_wconf 93' lang='grc'>1.</span> <span class='ocrx_word' id='word_1_131' title='bbox 675 1205 741 1245; x_wconf 82' lang='lat'>24.</span> <span class='ocrx_word' id='word_1_132' title='bbox 779 1193 930 1235; x_wconf 87' lang='lat' dir='ltr'>Nullus</span> <span class='ocrx_word' id='word_1_133' title='bbox 969 1193 1078 1236; x_wconf 90' lang='lat' dir='ltr'>inter</span> <span class='ocrx_word' id='word_1_134' title='bbox 1113 1194 1263 1236; x_wconf 92' lang='lat' dir='ltr'>multos</span> <span class='ocrx_word' id='word_1_135' title='bbox 1303 1200 1475 1237; x_wconf 89' lang='lat' dir='ltr'>eventus</span> <span class='ocrx_word' id='word_1_136' title='bbox 1509 1209 1641 1237; x_wconf 90' lang='lat' dir='ltr'>unus:</span> <span class='ocrx_word' id='word_1_137' title='bbox 1689 1194 1825 1238; x_wconf 84' lang='lat' dir='ltr'>exitus</span> 
     </span>
     <span class='ocr_line' id='line_1_18' title="bbox 417 1248 1824 1308; baseline 0.004 -18"><span class='ocrx_word' id='word_1_138' title='bbox 417 1248 596 1291; x_wconf 83' lang='lat' dir='ltr'>variasse</span> <span class='ocrx_word' id='word_1_139' title='bbox 631 1250 834 1293; x_wconf 84' lang='lat' dir='ltr'>debuerat</span> <span class='ocrx_word' id='word_1_140' title='bbox 873 1251 1058 1293; x_wconf 86' lang='lat' dir='ltr'>ordinem</span> <span class='ocrx_word' id='word_1_141' title='bbox 1095 1250 1309 1293; x_wconf 88' lang='lat' dir='ltr'>doctrinae</span> <span class='ocrx_word' id='word_1_142' title='bbox 1344 1251 1637 1308; x_wconf 88' lang='lat' dir='ltr'>Ecclesiarum]</span> <span class='ocrx_word' id='word_1_143' title='bbox 1679 1253 1747 1295; x_wconf 81' lang='lat' dir='ltr'>Ita</span> <span class='ocrx_word' id='word_1_144' title='bbox 1779 1267 1824 1295; x_wconf 87' lang='lat' dir='ltr'>se</span> 
     </span>
     <span class='ocr_line' id='line_1_19' title="bbox 415 1306 1822 1365; baseline 0.003 -17"><span class='ocrx_word' id='word_1_145' title='bbox 415 1306 572 1349; x_wconf 90' lang='lat' dir='ltr'>habent</span> <span class='ocrx_word' id='word_1_146' title='bbox 591 1307 791 1350; x_wconf 86' lang='lat' dir='ltr'>editiones</span> <span class='ocrx_word' id='word_1_147' title='bbox 811 1308 1030 1365; x_wconf 88' lang='lat' dir='ltr'>principes,</span> <span class='ocrx_word' id='word_1_148' title='bbox 1052 1308 1137 1351; x_wconf 88' lang='lat' dir='ltr'>sive</span> <span class='ocrx_word' id='word_1_149' title='bbox 1158 1308 1469 1352; x_wconf 85' lang='lat' dir='ltr'>Rhenanianae.</span> <span class='ocrx_word' id='word_1_150' title='bbox 1514 1309 1582 1352; x_wconf 86' lang='lat' dir='ltr'>Sic</span> <span class='ocrx_word' id='word_1_151' title='bbox 1602 1324 1702 1352; x_wconf 86' lang='lat' dir='ltr'>vero</span> <span class='ocrx_word' id='word_1_152' title='bbox 1721 1309 1822 1353; x_wconf 89' lang='lat' dir='ltr'>edit.</span> 
     </span>
     <span class='ocr_line' id='line_1_20' title="bbox 416 1363 1823 1421; baseline 0.004 -16"><span class='ocrx_word' id='word_1_153' title='bbox 416 1363 547 1406; x_wconf 88' lang='lat' dir='ltr'>Paris.</span> <span class='ocrx_word' id='word_1_154' title='bbox 576 1364 722 1421; x_wconf 87' lang='lat' dir='ltr'>prima,</span> <span class='ocrx_word' id='word_1_155' title='bbox 756 1372 767 1391; x_wconf 91' lang='lat'>‘</span> <span class='ocrx_word' id='word_1_156' title='bbox 782 1366 932 1408; x_wconf 90' lang='lat' dir='ltr'>Nullus</span> <span class='ocrx_word' id='word_1_157' title='bbox 966 1366 1075 1409; x_wconf 88' lang='lat' dir='ltr'>inter</span> <span class='ocrx_word' id='word_1_158' title='bbox 1106 1367 1257 1409; x_wconf 87' lang='lat' dir='ltr'>multos</span> <span class='ocrx_word' id='word_1_159' title='bbox 1292 1373 1463 1410; x_wconf 86' lang='lat' dir='ltr'>eventus</span> <span class='ocrx_word' id='word_1_160' title='bbox 1498 1373 1574 1417; x_wconf 89' lang='lat' dir='ltr'>est,</span> <span class='ocrx_word' id='word_1_161' title='bbox 1607 1381 1712 1410; x_wconf 90' lang='lat' dir='ltr'>unus</span> <span class='ocrx_word' id='word_1_162' title='bbox 1746 1373 1823 1411; x_wconf 84' lang='lat' dir='ltr'>est.</span> 
     </span>
    </p>

    <p class='ocr_par' dir='ltr' id='par_1_6' title="bbox 416 1421 1891 1583">
     <span class='ocr_line' id='line_1_21' title="bbox 418 1421 1891 1482; baseline 0.003 -19"><span class='ocrx_word' id='word_1_163' title='bbox 418 1428 428 1444; x_wconf 85' lang='lat'>‘</span> <span class='ocrx_word' id='word_1_164' title='bbox 446 1421 595 1464; x_wconf 83' lang='lat' dir='ltr'>Exitus</span> <span class='ocrx_word' id='word_1_165' title='bbox 608 1422 788 1465; x_wconf 86' lang='lat' dir='ltr'>variasse</span> <span class='ocrx_word' id='word_1_166' title='bbox 808 1423 1012 1466; x_wconf 86' lang='lat' dir='ltr'>debuerat</span> <span class='ocrx_word' id='word_1_167' title='bbox 1032 1423 1218 1466; x_wconf 86' lang='lat' dir='ltr'>ordinem</span> <span class='ocrx_word' id='word_1_168' title='bbox 1242 1423 1384 1481; x_wconf 80' lang='lat' dir='ltr'>[error</span> <span class='ocrx_word' id='word_1_169' title='bbox 1399 1438 1485 1467; x_wconf 87' lang='lat' dir='ltr'>var.</span> <span class='ocrx_word' id='word_1_170' title='bbox 1502 1425 1597 1467; x_wconf 86' lang='lat' dir='ltr'>lect.</span> <span class='ocrx_word' id='word_1_171' title='bbox 1610 1425 1666 1467; x_wconf 87' lang='lat' dir='ltr'>ad</span> <span class='ocrx_word' id='word_1_172' title='bbox 1685 1426 1818 1482; x_wconf 89' lang='lat' dir='ltr'>oram]</span> <span class='ocrx_word' id='word_1_173' title='bbox 1839 1441 1891 1467; x_wconf 87' lang='lat'>20</span> 
     </span>
     <span class='ocr_line' id='line_1_22' title="bbox 416 1478 1825 1526; baseline 0.004 -6"><span class='ocrx_word' id='word_1_174' title='bbox 416 1484 428 1503; x_wconf 90' lang='lat'>‘</span> <span class='ocrx_word' id='word_1_175' title='bbox 446 1478 658 1522; x_wconf 85' lang='lat' dir='ltr'>doctrinae</span> <span class='ocrx_word' id='word_1_176' title='bbox 679 1481 982 1524; x_wconf 86' lang='lat' dir='ltr'>Ecclesiarum.&#39;</span> <span class='ocrx_word' id='word_1_177' title='bbox 1042 1482 1264 1524; x_wconf 88' lang='lat' dir='ltr'>Praestant</span> <span class='ocrx_word' id='word_1_178' title='bbox 1287 1481 1405 1524; x_wconf 86' lang='lat' dir='ltr'>editt.</span> <span class='ocrx_word' id='word_1_179' title='bbox 1427 1482 1558 1524; x_wconf 86' lang='lat' dir='ltr'>Paris.</span> <span class='ocrx_word' id='word_1_180' title='bbox 1581 1482 1762 1525; x_wconf 84' lang='lat' dir='ltr'>secunda</span> <span class='ocrx_word' id='word_1_181' title='bbox 1780 1488 1825 1526; x_wconf 89' lang='lat' dir='ltr'>et</span> 
     </span>
     <span class='ocr_line' id='line_1_23' title="bbox 418 1536 1825 1583; baseline 0.004 -6"><span class='ocrx_word' id='word_1_182' title='bbox 418 1536 598 1579; x_wconf 85' lang='lat' dir='ltr'>Franek.</span> <span class='ocrx_word' id='word_1_183' title='bbox 634 1542 647 1563; x_wconf 87' lang='lat'>‘</span> <span class='ocrx_word' id='word_1_184' title='bbox 661 1538 810 1580; x_wconf 91' lang='lat' dir='ltr'>Nullus</span> <span class='ocrx_word' id='word_1_185' title='bbox 837 1538 946 1581; x_wconf 89' lang='lat' dir='ltr'>inter</span> <span class='ocrx_word' id='word_1_186' title='bbox 966 1539 1117 1581; x_wconf 88' lang='lat' dir='ltr'>multos</span> <span class='ocrx_word' id='word_1_187' title='bbox 1141 1545 1313 1581; x_wconf 86' lang='lat' dir='ltr'>eventus</span> <span class='ocrx_word' id='word_1_188' title='bbox 1333 1545 1396 1582; x_wconf 91' lang='lat' dir='ltr'>est</span> <span class='ocrx_word' id='word_1_189' title='bbox 1415 1554 1521 1582; x_wconf 90' lang='lat' dir='ltr'>unus</span> <span class='ocrx_word' id='word_1_190' title='bbox 1541 1539 1688 1583; x_wconf 84' lang='lat' dir='ltr'>exitus.</span> <span class='ocrx_word' id='word_1_191' title='bbox 1739 1540 1825 1583; x_wconf 83' lang='lat' dir='ltr'>Va-</span> 
     </span>
    </p>

    <p class='ocr_par' dir='ltr' id='par_1_7' title="bbox 414 1594 1886 1824">
     <span class='ocr_line' id='line_1_24' title="bbox 417 1594 1823 1654; baseline 0.004 -19"><span class='ocrx_word' id='word_1_192' title='bbox 417 1601 426 1617; x_wconf 88' lang='lat'>‘</span> <span class='ocrx_word' id='word_1_193' title='bbox 445 1594 572 1636; x_wconf 85' lang='lat' dir='ltr'>riasse</span> <span class='ocrx_word' id='word_1_194' title='bbox 593 1595 796 1638; x_wconf 82' lang='lat' dir='ltr'>debuerat</span> <span class='ocrx_word' id='word_1_195' title='bbox 816 1610 934 1638; x_wconf 90' lang='lat' dir='ltr'>error</span> <span class='ocrx_word' id='word_1_196' title='bbox 951 1596 1163 1639; x_wconf 85' lang='lat' dir='ltr'>doctrinae</span> <span class='ocrx_word' id='word_1_197' title='bbox 1179 1596 1482 1640; x_wconf 86' lang='lat' dir='ltr'>Ecclesiarum.&#39;</span> <span class='ocrx_word' id='word_1_198' title='bbox 1525 1598 1642 1640; x_wconf 85' lang='lat' dir='ltr'>Haec</span> <span class='ocrx_word' id='word_1_199' title='bbox 1657 1596 1823 1654; x_wconf 88' lang='lat' dir='ltr'>quidem</span> 
     </span>
     <span class='ocr_line' id='line_1_25' title="bbox 414 1653 1824 1710; baseline 0.004 -17"><span class='ocrx_word' id='word_1_200' title='bbox 414 1658 662 1695; x_wconf 85' lang='lat' dir='ltr'>revocarunt</span> <span class='ocrx_word' id='word_1_201' title='bbox 683 1653 825 1710; x_wconf 90' lang='lat' dir='ltr'>Lupus</span> <span class='ocrx_word' id='word_1_202' title='bbox 854 1658 897 1695; x_wconf 87' lang='lat' dir='ltr'>et</span> <span class='ocrx_word' id='word_1_203' title='bbox 918 1653 1174 1702; x_wconf 82' lang='lat' dir='ltr'>Thomasius,</span> <span class='ocrx_word' id='word_1_204' title='bbox 1203 1654 1277 1696; x_wconf 90' lang='lat' dir='ltr'>sed</span> <span class='ocrx_word' id='word_1_205' title='bbox 1306 1653 1465 1697; x_wconf 90' lang='lat' dir='ltr'>monuit</span> <span class='ocrx_word' id='word_1_206' title='bbox 1494 1655 1716 1704; x_wconf 89' lang='lat' dir='ltr'>Semlerus,</span> <span class='ocrx_word' id='word_1_207' title='bbox 1747 1655 1824 1698; x_wconf 89' lang='lat' dir='ltr'>Ju-</span> 
     </span>
     <span class='ocr_line' id='line_1_26' title="bbox 414 1709 1886 1767; baseline 0 -16"><span class='ocrx_word' id='word_1_208' title='bbox 414 1709 526 1751; x_wconf 87' lang='lat' dir='ltr'>nium</span> <span class='ocrx_word' id='word_1_209' title='bbox 556 1724 639 1751; x_wconf 89' lang='lat' dir='ltr'>non</span> <span class='ocrx_word' id='word_1_210' title='bbox 670 1710 776 1753; x_wconf 87' lang='lat' dir='ltr'>male</span> <span class='ocrx_word' id='word_1_211' title='bbox 805 1711 1020 1767; x_wconf 86' lang='lat' dir='ltr'>praeferre</span> <span class='ocrx_word' id='word_1_212' title='bbox 1050 1711 1266 1753; x_wconf 87' lang='lat' dir='ltr'>lectionem</span> <span class='ocrx_word' id='word_1_213' title='bbox 1296 1711 1502 1761; x_wconf 86' lang='lat' dir='ltr'>Rhenani‚</span> <span class='ocrx_word' id='word_1_214' title='bbox 1529 1727 1602 1755; x_wconf 92' lang='lat' dir='ltr'>seu</span> <span class='ocrx_word' id='word_1_215' title='bbox 1632 1712 1823 1755; x_wconf 84' lang='lat' dir='ltr'>editionis</span> <span class='ocrx_word' id='word_1_216' title='bbox 1838 1724 1886 1762; x_wconf 80' lang='lat'>25</span> 
     </span>
     <span class='ocr_line' id='line_1_27' title="bbox 414 1766 1823 1824; baseline 0.003 -16"><span class='ocrx_word' id='word_1_217' title='bbox 414 1766 622 1824; x_wconf 86' lang='lat' dir='ltr'>principis.</span> <span class='ocrx_word' id='word_1_218' title='bbox 683 1768 737 1810; x_wconf 89' lang='lat' dir='ltr'>Ri</span> <span class='ocrx_word' id='word_1_219' title='bbox 769 1768 892 1811; x_wconf 88' lang='lat' dir='ltr'>altius</span> <span class='ocrx_word' id='word_1_220' title='bbox 912 1782 1012 1811; x_wconf 87' lang='lat' dir='ltr'>vero</span> <span class='ocrx_word' id='word_1_221' title='bbox 1040 1769 1118 1811; x_wconf 90' lang='lat' dir='ltr'>hoc</span> <span class='ocrx_word' id='word_1_222' title='bbox 1137 1769 1259 1812; x_wconf 91' lang='lat' dir='ltr'>modo</span> <span class='ocrx_word' id='word_1_223' title='bbox 1280 1769 1410 1812; x_wconf 87' lang='lat' dir='ltr'>verba</span> <span class='ocrx_word' id='word_1_224' title='bbox 1429 1770 1659 1812; x_wconf 86' lang='lat' dir='ltr'>ordinavit:</span> <span class='ocrx_word' id='word_1_225' title='bbox 1694 1777 1704 1794; x_wconf 76' lang='lat'><strong><em>⁶</em></strong></span> <span class='ocrx_word' id='word_1_226' title='bbox 1718 1770 1823 1813; x_wconf 90' lang='lat' dir='ltr'>Nul-</span> 
     </span>
    </p>

    <p class='ocr_par' dir='ltr' id='par_1_8' title="bbox 416 1824 1823 1871">
     <span class='ocr_line' id='line_1_28' title="bbox 416 1824 1823 1871; baseline 0.004 -5"><span class='ocrx_word' id='word_1_227' title='bbox 416 1832 426 1845; x_wconf 88' lang='lat'>‘</span> <span class='ocrx_word' id='word_1_228' title='bbox 444 1824 507 1866; x_wconf 91' lang='lat' dir='ltr'>lus</span> <span class='ocrx_word' id='word_1_229' title='bbox 540 1825 649 1868; x_wconf 93' lang='lat' dir='ltr'>inter</span> <span class='ocrx_word' id='word_1_230' title='bbox 682 1840 751 1868; x_wconf 90' lang='lat' dir='ltr'>mu</span> <span class='ocrx_word' id='word_1_231' title='bbox 768 1831 832 1868; x_wconf 92' lang='lat' dir='ltr'>tos</span> <span class='ocrx_word' id='word_1_232' title='bbox 867 1832 1039 1869; x_wconf 86' lang='lat' dir='ltr'>eventus</span> <span class='ocrx_word' id='word_1_233' title='bbox 1073 1840 1179 1869; x_wconf 89' lang='lat' dir='ltr'>unus</span> <span class='ocrx_word' id='word_1_234' title='bbox 1214 1832 1288 1869; x_wconf 91' lang='lat' dir='ltr'>est.</span> <span class='ocrx_word' id='word_1_235' title='bbox 1350 1827 1500 1870; x_wconf 86' lang='lat' dir='ltr'>Exitus</span> <span class='ocrx_word' id='word_1_236' title='bbox 1535 1827 1716 1870; x_wconf 85' lang='lat' dir='ltr'>variasse</span> <span class='ocrx_word' id='word_1_237' title='bbox 1751 1828 1823 1871; x_wconf 89' lang='lat' dir='ltr'>de-</span> 
     </span>
    </p>

    <p class='ocr_par' dir='ltr' id='par_1_9' title="bbox 414 1882 1823 1987">
     <span class='ocr_line' id='line_1_29' title="bbox 415 1882 1823 1951; baseline 0.003 -27"><span class='ocrx_word' id='word_1_238' title='bbox 415 1888 424 1905; x_wconf 87' lang='lat'>‘</span> <span class='ocrx_word' id='word_1_239' title='bbox 444 1882 594 1925; x_wconf 87' lang='lat' dir='ltr'>buerat</span> <span class='ocrx_word' id='word_1_240' title='bbox 614 1897 734 1925; x_wconf 87' lang='lat' dir='ltr'>error</span> <span class='ocrx_word' id='word_1_241' title='bbox 750 1883 964 1927; x_wconf 85' lang='lat' dir='ltr'>doctrinae</span> <span class='ocrx_word' id='word_1_242' title='bbox 978 1883 1282 1927; x_wconf 88' lang='lat' dir='ltr'>Ecclesiarum.&#39;</span> <span class='ocrx_word' id='word_1_243' title='bbox 1318 1884 1512 1951; x_wconf 81' lang='lat' dir='ltr'>Legerim</span> <span class='ocrx_word' id='word_1_244' title='bbox 1532 1900 1556 1928; x_wconf 92' lang='lat' dir='ltr'>e</span> <span class='ocrx_word' id='word_1_245' title='bbox 1587 1900 1625 1937; x_wconf 90' lang='lat' dir='ltr'>o,</span> <span class='ocrx_word' id='word_1_246' title='bbox 1648 1892 1658 1910; x_wconf 89' lang='lat'><em>‘</em></span> <span class='ocrx_word' id='word_1_247' title='bbox 1672 1885 1823 1929; x_wconf 91' lang='lat' dir='ltr'>Nullus</span> 
     </span>
     <span class='ocr_line' id='line_1_30' title="bbox 414 1939 1823 1987; baseline 0.003 -5"><span class='ocrx_word' id='word_1_248' title='bbox 414 1939 552 1982; x_wconf 88' lang='lat' dir='ltr'>‘inter</span> <span class='ocrx_word' id='word_1_249' title='bbox 573 1941 723 1984; x_wconf 87' lang='lat' dir='ltr'>multos</span> <span class='ocrx_word' id='word_1_250' title='bbox 753 1947 924 1984; x_wconf 90' lang='lat' dir='ltr'>eventus</span> <span class='ocrx_word' id='word_1_251' title='bbox 951 1956 1057 1984; x_wconf 90' lang='lat' dir='ltr'>unus</span> <span class='ocrx_word' id='word_1_252' title='bbox 1082 1941 1228 1985; x_wconf 88' lang='lat' dir='ltr'>exitus.</span> <span class='ocrx_word' id='word_1_253' title='bbox 1289 1942 1486 1986; x_wconf 80' lang='lat' dir='ltr'>Varlasse</span> <span class='ocrx_word' id='word_1_254' title='bbox 1506 1942 1558 1986; x_wconf 87' lang='lat' dir='ltr'>de</span> <span class='ocrx_word' id='word_1_255' title='bbox 1588 1949 1738 1987; x_wconf 81' lang='lat' dir='ltr'>nerant</span> <span class='ocrx_word' id='word_1_256' title='bbox 1756 1958 1823 1986; x_wconf 86' lang='lat' dir='ltr'>or-</span> 
     </span>
    </p>

    <p class='ocr_par' dir='ltr' id='par_1_10' title="bbox 413 1997 1887 2114">
     <span class='ocr_line' id='line_1_31' title="bbox 415 1997 1887 2055; baseline 0.001 -15"><span class='ocrx_word' id='word_1_257' title='bbox 415 2004 425 2021; x_wconf 91' lang='lat'>‘</span> <span class='ocrx_word' id='word_1_258' title='bbox 442 1997 538 2040; x_wconf 90' lang='lat' dir='ltr'>dine</span> <span class='ocrx_word' id='word_1_259' title='bbox 561 1998 621 2055; x_wconf 93' lang='lat' dir='ltr'>[h.</span> <span class='ocrx_word' id='word_1_260' title='bbox 637 2013 673 2041; x_wconf 89' lang='lat' dir='ltr'>e.</span> <span class='ocrx_word' id='word_1_261' title='bbox 689 1998 772 2041; x_wconf 87' lang='lat' dir='ltr'>alia</span> <span class='ocrx_word' id='word_1_262' title='bbox 791 2013 843 2042; x_wconf 86' lang='lat' dir='ltr'>ex</span> <span class='ocrx_word' id='word_1_263' title='bbox 864 1999 964 2055; x_wconf 86' lang='lat' dir='ltr'>alia]</span> <span class='ocrx_word' id='word_1_264' title='bbox 987 1999 1201 2043; x_wconf 85' lang='lat' dir='ltr'>doctrinae</span> <span class='ocrx_word' id='word_1_265' title='bbox 1221 1999 1525 2043; x_wconf 84' lang='lat' dir='ltr'>Ecclesiarum.&#39;</span> <span class='ocrx_word' id='word_1_266' title='bbox 1558 2001 1666 2044; x_wconf 88' lang='lat' dir='ltr'>Olim</span> <span class='ocrx_word' id='word_1_267' title='bbox 1687 2001 1822 2045; x_wconf 75' lang='lat' dir='ltr'>nullis</span> <span class='ocrx_word' id='word_1_268' title='bbox 1834 2014 1887 2052; x_wconf 86' lang='lat'>30</span> 
     </span>
     <span class='ocr_line' id='line_1_32' title="bbox 413 2055 1151 2114; baseline 0.003 -17"><span class='ocrx_word' id='word_1_269' title='bbox 413 2055 635 2113; x_wconf 84' lang='lat' dir='ltr'>legendum</span> <span class='ocrx_word' id='word_1_270' title='bbox 656 2056 789 2099; x_wconf 91' lang='lat' dir='ltr'>minus</span> <span class='ocrx_word' id='word_1_271' title='bbox 809 2062 923 2100; x_wconf 90' lang='lat' dir='ltr'>recte</span> <span class='ocrx_word' id='word_1_272' title='bbox 943 2057 1151 2114; x_wconf 90' lang='lat' dir='ltr'>proposui.</span> 
     </span>
    </p>

    <p class='ocr_par' dir='ltr' id='par_1_11' title="bbox 413 2113 1822 2286">
     <span class='ocr_line' id='line_1_33' title="bbox 471 2113 1822 2171; baseline 0.003 -16"><span class='ocrx_word' id='word_1_273' title='bbox 471 2113 519 2155; x_wconf 92' lang='lat' dir='ltr'>P.</span> <span class='ocrx_word' id='word_1_274' title='bbox 543 2126 636 2169; x_wconf 85' lang='lat'>145·</span> <span class='ocrx_word' id='word_1_275' title='bbox 662 2114 688 2156; x_wconf 95' lang='lat' dir='ltr'>l.</span> <span class='ocrx_word' id='word_1_276' title='bbox 715 2126 750 2156; x_wconf 85' lang='lat'>2.</span> <span class='ocrx_word' id='word_1_277' title='bbox 783 2119 846 2157; x_wconf 86' lang='lat' dir='ltr'>tot</span> <span class='ocrx_word' id='word_1_278' title='bbox 867 2114 1053 2166; x_wconf 87' lang='lat' dir='ltr'>virtutes,</span> <span class='ocrx_word' id='word_1_279' title='bbox 1079 2120 1143 2158; x_wconf 87' lang='lat' dir='ltr'>tot</span> <span class='ocrx_word' id='word_1_280' title='bbox 1171 2115 1440 2171; x_wconf 78' lang='lat' dir='ltr'>charismata]</span> <span class='ocrx_word' id='word_1_281' title='bbox 1476 2115 1593 2158; x_wconf 89' lang='lat' dir='ltr'>Haec</span> <span class='ocrx_word' id='word_1_282' title='bbox 1622 2115 1676 2158; x_wconf 88' lang='lat' dir='ltr'>ab</span> <span class='ocrx_word' id='word_1_283' title='bbox 1705 2115 1822 2159; x_wconf 89' lang='lat' dir='ltr'>initio</span> 
     </span>
     <span class='ocr_line' id='line_1_34' title="bbox 413 2171 1819 2270; baseline 0.003 -58"><span class='ocrx_word' id='word_1_284' title='bbox 413 2184 542 2270; x_wconf 57' lang='grc' dir='ltr'>υεἛο</span> <span class='ocrx_word' id='word_1_285' title='bbox 572 2171 627 2213; x_wconf 83' lang='lat' dir='ltr'>ad</span> <span class='ocrx_word' id='word_1_286' title='bbox 646 2171 859 2215; x_wconf 86' lang='lat' dir='ltr'>Valentini</span> <span class='ocrx_word' id='word_1_287' title='bbox 884 2172 1189 2230; x_wconf 86' lang='lat' dir='ltr'>Marcionisque</span> <span class='ocrx_word' id='word_1_288' title='bbox 1217 2178 1419 2230; x_wconf 86' lang='lat' dir='ltr'>tempora,</span> <span class='ocrx_word' id='word_1_289' title='bbox 1442 2179 1485 2216; x_wconf 90' lang='lat' dir='ltr'>et</span> <span class='ocrx_word' id='word_1_290' title='bbox 1515 2172 1585 2215; x_wconf 90' lang='lat' dir='ltr'>diu</span> <span class='ocrx_word' id='word_1_291' title='bbox 1614 2180 1709 2230; x_wconf 85' lang='lat' dir='ltr'>post</span> <span class='ocrx_word' id='word_1_292' title='bbox 1737 2174 1819 2225; x_wconf 88' lang='lat' dir='ltr'>illa,</span> 
     </span>
     <span class='ocr_line' id='line_1_35' title="bbox 413 2228 1436 2286; baseline 0.003 -16"><span class='ocrx_word' id='word_1_293' title='bbox 413 2229 454 2270; x_wconf 93' lang='lat' dir='ltr'>in</span> <span class='ocrx_word' id='word_1_294' title='bbox 515 2228 660 2271; x_wconf 85' lang='lat' dir='ltr'>eclesia</span> <span class='ocrx_word' id='word_1_295' title='bbox 680 2230 953 2286; x_wconf 82' lang='lat' dir='ltr'>permansisse</span> <span class='ocrx_word' id='word_1_296' title='bbox 972 2235 1135 2273; x_wconf 89' lang='lat' dir='ltr'>veteres</span> <span class='ocrx_word' id='word_1_297' title='bbox 1155 2229 1436 2273; x_wconf 85' lang='lat' dir='ltr'>crediderunt.</span> 
     </span>
    </p>

    <p class='ocr_par' dir='ltr' id='par_1_12' title="bbox 410 2285 1884 2517">
     <span class='ocr_line' id='line_1_36' title="bbox 475 2285 1884 2388; baseline 0.003 -61"><span class='ocrx_word' id='word_1_298' title='bbox 475 2285 580 2328; x_wconf 88' lang='lat' dir='ltr'>lbid.</span> <span class='ocrx_word' id='word_1_299' title='bbox 603 2286 630 2328; x_wconf 94' lang='lat' dir='ltr'>l.</span> <span class='ocrx_word' id='word_1_300' title='bbox 652 2299 714 2329; x_wconf 86' lang='lat'>11.</span> <span class='ocrx_word' id='word_1_301' title='bbox 735 2286 851 2344; x_wconf 91' lang='lat' dir='ltr'>prior</span> <span class='ocrx_word' id='word_1_302' title='bbox 870 2287 912 2329; x_wconf 93' lang='lat' dir='ltr'>in</span> <span class='ocrx_word' id='word_1_303' title='bbox 942 2287 1146 2388; x_wconf 47' lang='lat' dir='ltr'>doctrina&amp;</span> <span class='ocrx_word' id='word_1_304' title='bbox 1180 2287 1248 2331; x_wconf 86' lang='lat' dir='ltr'>Sic</span> <span class='ocrx_word' id='word_1_305' title='bbox 1268 2288 1335 2331; x_wconf 89' lang='lat' dir='ltr'>vul</span> <span class='ocrx_word' id='word_1_306' title='bbox 1368 2302 1392 2331; x_wconf 94' lang='lat' dir='ltr'>o</span> <span class='ocrx_word' id='word_1_307' title='bbox 1420 2287 1626 2331; x_wconf 88' lang='lat' dir='ltr'>scribitur.</span> <span class='ocrx_word' id='word_1_308' title='bbox 1689 2287 1821 2331; x_wconf 80' lang='lat' dir='ltr'>Omit-</span> <span class='ocrx_word' id='word_1_309' title='bbox 1833 2302 1884 2342; x_wconf 85' lang='lat'>35</span> 
     </span>
     <span class='ocr_line' id='line_1_37' title="bbox 410 2343 1820 2403; baseline 0.003 -18"><span class='ocrx_word' id='word_1_310' title='bbox 410 2343 527 2386; x_wconf 81' lang='lat' dir='ltr'>tebat</span> <span class='ocrx_word' id='word_1_311' title='bbox 547 2343 790 2400; x_wconf 80' lang='lat' dir='ltr'>particulam</span> <span class='ocrx_word' id='word_1_312' title='bbox 812 2345 860 2387; x_wconf 79' lang='lat' dir='ltr'>in</span> <span class='ocrx_word' id='word_1_313' title='bbox 874 2344 1095 2387; x_wconf 85' lang='lat' dir='ltr'>Wouwerii</span> <span class='ocrx_word' id='word_1_314' title='bbox 1148 2345 1268 2388; x_wconf 88' lang='lat' dir='ltr'>odex.</span> <span class='ocrx_word' id='word_1_315' title='bbox 1366 2345 1507 2403; x_wconf 87' lang='lat' dir='ltr'>eponit</span> <span class='ocrx_word' id='word_1_316' title='bbox 1525 2346 1555 2389; x_wconf 76' lang='lat' dir='ltr'>,J</span> <span class='ocrx_word' id='word_1_317' title='bbox 1557 2345 1677 2388; x_wconf 87' lang='lat' dir='ltr'>unius</span> <span class='ocrx_word' id='word_1_318' title='bbox 1688 2347 1820 2403; x_wconf 80' lang='lat' dir='ltr'>prior</span> 
     </span>
     <span class='ocr_line' id='line_1_38' title="bbox 410 2399 1821 2459; baseline 0.003 -17"><span class='ocrx_word' id='word_1_319' title='bbox 410 2399 530 2450; x_wconf 86' lang='lat' dir='ltr'>illius,</span> <span class='ocrx_word' id='word_1_320' title='bbox 563 2415 710 2459; x_wconf 90' lang='lat' dir='ltr'>nempe</span> <span class='ocrx_word' id='word_1_321' title='bbox 731 2401 932 2451; x_wconf 85' lang='lat' dir='ltr'>veritatis,</span> <span class='ocrx_word' id='word_1_322' title='bbox 963 2402 1176 2455; x_wconf 63' lang='lat' dir='ltr'>doctrina,</span> <span class='ocrx_word' id='word_1_323' title='bbox 1207 2402 1481 2453; x_wconf 88' lang='lat' dir='ltr'>restitutione,</span> <span class='ocrx_word' id='word_1_324' title='bbox 1512 2409 1560 2446; x_wconf 86' lang='lat' dir='ltr'>ut</span> <span class='ocrx_word' id='word_1_325' title='bbox 1588 2402 1660 2453; x_wconf 75' lang='lat' dir='ltr'>ait,</span> <span class='ocrx_word' id='word_1_326' title='bbox 1690 2403 1821 2446; x_wconf 89' lang='lat' dir='ltr'>mani-</span> 
     </span>
     <span class='ocr_line' id='line_1_39' title="bbox 410 2457 1682 2517; baseline 0.002 -17"><span class='ocrx_word' id='word_1_327' title='bbox 410 2457 516 2501; x_wconf 84' lang='lat' dir='ltr'>festa</span> <span class='ocrx_word' id='word_1_328' title='bbox 538 2463 580 2501; x_wconf 89' lang='lat' dir='ltr'>ct</span> <span class='ocrx_word' id='word_1_329' title='bbox 601 2459 843 2502; x_wconf 86' lang='lat' dir='ltr'>neccssaria.</span> <span class='ocrx_word' id='word_1_330' title='bbox 905 2459 1048 2502; x_wconf 88' lang='lat' dir='ltr'>Malim</span> <span class='ocrx_word' id='word_1_331' title='bbox 1070 2474 1148 2517; x_wconf 84' lang='lat' dir='ltr'>ego</span> <span class='ocrx_word' id='word_1_332' title='bbox 1169 2461 1253 2502; x_wconf 77' lang='lat' dir='ltr'>illa</span> <span class='ocrx_word' id='word_1_333' title='bbox 1302 2474 1349 2503; x_wconf 95' lang='lat' dir='ltr'>ro</span> <span class='ocrx_word' id='word_1_334' title='bbox 1369 2462 1418 2503; x_wconf 77' lang='lat' dir='ltr'>in</span> <span class='ocrx_word' id='word_1_335' title='bbox 1438 2460 1682 2504; x_wconf 86' lang='lat' dir='ltr'>rescribere.</span> 
     </span>
    </p>

    <p class='ocr_par' dir='ltr' id='par_1_13' title="bbox 403 2475 1882 2689">
     <span class='ocr_line' id='line_1_40' title="bbox 470 2475 1817 2584; baseline 0.002 -26"><span class='ocrx_word' id='word_1_336' title='bbox 470 2515 578 2559; x_wconf 86' lang='lat' dir='ltr'>Ibid.</span> <span class='ocrx_word' id='word_1_337' title='bbox 599 2516 625 2559; x_wconf 90' lang='lat'>1.</span> <span class='ocrx_word' id='word_1_338' title='bbox 647 2530 710 2569; x_wconf 86' lang='lat'>¹4·</span> <span class='ocrx_word' id='word_1_339' title='bbox 731 2517 785 2560; x_wconf 72' lang='lat' dir='ltr'>ml</span> <span class='ocrx_word' id='word_1_340' title='bbox 808 2517 1032 2560; x_wconf 83' lang='lat' dir='ltr'>Ecclesiam</span> <span class='ocrx_word' id='word_1_341' title='bbox 1056 2532 1171 2560; x_wconf 85' lang='lat' dir='ltr'>suam</span> <span class='ocrx_word' id='word_1_342' title='bbox 1193 2475 1350 2584; x_wconf 68' lang='lat' dir='ltr'>scribit]</span> <span class='ocrx_word' id='word_1_343' title='bbox 1373 2518 1613 2561; x_wconf 84' lang='lat' dir='ltr'>Eliminavit</span> <span class='ocrx_word' id='word_1_344' title='bbox 1634 2517 1817 2562; x_wconf 88' lang='lat' dir='ltr'>voculam</span> 
     </span>
     <span class='ocr_line' id='line_1_41' title="bbox 409 2573 1882 2634; baseline 0.004 -20"><span class='ocrx_word' id='word_1_345' title='bbox 409 2588 534 2615; x_wconf 70' lang='lat' dir='ltr'>enam</span> <span class='ocrx_word' id='word_1_346' title='bbox 556 2573 789 2632; x_wconf 80' lang='lat' dir='ltr'>Rigaltius3</span> <span class='ocrx_word' id='word_1_347' title='bbox 821 2588 944 2632; x_wconf 87' lang='lat' dir='ltr'>quam</span> <span class='ocrx_word' id='word_1_348' title='bbox 975 2589 1055 2634; x_wconf 81' lang='lat' dir='ltr'>ogo</span> <span class='ocrx_word' id='word_1_349' title='bbox 1085 2575 1249 2625; x_wconf 87' lang='lat' dir='ltr'>rectius,</span> <span class='ocrx_word' id='word_1_350' title='bbox 1280 2589 1438 2633; x_wconf 77' lang='lat' dir='ltr'>opinor,</span> <span class='ocrx_word' id='word_1_351' title='bbox 1467 2575 1669 2627; x_wconf 87' lang='lat' dir='ltr'>revocavi,</span> <span class='ocrx_word' id='word_1_352' title='bbox 1691 2589 1816 2633; x_wconf 87' lang='lat' dir='ltr'>quum</span> <span class='ocrx_word' id='word_1_353' title='bbox 1831 2595 1882 2630; x_wconf 87' lang='lat'>40</span> 
     </span>
     <span class='ocr_line' id='line_1_42' title="bbox 403 2631 1663 2689; baseline 0.003 -16"><span class='ocrx_word' id='word_1_354' title='bbox 403 2631 489 2686; x_wconf 88' lang='lat' dir='ltr'>jam</span> <span class='ocrx_word' id='word_1_355' title='bbox 512 2637 610 2674; x_wconf 82' lang='lat' dir='ltr'>anto</span> <span class='ocrx_word' id='word_1_356' title='bbox 630 2631 858 2689; x_wconf 82' lang='lat' dir='ltr'>scripsisset</span> <span class='ocrx_word' id='word_1_357' title='bbox 878 2639 1036 2684; x_wconf 86' lang='lat' dir='ltr'>auctor,</span> <span class='ocrx_word' id='word_1_358' title='bbox 1058 2633 1147 2689; x_wconf 69' lang='lat' dir='ltr'>ejus</span> <span class='ocrx_word' id='word_1_359' title='bbox 1166 2634 1389 2677; x_wconf 77' lang='lat' dir='ltr'>doctrinae</span> <span class='ocrx_word' id='word_1_360' title='bbox 1410 2634 1663 2677; x_wconf 76' lang='lat' dir='ltr'>Ecclesiam.</span> 
     </span>
    </p>

    <p class='ocr_par' dir='ltr' id='par_1_14' title="bbox 410 2688 1878 2919">
     <span class='ocr_line' id='line_1_43' title="bbox 472 2688 1815 2748; baseline 0.003 -19"><span class='ocrx_word' id='word_1_361' title='bbox 472 2688 575 2731; x_wconf 87' lang='lat' dir='ltr'>lbid.</span> <span class='ocrx_word' id='word_1_362' title='bbox 597 2688 626 2731; x_wconf 84' lang='lat' dir='ltr'>l.</span> <span class='ocrx_word' id='word_1_363' title='bbox 653 2703 714 2746; x_wconf 86' lang='lat'>¹9·</span> <span class='ocrx_word' id='word_1_364' title='bbox 749 2690 944 2733; x_wconf 80' lang='lat' dir='ltr'>Antonini</span> <span class='ocrx_word' id='word_1_365' title='bbox 966 2690 1054 2733; x_wconf 83' lang='lat' dir='ltr'>fero</span> <span class='ocrx_word' id='word_1_366' title='bbox 1079 2690 1329 2748; x_wconf 87' lang='lat' dir='ltr'>principatu]</span> <span class='ocrx_word' id='word_1_367' title='bbox 1366 2690 1569 2735; x_wconf 87' lang='lat' dir='ltr'>Videlicet</span> <span class='ocrx_word' id='word_1_368' title='bbox 1589 2690 1815 2747; x_wconf 83' lang='lat' dir='ltr'>utriusque.</span> 
     </span>
     <span class='ocr_line' id='line_1_44' title="bbox 413 2745 1817 2807; baseline 0.002 -20"><span class='ocrx_word' id='word_1_369' title='bbox 413 2745 517 2787; x_wconf 80' lang='lat' dir='ltr'>Nam</span> <span class='ocrx_word' id='word_1_370' title='bbox 554 2746 798 2790; x_wconf 83' lang='lat' dir='ltr'>Valentinus</span> <span class='ocrx_word' id='word_1_371' title='bbox 833 2754 1018 2805; x_wconf 85' lang='lat' dir='ltr'>temporo</span> <span class='ocrx_word' id='word_1_372' title='bbox 1054 2748 1251 2791; x_wconf 87' lang='lat' dir='ltr'>Antonini</span> <span class='ocrx_word' id='word_1_373' title='bbox 1288 2748 1350 2791; x_wconf 85' lang='lat' dir='ltr'>Pii</span> <span class='ocrx_word' id='word_1_374' title='bbox 1386 2748 1534 2792; x_wconf 85' lang='lat' dir='ltr'>vixisse</span> <span class='ocrx_word' id='word_1_375' title='bbox 1573 2747 1739 2807; x_wconf 83' lang='lat' dir='ltr'>legitur,</span> <span class='ocrx_word' id='word_1_376' title='bbox 1773 2753 1817 2790; x_wconf 89' lang='lat' dir='ltr'>ot</span> 
     </span>
     <span class='ocr_line' id='line_1_45' title="bbox 412 2803 1815 2860; baseline 0.005 -20"><span class='ocrx_word' id='word_1_377' title='bbox 412 2803 547 2844; x_wconf 60' lang='lat' dir='ltr'>(foi-do</span> <span class='ocrx_word' id='word_1_378' title='bbox 584 2804 781 2860; x_wconf 75' lang='lat' dir='ltr'>magister</span> <span class='ocrx_word' id='word_1_379' title='bbox 815 2805 1062 2855; x_wconf 51' lang='lat' dir='ltr'>Marciorum</span> <span class='ocrx_word' id='word_1_380' title='bbox 1102 2806 1286 2849; x_wconf 82' lang='lat' dir='ltr'>Marcion</span> <span class='ocrx_word' id='word_1_381' title='bbox 1319 2820 1417 2849; x_wconf 84' lang='lat' dir='ltr'>vero</span> <span class='ocrx_word' id='word_1_382' title='bbox 1449 2805 1645 2848; x_wconf 81' lang='lat' dir='ltr'>Antonini</span> <span class='ocrx_word' id='word_1_383' title='bbox 1678 2804 1815 2848; x_wconf 85' lang='lat' dir='ltr'>Philo-</span> 
     </span>
     <span class='ocr_line' id='line_1_46' title="bbox 410 2859 1878 2919; baseline 0.005 -19"><span class='ocrx_word' id='word_1_384' title='bbox 410 2859 540 2916; x_wconf 63' lang='lat' dir='ltr'>sophi,</span> <span class='ocrx_word' id='word_1_385' title='bbox 567 2861 634 2916; x_wconf 83' lang='lat' dir='ltr'>qui</span> <span class='ocrx_word' id='word_1_386' title='bbox 667 2862 858 2905; x_wconf 70' lang='lat' dir='ltr'>successit</span> <span class='ocrx_word' id='word_1_387' title='bbox 893 2862 974 2904; x_wconf 86' lang='lat' dir='ltr'>l&#39;io.</span> <span class='ocrx_word' id='word_1_388' title='bbox 1041 2863 1282 2906; x_wconf 84' lang='lat' dir='ltr'>Valentinus</span> <span class='ocrx_word' id='word_1_389' title='bbox 1307 2863 1469 2919; x_wconf 84' lang='lat' dir='ltr'>quidem</span> <span class='ocrx_word' id='word_1_390' title='bbox 1503 2869 1544 2906; x_wconf 81' lang='lat' dir='ltr'>ot</span> <span class='ocrx_word' id='word_1_391' title='bbox 1573 2863 1709 2905; x_wconf 76' lang='lat' dir='ltr'>Cerdo</span> <span class='ocrx_word' id='word_1_392' title='bbox 1739 2863 1814 2906; x_wconf 86' lang='lat' dir='ltr'>sub</span> <span class='ocrx_word' id='word_1_393' title='bbox 1830 2879 1878 2917; x_wconf 79' lang='lat'>45</span> 
     </span>
    </p>
   </div>
  </div>
 </body>
</html>
