2034 3204
567 787 630 853 S.
675 785 1122 850 CAECILII
1177 784 1670 850 CYPRIANI

1048 932 1192 960 LIBER

697 1049 797 1094 DE
845 1048 1039 1094 ZELO
1086 1048 1185 1094 ET
1231 1048 1538 1095 LIVORE.

202 1289 335 1321 Invidia
346 1289 408 1321 hoc
421 1281 459 1327 1.
497 1250 802 1328 ZELARE
840 1281 966 1339 quod
1003 1280 1181 1326 bonum
1212 1279 1375 1325 videas
1403 1286 1450 1325 et
1481 1280 1695 1326 invidere
1726 1296 1824 1327 me-

201 1334 271 1375 ipso
286 1344 359 1375 gra·

200 1377 407 1408 viusma1um
419 1359 617 1404 lioribus
665 1360 766 1404 leve
811 1359 939 1417 apud
986 1359 1217 1418 quosdam
1264 1364 1312 1404 et
1357 1357 1597 1404 modicum
1642 1359 1822 1404 crimen
1836 1373 1860 1413 5

201 1424 264 1458 est,
282 1421 371 1463 quod

201 1464 275 1496 leve
289 1465 378 1496 vide-

201 1511 269 1540 tur.

419 1435 622 1488 videtur,
667 1436 839 1482 fratres
885 1435 1214 1492 dilectissimi3
1263 1437 1473 1496 dumque
1519 1435 1824 1482 existimatur
1873 1447 1877 1450 ⁴

419 1514 522 1558 leve
552 1529 653 1559 esse
681 1520 729 1559 et
757 1513 1010 1569 modicum,
1034 1528 1129 1558 non
1157 1512 1382 1568 timetur3
1419 1515 1535 1559 dum
1565 1529 1658 1559 non
1688 1514 1826 1559 time-

420 1596 502 1636 tur
523 1578 872 1643 contemnitur;
909 1591 1024 1636 dum
1053 1590 1386 1642 contemnitur,
1411 1605 1506 1636 non
1535 1590 1674 1636 facile
1704 1591 1824 1637 vita-

419 1674 512 1722 tur,
531 1675 580 1713 et
597 1667 652 1714 fit
674 1683 812 1714 caeca
834 1674 881 1713 et
899 1669 1084 1713 occulta
1106 1667 1353 1727 pernicies:
1379 1659 1501 1727 quae
1523 1669 1636 1713 dum
1662 1667 1822 1714 minus

420 1745 706 1805 perspicitur
735 1752 791 1791 ut
821 1745 975 1791 caveri
1008 1760 1037 1790 a
1067 1745 1428 1804 providentibus
1460 1745 1624 1805 possit,
1648 1745 1825 1804 impro-
1842 1761 1889 1787 10

420 1822 555 1868 vidas
588 1829 770 1869 mentes
801 1824 1005 1868 latenter
1035 1822 1223 1884 affligit.
1296 1822 1444 1868 Porro
1474 1829 1634 1869 autem
1660 1823 1826 1869 Domi-

421 1916 511 1946 nus
543 1902 798 1960 prudentes
826 1916 927 1947 esse
954 1915 1041 1946 nos
1068 1900 1227 1962 jussit,
1253 1907 1301 1947 et
1332 1907 1471 1947 cauta
1506 1901 1825 1947 sollicitudine

420 1978 621 2041 vigilare
654 1979 893 2039 praecepit
923 1994 982 2024 ne
1010 1978 1310 2025 adversarius
1342 1978 1545 2041 vigilans
1570 1994 1756 2039 semper
1777 1985 1826 2025 et

423 2071 608 2117 semper
641 2056 889 2111 insidians,
913 2056 997 2103 ubi
1032 2056 1082 2101 in
1118 2062 1282 2115 pectus
1310 2056 1585 2116 obrepserit,
1609 2058 1668 2102 de
1704 2056 1827 2103 scin-

425 2134 541 2180 tillis
570 2133 741 2181 conflet
772 2133 1002 2186 incendia,
1027 2135 1086 2180 de
1118 2133 1279 2193 parvis
1311 2134 1524 2180 maxima
1554 2141 1824 2197 exaggeret,
1845 2150 1890 2189 15

424 2219 473 2258 et
508 2214 622 2259 dum
661 2212 871 2258 remissis
917 2219 964 2258 et
1001 2211 1207 2258 incautis
1245 2212 1422 2258 leniore
1467 2227 1585 2258 aura
1620 2218 1669 2258 et
1708 2211 1827 2259 flatu

425 2290 639 2337 molliore
667 2289 927 2345 blanditur,
960 2289 1174 2349 procellis
1206 2300 1259 2335 ac
1288 2289 1563 2336 turbinibus
1593 2290 1826 2344 excitati8‚

425 2367 588 2414 ruinas
624 2367 733 2413 fidei
768 2374 815 2413 et
849 2367 1017 2413 salutis
1052 2382 1106 2413 ac
1138 2367 1265 2413 vitae
1300 2367 1554 2429 naufragia
1586 2369 1825 2415 moliatur.

426 2445 777 2492 Excubandum
813 2452 886 2491 est
922 2444 1097 2505 itaque,
1132 2444 1304 2490 fratres
1339 2444 1649 2498 dilectissimi,
1683 2451 1827 2507 atque

425 2523 646 2569 omnibus
670 2522 854 2569 viribus
889 2523 1227 2569 elaborandum
1265 2528 1319 2568 ut
1355 2522 1548 2568 inimico
1583 2523 1826 2578 saevienti,
1844 2543 1893 2569 20

426 2606 474 2646 et
490 2601 651 2661 jacula
670 2616 758 2646 sua
784 2600 830 2646 in
851 2615 1013 2645 ornnes
1037 2599 1247 2659 corporis
1271 2606 1428 2659 partes
1453 2599 1626 2659 quibus
1645 2601 1827 2666 percuti

426 2685 474 2724 et
510 2678 749 2724 vulnerari
787 2692 1038 2738 possumus
1079 2677 1322 2740 dirigenti,
1358 2677 1561 2724 sollicita
1601 2685 1648 2724 et
1689 2680 1827 2739 plena

429 2755 679 2817 vigilantia
708 2771 1041 2816 repugnemus,
1065 2756 1321 2802 secundum
1348 2756 1473 2815 quod
1504 2756 1673 2802 Petrus
1698 2755 1829 2815 Apo-

428 2835 577 2879 stolus
615 2834 661 2879 in
699 2833 899 2893 epistola
940 2848 1025 2879 sua
1067 2840 1342 2893 praemonet
1382 2840 1429 2878 et
1468 2834 1615 2886 docet,
1651 2833 1826 2887 dicens,
