2034 3204
622 244 704 284 DE
741 243 1227 285 MORTALITATE.
1542 241 1628 283 289

222 351 327 411 jam
373 366 521 411 paene
567 351 789 397 morienti
829 351 1022 412 juvenis
1069 352 1246 397 honore
1287 358 1334 396 et
1380 351 1628 410 majestate

230 428 528 482 venerabilis,
554 435 684 474 statu
714 430 880 482 celsus,
904 435 952 474 et
982 429 1138 474 clarus
1169 434 1379 486 aspectu,
1405 434 1452 472 et
1486 441 1628 486 quem

229 505 529 551 assistentem
553 506 644 552 sibi
669 506 749 551 vix
771 513 929 566 posset
960 506 1200 551 humanus
1232 510 1450 564 aspectus
1481 502 1630 548 oculis

229 582 498 628 carnalibus
534 583 725 638 intueri,
750 583 842 629 nisi
876 584 1003 643 quod
1039 584 1180 628 talem
1218 582 1375 627 videre
1403 582 1507 642 jam
1551 595 1631 639 po-

193 665 354 711 5terat
389 660 448 705 de
489 662 675 706 saeculo
711 675 994 706 recessurus.
1078 658 1242 719 Atque
1277 659 1356 704 ille
1395 674 1489 704 non
1529 657 1630 704 sine

229 738 435 796 quadam
483 738 633 783 animi
672 745 718 784 et
761 737 886 784 vocis
926 736 1256 799 indignatione
1297 735 1542 782 infremuit
1584 740 1632 780 et

229 813 366 867 dixit,
408 814 550 860 ‘Pati
586 814 779 868 timetis,
814 814 943 860 exire
978 830 1071 860 non
1109 813 1268 867 vultis,
1303 813 1418 874 quid
1458 812 1631 859 faciam

231 895 243 916 ‘
268 891 401 936 vobis
417 892 453 937 ?’
494 892 791 952 Increpantis
827 908 918 938 vox
955 899 1026 938 est
1061 899 1108 938 et
1146 891 1412 946 1nonentis;
1454 891 1539 950 qui
1574 891 1632 936 de

230 969 555 1027 persecutione
590 970 834 1023 sollicitus,
869 971 927 1015 de
960 969 1266 1016 accersitione
1300 984 1506 1022 securus,
1536 984 1631 1014 non

171 1067 218 1092 10
230 1046 466 1092 consentit
488 1048 548 1092 ad
573 1062 793 1106 praesens
817 1047 1124 1102 desiderium,
1148 1048 1229 1092 sed
1253 1046 1459 1092 consulit
1487 1046 1536 1092 in
1559 1046 1635 1092 fu-

231 1128 408 1168 turum.
478 1123 683 1169 Audivit
709 1124 856 1170 frater
888 1130 1048 1170 noster
1081 1130 1128 1169 et
1158 1125 1338 1185 collega
1372 1123 1634 1168 moriturus

230 1202 359 1260 quod
393 1201 560 1247 ceteris
595 1201 785 1247 diceret.
857 1201 983 1247 Nam
1018 1202 1102 1261 qui
1137 1201 1399 1247 moriturus
1433 1200 1633 1252 audivit,

231 1279 290 1323 ad
317 1278 403 1324 hoc
427 1278 611 1324 audivit
634 1285 689 1324 ut
712 1278 901 1324 diceret.
971 1278 1178 1324 Audivit
1201 1294 1296 1324 non
1319 1278 1411 1324 sibi
1435 1278 1528 1331 ille,
1553 1280 1634 1324 sed

232 1354 383 1400 nobis.
454 1355 579 1400 Nam
609 1356 726 1416 quid
750 1355 842 1401 sibi
865 1355 1066 1401 disceret
1084 1356 1187 1416 jam
1213 1355 1512 1400 recessurus?
1549 1355 1637 1400 Di-

172 1444 218 1482 15
232 1431 348 1478 dicit
389 1432 536 1478 immo
576 1433 947 1486 remanentibus,
986 1439 1041 1478 ut
1075 1433 1189 1478 dum
1226 1432 1515 1477 sacerdotem
1551 1432 1635 1490 qui

231 1514 548 1554 commeatum
593 1509 784 1568 petebat
825 1509 1111 1569 increpitum
1158 1524 1259 1554 esse
1304 1508 1634 1568 comperimus,

231 1585 349 1646 quid
378 1586 562 1632 cunctis
589 1587 812 1646 expediat
840 1602 1214 1649 agnosceremus.

297 1662 437 1710 XIV.
475 1663 628 1709 Nobis
668 1679 857 1724 quoque
903 1664 1019 1724 ipsis
1066 1664 1279 1710 minimis
1325 1671 1373 1710 et
1412 1663 1636 1710 extremis
1648 1672 1816 1723 Qyprpmo

231 1740 416 1800 quoties
440 1742 702 1787 revelatum
726 1748 812 1795 est,
838 1757 984 1802 quam
1008 1742 1280 1802 frequenter
1309 1750 1454 1802 atque
1483 1741 1636 1787 mani-
1646 1717 1841 1795 {lgiaffifflm

1646 1808 1686 1835 ut
1701 1806 1818 1835 contra

172 1845 221 1870 20
233 1818 350 1863 feste
385 1819 443 1864 de
478 1818 570 1863 Dei
604 1818 881 1880 dignatione
916 1826 1218 1879 praeceptum
1257 1826 1327 1865 est
1364 1827 1417 1866 ut
1455 1826 1763 1878 comes-monis
1778 1857 1845 1877 me,

234 1901 361 1940 tarer
391 1894 580 1941 assidue
610 1901 658 1940 et
684 1895 874 1955 publice
904 1896 1226 1955 praedicarem
1254 1897 1426 1942 fratres
1450 1903 1636 1942 nostros
1646 1890 1858 1966 ffl‘m

234 1988 329 2018 non
361 1988 460 2018 esse
488 1974 720 2035 lugendos
749 1973 1053 2019 accersitione
1077 1973 1332 2020 Dominica
1361 1975 1420 2020 de
1452 1976 1638 2020 saeculo

234 2050 469 2103 liberatOS,
505 2066 655 2110 quum
695 2051 902 2097 sciamus
938 2066 1033 2096 non
1069 2067 1147 2096 eos
1181 2051 1355 2105 amitti,
1391 2053 1470 2097 sed
1507 2067 1640 2111 prae-

234 2125 379 2180 mitti,
427 2128 695 2172 recedentes
741 2129 1031 2187 praecedere,
1074 2135 1128 2174 ut
1174 2127 1537 2188 proficiscentes,
1585 2135 1640 2174 ut

173 2224 221 2263 25
234 2203 516 2266 navigantes
539 2206 707 2258 solent,
731 2205 990 2251 desiderari
1014 2221 1092 2251 eos
1124 2206 1306 2259 debere,
1331 2221 1426 2252 non
1459 2206 1638 2268 plangi,

235 2296 320 2327 nec
343 2281 642 2341 accipiendas
664 2298 765 2328 esse
790 2282 866 2328 hic
899 2290 1027 2328 atras
1053 2290 1220 2335 vestes,
1245 2284 1436 2343 quando
1468 2283 1538 2329 illi
1571 2284 1638 2329 ibi

235 2350 515 2404 indumenta
539 2360 648 2405 alba
664 2361 768 2421 jam
793 2361 1098 2420 sumpserint,
1116 2360 1407 2406 occasionem
1432 2362 1639 2406 dandam

235 2451 331 2482 non
355 2452 454 2482 esse
478 2437 750 2484 Gentilibus
775 2445 829 2484 ut
853 2454 938 2484 nos
970 2438 1141 2484 merito
1165 2454 1218 2484 ac
1243 2440 1355 2499 jure
1387 2439 1640 2498 reprehen-

235 2515 352 2558 dant
381 2515 508 2572 quod
539 2529 658 2573 quos
691 2514 850 2561 vivere
882 2517 1009 2575 apud
1037 2513 1198 2561 Deum
1231 2516 1448 2570 dicimus,
1475 2522 1529 2561 ut
1560 2532 1641 2561 ex-

172 2622 223 2658 30
235 2590 432 2636 stinctos
468 2597 515 2636 et
548 2591 757 2650 perditos
792 2594 1055 2654 lugeamuS,
1091 2600 1137 2638 et
1177 2592 1317 2639 fidem
1359 2608 1504 2653 quam
1545 2608 1641 2638 ser-

236 2683 375 2713 mone
410 2674 458 2713 et
493 2684 601 2714 voce
636 2669 959 2728 depromimus
994 2670 1148 2716 cordis
1183 2677 1231 2716 et
1265 2670 1468 2730 pectoris
1509 2670 1641 2716 testi-

235 2745 396 2791 monio
420 2761 516 2791 non
539 2746 807 2805 probemus.

1777 1937 1803 1965 t.

304 2821 416 2867 XV.
454 2822 564 2881 Spei
590 2830 778 2869 nostrae
801 2839 855 2869 ac
880 2823 988 2869 fidei
1020 2823 1420 2882 praevaricatores
1444 2839 1609 2870 sumus
1626 2839 1636 2878 ;
1651 2837 1728 2879 Spei
1738 2837 1859 2869 etfidei

353 2918 445 2945 VOL.
470 2918 495 2944 1.
1034 2918 1060 2945 U
