2034 3204
387 212 454 254 IN
486 211 729 254 FIRMIL.
757 210 836 253 AD
874 211 916 253 S.
940 210 1244 253 CYPRIAN.
1281 210 1483 253 EPIST.
1547 211 1633 252 255

232 333 367 362 sermo
397 319 451 362 sit
481 319 534 362 de
563 318 782 362 haereticis
814 317 905 368 illis,
936 332 1111 374 quorum
1147 332 1270 360 causa
1303 324 1402 360 tunc
1436 318 1634 383 temporis

231 377 449 434 agebatur,
471 391 654 433 quosque
677 376 744 418 hic
770 375 954 418 nominat
975 374 1250 424 Firmilianus,
1271 375 1448 417 maxime
1467 375 1633 431 quidem

230 440 417 491 tempore
455 434 544 490 ejus
578 433 834 491 vigentibus;
874 433 947 475 sed
985 447 1117 489 aeque
1149 447 1292 475 verum
1327 440 1403 482 est,
1440 433 1633 475 haereses

232 491 345 534 haud
364 491 499 534 minus
519 491 735 548 pestiferas
757 490 798 533 in
826 490 1048 547 apostolico
1068 505 1170 532 aevo
1190 490 1408 532 exstitisse.
1471 490 1635 546 Dignus

194 559 217 598 5
232 554 368 591 autem
401 555 477 599 est,
506 549 576 606 qui
606 549 659 592 de
688 549 766 591 hac
794 563 842 590 re
869 548 1107 616 congeratur
1134 548 1415 590 Tertullianus
1441 562 1569 604 supra
1590 547 1633 589 in

231 605 300 648 lib.
322 606 374 648 de
395 606 644 663 Praescript.
667 606 839 648 Haeret.
863 619 981 662 capp.
998 619 1053 661 33
1075 611 1118 648 et
1137 618 1207 660 34.

290 663 337 706 P.
362 676 456 720 234.
488 664 515 706 l.
539 667 606 706 26.
639 663 723 707 Sed
752 669 796 706 et
821 663 1032 706 Valentini
1063 668 1118 706 et·
1135 662 1328 705 Basilidis
1356 668 1519 718 tempus
1538 661 1632 718 δια]

231 720 385 763 Variae
419 727 516 764 sunt
545 721 755 778 opiniones
788 720 970 763 virorum
1008 720 1223 762 doctorum
1259 720 1311 762 de
1338 725 1525 776 tempore
1551 733 1634 776 quo

233 778 432 820 Basilides
463 779 615 835 dogma
643 792 761 821 suum
795 777 1088 821 disseminavit.
1150 778 1245 829 Qua
1276 777 1329 819 de
1354 777 1635 820 controversia

170 850 217 876 10
231 835 325 877 vide
351 850 458 892 quae
487 836 608 878 docte
634 842 677 878 et
703 835 866 878 erudite
897 835 1069 892 scripsitv
1085 835 1240 878 amicus
1269 835 1363 877 olim
1393 841 1533 877 noster
1560 835 1634 876 Jo-

230 907 358 935 annes
380 893 571 950 Baptista
594 893 823 936 Cotelerius
842 893 882 935 in
904 893 1118 950 epistolam
1140 892 1295 951 Ignatii
1319 893 1373 935 ad
1389 892 1633 941 Trallianos,

230 950 300 992 ubi
330 956 492 1008 tempus
523 951 714 993 Basilidis
742 956 910 993 revocat
940 951 995 993 ad
1024 950 1242 1017 imperium
1275 949 1466 992 Adriani.
1526 949 1634 992 Vide

229 1007 353 1050 etiam
375 1007 451 1050 viri
471 1008 691 1051 doctissimi
717 1008 869 1051 Renati
898 1009 1096 1051 Massuet1
1126 1007 1434 1051 observationes
1462 1007 1517 1050 ad
1548 1008 1635 1050 Ire-

231 1079 391 1116 naeum,
425 1079 522 1124 pag.
542 1080 613 1122 59,
659 1067 697 1120 ξ.
724 1078 818 1108 112.
880 1065 1049 1122 Ineptos
1087 1066 1278 1108 Basilidis
1319 1080 1496 1114 errores,
1532 1079 1636 1122 quos

169 1136 215 1174 15
232 1129 425 1179 portenta
444 1131 576 1175 vocat,
607 1123 793 1180 graviter
820 1123 1007 1180 exagitat
1038 1123 1322 1189 Hieronymus
1351 1123 1394 1165 in
1423 1121 1635 1222 epitaphio

234 1180 390 1222 Lucinii
430 1181 588 1224 Baetici
626 1187 669 1224 et
707 1181 751 1223 in
789 1181 895 1223 libro
934 1181 1132 1224 adversus
1164 1180 1450 1238 Vigilantiam.
1512 1180 1633 1222 Ilum

229 1237 338 1280 idem
374 1237 666 1295 Hieronymus,
698 1238 767 1281 lib.
797 1252 828 1280 11
857 1238 1056 1281 adversus
1086 1238 1364 1288 Jovinianum,
1396 1243 1517 1280 vocat
1549 1252 1636 1280 ma-

229 1295 405 1352 gistrum
434 1296 622 1338 luxuriae
652 1301 695 1338 et
723 1302 792 1339 tur
822 1295 1052 1338 issimorum
1079 1296 1379 1353 complexuum,
1404 1301 1447 1338 et
1476 1295 1519 1337 in
1549 1295 1636 1352 epi-

229 1352 335 1395 stola
354 1353 407 1396 ad
430 1353 739 1410 Ctesiphontem
760 1368 786 1396 a
816 1368 958 1396 versus
982 1353 1228 1410 Pelagianos
1249 1358 1542 1396 commemorat
1561 1353 1636 1394 im-

167 1427 216 1452 20
230 1409 425 1467 pietatem
450 1410 651 1453 Basilidis.
682 1411 887 1453 BALUZ.
941 1410 1103 1453 Videsis
1123 1425 1229 1467 quae
1249 1411 1302 1453 de
1322 1409 1635 1464 hisFirmiliani

230 1467 366 1510 vex-bis
395 1468 450 1510 ad
477 1467 705 1525 Hegesippi
727 1469 981 1526 Fragmenta
999 1468 1110 1526 apud
1132 1468 1345 1526 Reliquias
1366 1469 1482 1511 Sacr.
1505 1482 1533 1509 1.
1565 1482 1633 1533 pp.

231 1525 328 1579 258,
352 1534 446 1581 259,
469 1525 676 1568 annotavi.
736 1526 803 1568 De
832 1525 975 1568 iisdem
1006 1525 1203 1569 notabilia
1232 1526 1360 1569 habet
1384 1526 1631 1568 Pearsomus

228 1580 390 1624 Vindio.
415 1583 552 1640 Ignat.
573 1583 651 1626 vol.
672 1597 716 1625 11.
740 1597 830 1640 cap.
850 1594 888 1639 7,
909 1598 950 1640 p.
969 1584 1037 1637 87.

286 1639 333 1682 P.
358 1652 453 1696 235.
483 1640 511 1683 l.
538 1654 603 1696 13.
634 1640 815 1698 locorum
837 1649 880 1684 et
903 1640 1111 1683 nominum
1137 1639 1398 1698 diversitate]
1434 1639 1632 1692 Quamvis

165 1711 214 1747 25
228 1697 330 1740 haec
361 1697 482 1740 lectio
511 1703 702 1740 constans
733 1698 787 1741 sit
815 1698 857 1740 in
884 1698 1072 1741 omnibus
1100 1695 1280 1753 antiquis
1309 1698 1630 1755 exemplaribus,

227 1760 328 1811 puto
348 1760 487 1797 tamen
506 1755 727 1812 legendum
747 1770 836 1798 esse
855 1757 1085 1799 hominum.
1118 1754 1324 1799 BALUZ.

287 1812 391 1854 Ibid.
421 1812 447 1854 l.
475 1826 539 1865 14.
560 1827 635 1855 nec
656 1819 795 1855 tamen
814 1820 987 1870 propter
1007 1814 1085 1855 hoc
1104 1814 1157 1856 ab
1178 1813 1386 1855 Ecclesiae
1407 1812 1633 1855 catholicae

227 1883 329 1926 pace
363 1875 489 1926 atque
523 1870 683 1913 unitate
712 1870 933 1926 aliquando
965 1871 1185 1914 discessum
1219 1870 1303 1928 est]
1336 1871 1414 1913 Ait
1444 1870 1493 1912 cl.
1524 1870 1632 1912 Cou-

228 1926 415 1976 stantius,
453 1927 678 1970 Firmiliani
711 1930 840 1970 verba
873 1929 1050 1971 afferens
1082 1928 1122 1970 in
1159 1935 1257 1971 nota
1301 1929 1355 1970 ad
1397 1928 1440 1970 S.
1466 1927 1633 1970 Irenaei

163 2001 215 2036 30
230 1984 455 2040 Epistulam
487 1985 542 2027 ad
569 1986 802 2028 Romanum
833 1986 1079 2043 Episcopum
1105 1986 1328 2036 Victorem,
1357 1985 1429 2042 qui
1459 1985 1633 2027 Asianos

231 2042 427 2084 Pascham
465 2042 531 2085 die
571 2056 623 2095 14
655 2043 805 2085 mensis
839 2044 1096 2086 celebrantes
1129 2044 1183 2086 ab
1219 2043 1404 2086 Ecclesia
1437 2057 1633 2099 separare

228 2105 398 2142 conatus
427 2099 580 2147 fuerat,
605 2107 614 2123 ‘
634 2101 848 2151 celeritas,
870 2101 1023 2167 quippe
1050 2116 1144 2157 qua,
1166 2107 1213 2144 ut
1242 2101 1413 2143 credere
1442 2107 1518 2150 est,
1548 2114 1632 2157 pax

229 2164 238 2180 ⁴
256 2157 311 2198 ad
344 2157 547 2199 modicum
579 2157 872 2208 interturbata,
902 2159 945 2201 in
974 2165 1183 2216 integrum
1211 2159 1405 2201 restituta
1437 2165 1512 2207 est,
1544 2157 1634 2199 uni-

230 2213 356 2256 ‘tatis
394 2220 543 2271 ruptae
582 2215 825 2258 oblivionem
859 2216 918 2259 ita
954 2217 1129 2274 peperit,
1163 2223 1209 2259 ut
1240 2217 1293 2259 ab
1329 2231 1379 2258 ca
1412 2215 1634 2272 aliquando

165 2278 239 2325 35‘
258 2271 478 2314 discessum
517 2287 606 2315 esse
639 2274 839 2330 Cypriani
879 2280 1017 2317 aetate
1054 2289 1106 2316 ne
1146 2275 1400 2316 recoleretur
1440 2273 1633 2329 quidem.’

229 2329 350 2370 Rom.
373 2329 523 2371 Pontis.
549 2330 770 2387 Epistolae,
793 2346 833 2397 p.
851 2345 920 2387 99.
982 2331 1217 2383 Quinetiam
1239 2338 1414 2374 testatus
1434 2338 1498 2373 est
1518 2331 1633 2373 Ana-

229 2386 351 2428 tolius
382 2386 648 2438 Laodicenus‚
677 2388 711 2430 is
741 2403 811 2445 qui
841 2397 938 2432 ante
968 2389 1191 2432 Concilium
1224 2389 1363 2432 floruit
1390 2389 1632 2437 Nicaenum‚

229 2443 530 2486 contentionem
560 2445 680 2488 istam
710 2446 763 2488 de
791 2447 994 2489 Paschate
1025 2453 1212 2489 exortam
1243 2448 1296 2489 ab
1319 2447 1492 2488 Irenaeo
1514 2460 1634 2502 paca-

229 2507 313 2543 tam
335 2516 436 2549 esse,
459 2511 468 2524 ⁸
486 2502 672 2559 utrisque
693 2504 905 2560 partibuS‚'
925 2504 1071 2560 inquit,
1094 2512 1103 2528 ‘
1122 2505 1164 2547 in
1183 2519 1258 2546 sua
1278 2504 1425 2560 regula
1445 2518 1635 2559 perseve-

166 2566 240 2610 40‘
259 2557 458 2606 rantibus,
495 2574 569 2601 nec
607 2575 633 2602 a
669 2567 814 2617 coepto
853 2562 1111 2618 antiquitatis
1150 2577 1264 2604 more
1306 2561 1634 2603 declinantibus:

231 2615 337 2657 Vide
360 2616 541 2658 Anatolii
562 2617 693 2659 locum
715 2617 864 2660 ibidem
885 2619 1122 2661 adductum.

287 2672 395 2714 Ibid.
428 2673 453 2714 l.
489 2686 555 2728 29.
588 2675 861 2717 ‘alterutrum
896 2676 950 2718 ad
980 2691 1024 2718 se
1059 2676 1288 2730 venientes]
1328 2675 1399 2717 Ad
1434 2675 1633 2732 Cypriani

231 2729 456 2786 Epistolam
479 2731 533 2773 ad
556 2731 808 2788 Pompeium,
832 2733 899 2774 ubi
932 2733 1132 2790 Stephani
1159 2734 1286 2775 verba
1306 2733 1442 2775 adhuc
1473 2733 1633 2790 plenius

229 2788 473 2839 afferuntur,
511 2790 587 2830 hoc
620 2790 834 2832 annotavit
875 2791 1094 2848 Rigaltius,
1129 2790 1401 2833 ‘Rectissima
1436 2797 1499 2833 est
1529 2791 1633 2833 haec

165 2853 239 2898 45‘
258 2845 474 2902 scriptura.
538 2847 627 2889 Hoc
655 2854 730 2896 cst,
754 2862 886 2904 neque
907 2849 1136 2892 venientem
1162 2864 1188 2891 a
1209 2847 1420 2890 Marcione
1451 2849 1634 2906 baptizat
