2034 3204
546 676 931 740 SYMBOLUM
969 678 1366 756 NICAENUM‚

383 809 458 848 AD
497 810 793 850 EXEMPLAR
830 811 984 862 QUOD
1023 813 1231 853 EXSTAT
1269 814 1332 853 IN
1371 814 1530 855 AC'I'IS

531 922 892 967 CHALOEDON
894 925 971 967 EN
976 926 1064 969 SIS
1096 926 1374 970 CONCILII.

251 1182 748 1251 ΙΙΙΣΤΕΥΟΜΕΝ
780 1202 844 1256 εἰς
875 1200 957 1252 ἕνα
983 1198 1110 1254 Θεὸν
1138 1200 1350 1269 Πατέρα,
1380 1200 1651 1271 παντοκρά-

213 1300 236 1339 5
249 1304 385 1350 τορα,
412 1280 606 1335 πάντων
631 1285 816 1352 ὁρατῶν
839 1307 890 1338 τε
914 1287 992 1337 καὶ
1017 1287 1235 1354 ἀορατῶν
1259 1285 1478 1352 ποιητήν.
1558 1288 1655 1339 Καὶ

247 1369 311 1422 εἰς·
346 1367 428 1419 ἕνα
456 1367 636 1436 Κύριον
660 1368 856 1435 Ἰησοῦν
881 1370 1115 1438 Χριστὸν,
1140 1369 1226 1423 τὸν
1250 1371 1371 1423 Υἱὸν
1394 1376 1480 1424 τοῦ
1507 1375 1652 1436 Θεοῦ,

247 1452 533 1518 γεννηθέντα
557 1455 608 1506 ἐκ
632 1459 718 1506 τοῦ
736 1453 943 1525 Πατρὸς,
959 1458 1210 1522 μονογενῆ,
1227 1455 1477 1509 τουτέστιν
1495 1458 1545 1508 ἐκ
1569 1459 1656 1522 τῆς·

247 1538 413 1594 οὐσίας
442 1544 527 1591 τοῦ
556 1537 765 1607 Πατρός·
833 1539 960 1593 Θεὸν
984 1542 1035 1593 ἐκ
1074 1544 1218 1604 Θεοῦ,
1247 1545 1353 1611 φῶς
1388 1542 1439 1593 ἐκ
1477 1546 1653 1611 φῶτος,

248 1622 374 1676 Θεὸν
398 1622 628 1690 ἀληθινὸν
650 1626 701 1677 ἐκ
728 1628 854 1678 Θεοῦ
879 1627 1126 1692 ἀληθινοῦ,
1154 1626 1438 1693 γεννηθέντα
1464 1628 1520 1679 οὐ
1542 1650 1650 1680 ποι-

187 1729 234 1755 10
246 1708 435 1774 ηθέντα,
464 1708 722 1774 ὁμοούσιον
745 1712 814 1780 τῷ
842 1712 1013 1779 Πατρί.
1097 1712 1173 1764 Δι’
1202 1711 1258 1763 οὗ
1279 1710 1341 1763 τὰ
1365 1712 1524 1764 πάντα
1547 1712 1649 1779 ε’γέ-

248 1816 371 1855 νετο,
398 1792 508 1846 τάτε
543 1795 593 1846 ε’ν
628 1796 697 1865 τῷ
735 1796 921 1866 οὐρανῷ
959 1798 1035 1848 καὶ
1073 1794 1132 1847 τὰ
1169 1796 1219 1846 ἐν
1243 1799 1303 1865 τῇ
1341 1798 1423 1865 γῇ·
1475 1794 1561 1848 τὸν
1586 1797 1650 1848 δι’

246 1879 369 1944 ἡμᾶς
405 1877 516 1935 τοὺς
554 1879 850 1947 ἀνθρώπους,
878 1882 955 1933 καὶ
993 1879 1069 1932 διὰ
1107 1879 1194 1946 τὴν
1227 1880 1455 1949 ἡμετέραν
1486 1905 1647 1948 σωτη-

245 1966 353 2032 ρίαν
397 1963 700 2029 κατελθόντα,
746 1967 823 2017 καὶ
866 1965 1186 2034 σαρκωθέντα,
1226 1968 1303 2018 καὶ
1343 1966 1647 2035 ε’νανθρωπ-ή-

245 2070 420 2102 σαντα·
488 2048 720 2114 παθόντα,
765 2052 840 2103 καὶ
884 2049 1161 2103 ἀναστάντα
1203 2053 1262 2121 τῇ
1307 2055 1442 2121 τριτῇ
1485 2052 1647 2122 ἡμέρᾳ·

187 2155 232 2192 15
245 2133 508 2188 ἀνελθόντα
544 2138 608 2191 εἷς
644 2134 754 2191 τοὺς
792 2135 1035 2204 οὐράνους·
1095 2138 1172 2188 καὶ
1209 2135 1359 2189 πάλιν
1397 2135 1653 2207 ἐρχόμενον

245 2221 398 2288 κρίναι
428 2218 606 2287 ζῶντας
643 2223 723 2273 καὶ·
759 2220 963 2288 νεκρούς.
1048 2224 1143 2274 Καὶ
1179 2226 1243 2278 εἰς
1279 2221 1336 2274 τὸ
1365 2226 1563 2287 Πνεῦμα
1594 2223 1652 2275 τὸ

237 2304 428 2372 ”Αγιον.
488 2304 616 2362 Τοὺς
640 2304 688 2358 δὲ
715 2306 963 2372 λέγοντας·
993 2305 1098 2359 Ἤν
1123 2330 1238 2360 ποτε
1265 2308 1340 2360 ὅτε
1367 2308 1452 2360 οὐκ
1477 2306 1550 2372 ἦν,
1572 2310 1648 2360 καὶ

245 2391 357 2458 πρὶν
382 2392 662 2456 γεννηθῆναι
699 2392 784 2443 οὐκ
815 2389 891 2455 ἦν,
920 2394 997 2444 καὶ
1032 2392 1103 2444 ὅτι
1126 2390 1184 2460 ἐξ
1212 2393 1296 2444 οὐκ
1322 2391 1473 2444 ὄντων
1497 2390 1647 2458 ἐγένε-

244 2498 315 2539 το,
339 2473 369 2539 ἢ
395 2473 453 2543 ἐξ
474 2474 629 2543 ἑτέρας
664 2475 979 2532 ὑποστάσεως
1002 2475 1032 2542 ἢ
1060 2477 1227 2532 οὐσίας
1265 2475 1548 2546 φάσκοντας
1584 2473 1647 2526 εἶ-

183 2586 232 2612 20
246 2583 338 2623 ναι,
373 2558 404 2625 ἢ
438 2558 688 2628 τρεπτὸνῆ
715 2560 986 2614 ἀλλοιωτὸν
1010 2560 1095 2614 τὸν
1119 2559 1240 2613 Υἱὸν
1265 2566 1349 2613 τοῦ
1376 2564 1518 2623 Θεοῦ,
1538 2560 1645 2612 τού-

243 2668 355 2700 τους
391 2643 710 2711 ἀναθεματίζει
747 2645 776 2709 ἡ
815 2644 1044 2710 καθολικὴ
1083 2647 1161 2697 καὶ
1199 2643 1503 2709 άποστολικὴ
1529 2645 1642 2697 Ἐκ-

244 2732 441 2796 κλησία.
522 2740 639 2791 Apud
673 2741 815 2780 ooncil.
851 2742 1077 2781 Chalcedon.
1118 2742 1204 2781 Act.
1245 2743 1283 2789 ii,
1322 2742 1412 2781 edit.
1454 2742 1643 2780 Harduin.

246 2830 330 2868 pag.
357 2818 432 2854 286
450 2831 460 2864 3
490 2817 579 2856 edit.
602 2818 730 2856 Labbe
750 2824 789 2856 et
809 2818 975 2857 Cossart.
997 2832 1032 2869 p.
1057 2831 1146 2868 339.
