1988 3216
548 291 784 334 CONTRA
816 290 1121 333 HAERESIM
1153 290 1347 332 NOETI.

1593 283 1650 334 69

244 398 496 455 ἀκουστός.
567 397 734 452 ΕΌπου
776 401 892 470 ὁρᾷν
928 397 1013 451 τὸν
1053 395 1218 464 Λόγον
1258 396 1398 464 λε’γει,
1436 394 1651 463 ἀνάγκην

243 483 337 553 ἔχω
370 481 608 536 πιστεύειν
633 481 805 551 ὁρατὸν
827 488 998 536 τοῦτον
1022 480 1404 546 ἀπεσταλμένον·
1445 482 1530 533 οὐκ
1555 481 1647 532 ἅλ-

244 575 332 624 λος
368 566 428 633 ἦν
453 569 566 620 ἀλλ’
592 566 622 633 ἢ
653 571 679 621 ὁ
706 567 880 635 Λόγος.

949 565 1068 620 “On
1105 566 1155 619 δὲ
1192 565 1495 632 ἀπεστάλθη,
1523 589 1647 634 μαρ-

242 657 374 722 τυρεῖ
395 653 596 722 Πέτρος,
623 653 745 722 πρὸς
773 652 858 707 τὸν
886 651 1233 721 ἑκατόνταρχον
1262 650 1534 719 Κορνήλιον
1567 650 1648 703 λε’-

208 747 362 805 ἓγων,
399 748 413 770 ‘
439 738 816 807 Ἐξαπέστειλεν
841 741 868 791 ὃ
893 736 1018 794 Θεὸς
1053 735 1138 790 τὸν
1170 735 1334 804 Λόγον
1371 737 1516 788 αὐτοῦ
1552 741 1651 792 τοῖς

249 831 263 856 ‘
283 826 397 880 υἱοῖς
413 823 620 892 Ἰσραὴλ
640 824 717 876 διὰ
735 821 1216 893 κηρύγματοςἸησοῦ
1237 826 1473 891 Χριστοῦ·
1515 820 1651 877 οὗτός

247 917 262 940 ‘
289 911 300 926 2
445 912 455 926 t
564 909 578 926 N
646 912 656 927 ξ
741 909 756 926 Ι
970 908 983 926 Ι
1101 907 1113 924 D

272 932 410 962 εστιν
436 934 462 962 o
488 914 612 966 Θεος
637 934 662 962 ο
686 933 880 963 παντων
905 913 1095 977 Κυριος.

1192 911 1251 960 Εἰ
1291 906 1340 958 δὲ
1378 907 1462 959 οὖν
1490 906 1653 974 Λόγος

243 993 595 1047 ἀποστέλλεται
637 993 713 1046 διὰ
749 996 915 1060 Ἰησοῦ
953 997 1194 1063 Χριστοῦ,
1235 990 1291 1044 τὸ
1335 991 1524 1057 θέλημα
1567 998 1654 1044 τοῦ

247 1078 441 1146 Πατρός
464 1079 597 1132 ἐστιν
621 1079 814 1145 Ἰησοῦς
838 1078 1070 1148 Χριστός.

183 1177 232 1204 10

319 1161 393 1214 ιδ’.
436 1167 603 1216 Ταῦτα
631 1164 718 1230 μὲν
744 1164 841 1229 οῦν,
866 1165 1084 1232 ἀδελφοὶ,
1111 1163 1433 1228 σημαίνουσιν
1457 1164 1504 1213 αἱ
1530 1184 1652 1230 γρα-

244 1251 348 1319 φαὶ,
382 1247 559 1315 ταύτην
592 1248 680 1315 τὴν
711 1250 980 1314 οἰκονομίαν
1013 1248 1343 1316 παραδίδωσιν
1372 1247 1484 1312 ἡμῖν
1513 1248 1591 1298 καὶ
1629 1249 1655 1299 ὁ

244 1332 472 1402 μακάριος
496 1334 720 1402 Ἰωάννης
749 1336 798 1386 ἐν
825 1333 1110 1403 Εὑαγγελίῳ
1140 1337 1411 1402 μαρτυρῶν,
1440 1334 1518 1384 καὶ
1541 1338 1651 1384 τοῦ·

243 1443 329 1473 τον
346 1418 431 1472 τὸν
448 1419 612 1487 Λόγον
627 1419 754 1473 Θεὸν
770 1421 1001 1485 ὁμολογεῖ
1022 1419 1170 1474 οὕτως
1189 1417 1363 1485 λε’γων,
1393 1426 1406 1449 ‘
1420 1417 1510 1469 Ἐν
1528 1409 1654 1487 ἀρχῇ

245 1513 258 1536 ‘
281 1503 342 1570 ἦν
376 1507 402 1558 ὁ
438 1504 614 1573 Λόγος,
650 1507 726 1558 καὶ
766 1507 792 1558 ὁ
831 1502 990 1571 Λόγος
1026 1501 1086 1568 ἧν
1122 1502 1245 1572 πρὸς
1281 1502 1367 1556 τὸν
1398 1500 1542 1566 Θεὸν,
1577 1504 1654 1554 καὶ

184 1604 230 1643 15
246 1599 259 1622 ‘
285 1589 409 1646 Θεὸς
423 1589 483 1656 ἦν
502 1593 527 1643 ὁ
548 1588 739 1658 Λόγος.’
794 1593 852 1643 Εἰ
873 1589 922 1642 δὲ
938 1589 1022 1640 οὖν
1038 1590 1065 1640 ὁ
1085 1589 1247 1655 Λόγος
1271 1587 1392 1657 πρὸς
1410 1586 1496 1640 τὸν
1512 1586 1653 1650 Θεὸν,

245 1675 368 1732 Θεὸς
393 1674 477 1740 ὧν,
504 1675 552 1728 τί
583 1676 666 1728 οὖν
692 1675 890 1747 φήσειεν
915 1674 974 1726 ἄν
998 1697 1087 1736 τις,
1116 1672 1202 1725 δύο
1235 1673 1393 1741 λέγειν
1423 1672 1542 1747 [fors.
1571 1673 1651 1724 λε’-

243 1759 370 1834 γεις]
402 1760 588 1824 Θεούς;
645 1760 750 1813 Δύο
787 1760 873 1825 μὲν
911 1760 995 1812 οὐκ
1033 1759 1124 1826 ἐρῶ
1151 1757 1320 1820 Θεοῦς,
1349 1759 1464 1812 ἀλλ’
1490 1757 1521 1825 ἢ
1550 1759 1651 1821 ἕνα,

242 1844 484 1914 πρόσωπα
509 1844 558 1897 δὲ
583 1845 684 1911 δύο,
714 1845 984 1912 οἰκονομίαν
1014 1843 1133 1917 [fors.
1163 1845 1435 1919 οἰκονομίᾳ]
1466 1845 1516 1897 δὲ
1552 1846 1651 1914 τρί-

242 1949 348 1997 την,
383 1929 472 1997 τὴν
508 1929 649 2000 χάριν
685 1937 771 1984 τοῦ
808 1931 947 1998 ἁγίου
988 1930 1279 1997 Πνεύματος.

243 2056 421 2096 audibile.
480 2057 644 2106 Quando
673 2056 767 2095 dicit
791 2056 922 2095 videre

245 2111 430 2158 Verbum,
459 2124 611 2150 necesse
649 2116 707 2150 est
744 2111 837 2149 mihi
877 2116 922 2150 ut

245 2165 409 2213 credam,
429 2165 531 2203 hunc
549 2165 741 2204 visibilem
760 2165 922 2203 missum

245 2231 336 2258 esse.
399 2219 541 2258 Missus
579 2226 708 2258 autem
749 2233 826 2258 non
865 2224 923 2258 est

245 2273 342 2312 alius
361 2287 476 2324 quam
496 2274 678 2312 Verbum.
725 2273 838 2322 Quod
857 2287 923 2311 au-

244 2332 324 2366 tem
357 2328 517 2366 missum
545 2328 630 2375 fuit,
658 2333 826 2367 testatur
855 2328 923 2366 Pe-

243 2386 339 2429 trus,
351 2395 471 2433 quum
486 2382 587 2421 dixit
598 2382 777 2421 Cornelio
792 2388 923 2421 centu-

244 2436 344 2474 rioni
369 2451 376 2474 :
425 2437 570 2475 nMisic
610 2438 717 2475 Deus
763 2437 924 2475 Verbum

243 2490 472 2540 mmnfiliis
490 2491 618 2530 Israel
635 2505 708 2541 per
719 2492 924 2542 praedica-

244 2544 386 2583 tionem
412 2546 512 2583 ἄθεα
540 2546 695 2585 Chai-sci.
754 2546 836 2583 Hic
871 2552 924 2584 est

244 2599 351 2637 Deus
384 2600 561 2637 omniwm
594 2600 799 2638 Dominus.
881 2600 921 2638 Si

244 2666 336 2704 ergo
365 2653 539 2691 Verbum
563 2654 734 2692 mittitur
760 2667 831 2704 per
857 2654 882 2691 J
885 2667 922 2692 e-

244 2720 330 2744 sum
357 2707 566 2754 Christum,
592 2708 769 2746 voluntas
799 2707 923 2746 Patris

244 2767 303 2800 est
321 2762 346 2799 J
349 2774 435 2800 esus
454 2762 640 2800 Christus.

300 2815 408 2856 XIV.
429 2816 535 2855 Haec
546 2816 677 2865 igitur,
684 2816 832 2862 fratres,
845 2816 920 2866 sig-

508 2941 519 2954 *
546 2935 661 2966 Actor.
680 2946 711 2966 x.
732 2934 782 2974 56.

1362 1929 1534 1999 Πατὴρ
1570 1929 1658 1995 μὲν

977 2056 1135 2095 nificant
1149 2056 1260 2094 nobis
1276 2054 1507 2106 Scriptum.
1544 2054 1659 2094 Hane

977 2111 1250 2157 oeconomiam,
1279 2110 1320 2147 id
1353 2114 1423 2155 est,
1453 2109 1658 2148 incarnati-

978 2179 1102 2212 onem,
1130 2165 1251 2203 tradit
1279 2164 1391 2202 nobis
1418 2163 1443 2201 J
1447 2176 1589 2202 oannes
1615 2164 1657 2204 in

980 2219 1202 2269 Evangelio,
1230 2218 1454 2258 testimonio
1482 2231 1580 2266 suo;
1618 2224 1658 2257 et

978 2274 1050 2312 hoc
1078 2273 1252 2312 Verbum
1283 2272 1489 2311 confitetur
1518 2272 1656 2319 Deum,

978 2328 1032 2366 sic
1046 2328 1221 2378 inquiens
1239 2342 1246 2365 :
1272 2326 1323 2365 bI
1323 2342 1351 2364 n
1359 2327 1561 2377 principio
1575 2334 1658 2365 erat

988 2383 1160 2429 Verbum,
1180 2388 1214 2420 et
1250 2382 1410 2420 Verbum
1438 2388 1521 2420 erat
1550 2382 1661 2431 camd

979 2437 1117 2483 Deum,
1130 2443 1163 2474 et
1178 2437 1285 2474 Deus
1298 2442 1380 2474 erat
1402 2436 1573 2475 Verbum.
1616 2436 1657 2474 Si

979 2505 1071 2542 ergo
1091 2491 1264 2529 Verbum
1290 2496 1373 2529 erat
1394 2490 1497 2540 apud
1518 2490 1656 2537 Deum,

979 2551 1018 2584 et
1038 2546 1143 2583 Deus
1163 2551 1256 2591 erat,
1275 2544 1369 2595 quid
1395 2557 1487 2594 ergo
1503 2545 1517 2582 2
1556 2544 1658 2582 dicet

977 2613 1026 2638 ne
1044 2599 1182 2650 aliquis
1201 2599 1326 2638 dicere
1345 2599 1369 2637 J
1372 2611 1535 2636 oannem
1561 2599 1658 2636 duos

978 2654 1110 2692 Deos?
1168 2654 1276 2691 Duos
1305 2652 1461 2703 quidem
1494 2666 1571 2690 non
1600 2652 1657 2690 di-

978 2721 1072 2754 cam,
1091 2707 1158 2746 sed
1177 2720 1298 2744 unum
1317 2721 1327 2754 ;
1365 2719 1547 2757 personas
1564 2720 1657 2745 vero

975 2762 1080 2807 duas,
1100 2761 1361 2800 oeconomiam
1385 2761 1553 2808 tertiam,
1572 2774 1657 2812 gra-

975 2816 1070 2854 tiam
1092 2815 1178 2854 dico
1199 2815 1329 2854 Sancti
1351 2814 1527 2866 Spiritus.
1589 2815 1659 2859 Pu.-

1193 2933 1207 2954 ῑ·
1229 2934 1308 2966 Joh.
1326 2935 1347 2965 i.
1367 2945 1392 2965 ι.
