2034 3204
432 248 494 289 IN
527 248 569 290 S.
593 247 756 290 CYPR.
790 248 867 288 DE
903 248 1139 290 IDOLOR.
1164 249 1473 292 VANITATE.
1569 251 1654 292 335

252 357 448 414 principis
477 371 552 399 nec
581 358 651 399 Mc
686 365 732 399 tu
767 356 966 398 revocari.
1035 357 1083 398 In
1120 357 1244 400 MSto
1274 372 1437 414 quoque
1469 360 1654 401 Tewate-

252 429 355 456 rano
375 429 499 470 super
520 429 659 456 vocem
680 416 758 457 hoc
777 415 921 457 eadem
943 429 1067 457 manu
1088 416 1159 456 hic
1180 423 1225 458 ut
1249 416 1370 458 lectio
1391 416 1556 458 varians
1583 432 1651 473 po-

251 472 330 514 sita
350 478 425 514 est.

310 529 356 572 P.
387 540 480 584 273.
514 529 541 570 l.
571 541 637 585 29.
674 544 796 572 sensu
830 529 961 586 major
996 529 1073 586 est]
1112 529 1382 572 scribendum
1418 545 1542 573 ceku
1578 545 1654 587 pro

214 593 238 632 5
251 601 375 629 sensu
415 586 646 642 conjecerat
685 587 832 643 aliquis
866 587 978 643 apud
1009 587 1224 629 Marshalli
1262 588 1653 645 Interpretationem

254 643 364 700 Opp.
401 644 444 686 S.
468 644 667 700 Cypriani
703 645 932 702 Anglicam.
993 644 1092 686 Dixi
1127 645 1223 687 olim
1257 660 1377 687 voces
1412 645 1510 687 istas
1546 646 1655 688 inter

252 715 297 743 se
327 716 450 758 saepe
481 701 688 751 confundi,
711 708 754 745 et
783 718 951 746 censum
970 717 1110 745 vocem
1141 702 1430 760 Cyprianicam
1464 718 1552 746 esse
1582 719 1655 760 ag-

251 758 358 800 novi.
440 759 725 802 Veruntamen
769 761 826 802 nil
872 760 1114 802 mutandum
1154 775 1243 802 esse
1284 761 1489 804 Lactantii
1527 762 1655 804 verba

252 816 475 858 ostendunt
495 817 536 858 in
559 817 751 873 Epitome
772 817 866 860 Div.
890 817 1025 860 Instit.
1048 832 1136 874 cap.
1156 831 1197 868 2,
1219 825 1229 842 ⁴
1250 818 1369 860 Unus
1389 818 1518 877 igitur
1540 820 1655 861 Deus

191 880 263 913 ιο·
286 879 531 930 est-quem
561 890 636 917 nec
665 875 884 917 aestimare
914 890 1036 917 sensu
1057 876 1192 918 valeat
1221 876 1403 918 humana
1429 891 1556 926 mens,
1579 891 1655 919 nec

253 937 265 955 ‘
286 930 422 988 eloqui
442 931 585 989 lingua
603 933 800 975 mortalis.
862 932 1085 975 Sublimior
1100 933 1208 975 enim
1229 948 1277 975 ac
1293 933 1424 990 major
1441 941 1516 983 est,
1530 949 1653 990 quam

253 994 265 1013 ‘
285 995 333 1031 ut
353 988 480 1045 possit
499 996 572 1032 aut
593 990 840 1046 cogitatione
860 989 1035 1032 hominis
1048 996 1120 1032 aut
1133 1005 1320 1032 sermone
1333 992 1655 1048 comprehendi.'

311 1046 416 1088 Ibid.
438 1046 465 1089 l.
481 1060 550 1103 33.
574 1054 616 1090 et
635 1063 760 1104 quum
782 1049 904 1090 homo
925 1048 1046 1090 latius
1063 1048 1192 1104 [sora
1211 1048 1358 1105 laxius]
1374 1049 1557 1106 maneat]
1576 1050 1655 1091 Mi-

252 1103 407 1153 nucius,
424 1119 512 1161 cap.
527 1105 656 1154 xxxii,
675 1107 714 1160 ᾧ.
733 1119 769 1155 1,
783 1121 914 1162 quum
933 1107 1055 1148 homo
1076 1107 1221 1148 laxius
1241 1122 1452 1149 maneam.
1510 1108 1578 1150 Sic
1598 1108 1654 1149 ibi

192 1172 345 1212 15cum
377 1162 520 1204 Fulvio
549 1162 702 1205 Ursino
733 1161 1020 1220 expressimuS‚
1045 1163 1141 1220 quia
1170 1164 1326 1214 Cicero,
1349 1179 1471 1220 quem
1501 1164 1654 1207 imitari

252 1219 357 1262 solet
377 1219 595 1268 Minucius,
618 1222 819 1263 habitare
841 1222 949 1269 lame,
970 1235 1047 1278 pro
1069 1222 1204 1263 Domo
1226 1236 1312 1273 sua,
1334 1236 1423 1278 cap.
1444 1236 1513 1275 44,
1535 1222 1653 1266 dixit.

254 1277 426 1320 Codices
446 1291 544 1320 vero
575 1292 716 1320 omnes
742 1278 954 1344 Cypriani,
979 1279 1012 1320 si
1043 1278 1303 1335 transcripsit
1331 1280 1524 1329 Felicem,
1551 1295 1654 1337 prae

251 1348 296 1376 se
327 1335 462 1377 latius
481 1334 634 1385 ferunt,
655 1342 703 1378 ut
726 1336 917 1378 dubitare
944 1336 1022 1378 inci
1054 1336 1135 1378 iam
1165 1351 1219 1378 an
1243 1351 1318 1379 nec
1346 1338 1460 1393 prior
1485 1338 1567 1389 ille,
1591 1339 1655 1380 la-

253 1393 352 1440 tius,
366 1398 413 1434 ut
435 1393 618 1435 Sabaeus
639 1399 682 1436 et
702 1394 771 1436 Fr.
787 1393 1016 1436 Balduinus
1025 1351 1186 1450 legunt,
1200 1394 1423 1450 scripserit.
1448 1395 1654 1438 CELLA·

188 1462 239 1488 20
252 1449 406 1498 RIUS.
428 1449 628 1492 afferente
656 1451 878 1492 Lindnero.
941 1451 1120 1507 Utrique
1149 1451 1306 1493 auctori
1337 1452 1653 1495 adscribendum

252 1507 398 1549 laxius
417 1507 619 1557 existimo,
640 1509 750 1564 quod
774 1508 817 1550 in
846 1509 980 1551 latius
1000 1509 1065 1550 vel
1087 1510 1239 1558 lacius,
1262 1509 1338 1551 hoc
1358 1508 1466 1551 enim
1498 1510 1655 1554 habent

251 1563 378 1612 MSti,
393 1564 510 1607 facile
530 1565 747 1608 transibat,
800 1570 812 1590 ‘
826 1566 856 1608 J
857 1581 924 1608 am
939 1566 1131 1616 fiuxisse,’
1147 1573 1316 1622 questus
1336 1573 1399 1610 est
1418 1568 1530 1625 apud
1547 1568 1652 1626 Imp.

251 1621 554 1665 Diocletianum
575 1623 778 1673 Galerius,
802 1630 812 1647 ‘
827 1638 958 1666 annos
978 1623 1223 1680 quindecim,
1237 1625 1277 1666 in
1293 1624 1505 1682 Illyricum
1518 1626 1583 1668 vel
1598 1626 1653 1668 ad

252 1686 263 1703 ‘
284 1678 418 1736 ripam
431 1680 612 1723 Danubii
629 1695 672 1723 se
687 1681 918 1739 relegatum
935 1697 1025 1724 cum
1042 1682 1235 1740 gentibus
1250 1682 1439 1725 barbaris
1455 1683 1654 1726 luctatum

189 1743 239 1783 25
253 1743 264 1760 ‘
285 1751 386 1787 esse,
399 1751 526 1794 quum
541 1738 610 1781 alii
626 1738 737 1781 intra
753 1740 940 1782 laxiores
951 1745 994 1781 et
1006 1739 1229 1795 quietiores
1245 1746 1379 1782 terras
1392 1741 1565 1783 delicate
1580 1741 1655 1783 im-

253 1800 264 1818 ‘
286 1799 508 1851 perarante
548 1795 790 1838 Lactantius
811 1797 877 1838 De
898 1797 1104 1839 Mortibus
1126 1798 1455 1848 Persecutorum,
1477 1814 1565 1856 cap.
1590 1800 1653 1841 18.

310 1852 359 1894 Ρ.
387 1862 483 1907 274.
513 1852 540 1895 l.
562 1855 602 1895 6.
635 1853 716 1895 Dei
746 1854 987 1896 vocabulum
1021 1860 1155 1897 totum
1190 1856 1269 1909 est]
1310 1856 1536 1898 Obscurius
1571 1857 1653 1899 dic-

251 1913 353 1951 tum.
414 1909 606 1953 Fortasse
636 1925 712 1968 pro
734 1919 868 1954 totum
897 1911 1205 1954 rescribendum
1225 1913 1361 1955 solum
1381 1919 1456 1956 est.
1518 1920 1529 1938 ‘
1551 1914 1653 1956 Pro-

254 1972 265 1990 ‘
285 1966 377 2023 prio
397 1967 596 2010 vocabulo
615 1983 697 2010 non
717 1968 905 2026 indigere
919 1969 1084 2019 Deum‚'
1096 1970 1156 2012 ait
1171 1984 1334 2026 quoque
1351 1971 1591 2014 Lactantius
1610 1972 1654 2014 in

188 2039 240 2076 30
253 2024 444 2080 Epitome
465 2025 528 2067 his
541 2025 677 2068 verbis
697 2041 806 2075 usus,
824 2034 834 2050 ‘
848 2041 1024 2083 eumque
1040 2042 1128 2070 esse
1141 2027 1228 2070 sine
1242 2028 1419 2081 nomine,
1433 2030 1543 2085 quod
1559 2044 1654 2086 pro-

254 2087 265 2105 ‘
286 2080 377 2138 prio
397 2082 595 2125 vocabulo
625 2098 707 2125 non
737 2083 822 2126 indi
854 2090 922 2127 eat
952 2085 1050 2141 quia
1078 2085 1188 2127 solus
1217 2085 1296 2135 sit‚’
1327 2100 1415 2143 cap.
1437 2101 1478 2140 4.
1540 2087 1654 2129 Omi-

252 2145 397 2181 serunt
425 2154 566 2182 vocem
598 2141 769 2184 Codices
795 2099 905 2184 rffovi
935 2142 1107 2200 Collegii
1133 2155 1157 2185 2
1179 2148 1222 2186 et
1242 2156 1280 2198 3.
1342 2144 1514 2187 Habent
1537 2146 1654 2188 Deus

252 2211 335 2238 non
354 2198 440 2240 Dei
459 2197 660 2240 editiones
686 2204 780 2255 post
800 2199 1026 2242 Pamelium
1051 2207 1094 2243 et
1112 2206 1210 2243 ante
1232 2201 1459 2251 Baluzium,
1480 2202 1550 2258 qui
1569 2204 1655 2246 Dei

252 2254 473 2297 revocavit.
533 2256 651 2299 Deus
666 2256 759 2299 MS.
772 2257 917 2315 Drury
934 2257 1155 2309 recentior,
1177 2259 1262 2301 Dei
1281 2264 1420 2301 autem
1441 2260 1652 2303 vetustior.

188 2323 239 2363 35
254 2311 399 2359 Porro,
421 2326 547 2369 quum
576 2313 619 2355 in
639 2328 762 2356 versu
791 2316 979 2371 sequenti
1008 2321 1105 2358 ante
1126 2330 1265 2358 vocem
1291 2318 1477 2373 dzjffueue
1502 2318 1655 2361 scriba-

252 2374 322 2412 tur
341 2371 433 2425 ipse
462 2384 539 2427 pro
567 2379 679 2414 totus
704 2371 745 2414 in
767 2372 1051 2415 vetustissimis
1080 2373 1340 2424 editionibus,
1361 2380 1405 2417 et
1430 2375 1472 2417 in
1495 2376 1655 2419 Codici-

251 2426 330 2469 bus
349 2427 531 2484 quinque
557 2428 600 2470 in
627 2428 724 2472 edit.
748 2429 882 2472 Oxon.
904 2431 1244 2482 commemoratis
1265 2432 1436 2488 aliisque
1466 2433 1655 2476 omnibus

253 2484 388 2527 MStis
418 2485 566 2541 quibus
594 2485 638 2528 in
667 2487 745 2529 hoc
774 2487 912 2530 libello
939 2489 1100 2531 edendo
1130 2504 1226 2532 usus
1256 2504 1359 2541 sum,
1381 2505 1522 2533 vocem
1548 2492 1652 2547 ipse,

253 2548 480 2598 praeeunte
502 2543 724 2596 Gronovio,
744 2545 976 2601 ponendam
998 2546 1149 2589 curavi.

189 2608 241 2644 40
313 2599 417 2642 Ibid.
447 2600 474 2642 l.
506 2611 544 2656 7.
579 2601 687 2643 Nam
724 2608 766 2645 et
799 2603 866 2644 vul
899 2618 948 2645 us
979 2603 1022 2645 in
1053 2604 1192 2646 multis
1231 2604 1368 2646 Deum
1407 2605 1653 2649 naturaliter

253 2657 491 2714 confitetur]
523 2659 639 2701 Haec
668 2673 736 2701 res
766 2674 869 2716 pecu
926 2660 963 2702 ri
992 2661 1284 2704 commentario
1312 2662 1555 2705 Tertulliani
1585 2679 1653 2706 ar-

252 2722 496 2772 gumentum
515 2715 625 2768 fecit,
642 2716 846 2767 nimirum,
869 2717 921 2760 de
942 2718 1192 2761 Testimonio
1212 2718 1399 2761 Animae.
1431 2720 1591 2763 FELL.

313 2772 418 2816 Ibid.
438 2773 466 2815 1.
493 2787 557 2826 14.
581 2774 705 2825 Quon
726 2789 824 2816 vero
851 2780 895 2818 et
916 2775 1106 2818 Christus
1135 2776 1201 2829 sit,
1223 2776 1318 2831 &c.]
1345 2777 1393 2819 In
1414 2779 1564 2831 verbis,
1588 2781 1652 2822 εἰσ

252 2838 314 2873 est
333 2831 451 2879 ordo,
464 2832 528 2873 sic
546 2833 679 2882 ratio,
690 2832 861 2874 verbum
877 2841 939 2876 est
957 2839 1056 2876 ante
1070 2836 1188 2877 ratio
1203 2833 1348 2885 delevi,
1361 2835 1472 2891 quod
1491 2836 1652 2880 addidit

188 2888 241 2929 45
252 2888 570 2932 reclamantibus
589 2889 763 2933 caeteris
783 2890 988 2934 BaluziuS.
