2034 3204
702 236 784 276 DE
824 235 1182 278 ORATIONE.
1555 236 1633 276 1⁶21

237 350 418 390 stantes
465 344 689 390 eontinet.
781 344 951 391 Oratio
996 360 1162 391 murus
1213 351 1286 390 est
1333 343 1458 398 fidei,
1505 360 1639 390 arma

237 428 286 468 et
335 423 430 468 tela
481 430 644 468 nostra
693 424 920 469 adversus
971 422 1215 468 hominem
1258 421 1413 484 [fors.
1453 423 1637 468 hostem

240 498 490 561 Obertlmr]
513 500 598 560 qui
633 516 719 547 nos
750 500 962 560 undique
991 501 1223 546 observat.
1295 499 1465 560 Itaque
1500 515 1639 545 num-

235 592 378 637 quam
416 577 620 624 inermes
651 577 940 624 incedamus.
1012 576 1104 623 Die
1138 576 1372 630 stationis,
1397 583 1533 622 nocte
1568 576 1634 622 vi·

196 671 219 710 5
233 653 378 716 giliae
416 654 787 701 meminerimus.
857 655 958 701 Sub
995 654 1141 700 armis
1176 653 1405 700 orationis
1443 654 1634 715 signum

233 731 384 778 nostri
421 732 728 792 Imperatoris
763 732 1101 785 custodiamus,
1136 732 1303 777 tubam
1340 730 1518 792 Angeli
1555 747 1637 776 ex-

231 816 496 870 spectemus
543 816 746 856 orantes.
832 810 988 856 Orant
1037 809 1183 856 etiam
1230 808 1409 871 Angeli
1456 824 1634 854 omnes.

231 888 352 934 Orat
391 887 546 934 omnis
584 894 814 934 creatura.
885 888 1041 933 Orant
1080 888 1284 947 pecudes
1331 893 1379 933 et
1415 885 1559 940 ferae,
1587 893 1636 932 et

229 980 388 1027 genua
421 965 674 1019 declinant,
699 971 747 1011 et
781 965 1078 1028 egredientes
1112 966 1171 1010 de
1207 965 1408 1011 stabulis
1441 980 1495 1011 ac
1528 980 1636 1025 spe-

169 1057 217 1083 10
230 1042 397 1096 luncis,
416 1044 475 1089 ad
499 1045 679 1090 coelum
706 1059 802 1090 non
824 1043 966 1090 otiosi
987 1042 1141 1105 [smne.
1161 1043 1340 1089 otiosae
1365 1041 1430 1089 M
1427 1043 1626 1102 aratori]

228 1135 308 1166 ore
332 1120 614 1180 suspiciunt,
634 1120 875 1167 vibrantes
903 1119 1060 1184 [fors.
1084 1120 1353 1180 suspiciunt
1375 1120 1633 1181 vibrante‚]

228 1196 402 1256 spiritu
439 1212 526 1243 suo
562 1213 751 1244 movere
785 1196 936 1260 [som.
973 1195 1233 1256 movente}
1305 1198 1398 1244 Sed
1435 1204 1483 1244 et
1520 1213 1632 1244 aves

227 1289 353 1320 nunc
388 1280 699 1336 exsurgentes
733 1274 987 1337 eriguntur
1022 1276 1080 1321 ad
1129 1276 1327 1328 coelum,
1362 1282 1411 1320 et
1446 1276 1631 1320 alarum

226 1366 414 1397 crucem
448 1367 535 1411 pro
569 1352 790 1398 manibus
825 1354 1117 1412 expandunt,
1158 1359 1207 1399 et
1240 1352 1408 1398 dicunt
1448 1352 1629 1412 aliquid

166 1430 354 1488 15quod
388 1429 540 1475 oratio
563 1429 796 1477 videatur.
867 1430 994 1484 Quid
1029 1446 1142 1492 ergo
1165 1430 1372 1490 amplius
1395 1430 1454 1476 de
1478 1430 1632 1476 officio

223 1505 453 1552 orationis
477 1507 500 1553 ἶ)
571 1507 736 1554 Etiam
791 1508 893 1568 ipse
938 1508 1176 1555 Dominus
1226 1508 1397 1562 oravit,
1443 1508 1520 1554 cui
1566 1508 1633 1555 sit

224 1582 377 1630 honor
398 1590 447 1630 et
470 1584 624 1631 virtus
649 1585 699 1632 in
723 1588 912 1633 saecula
934 1588 1245 1633 saeculorum.
