2034 3204
526 261 610 303 DE
654 259 1014 304 IDOLORUM
1055 259 1406 302 VANITATE.
1582 260 1669 303 273

261 368 475 415 fatentur
511 375 559 415 et
597 370 656 415 de
695 367 898 414 obsessis
938 366 1214 426 corporibus
1249 366 1380 412 exire
1414 374 1665 426 coguntur.

262 447 441 493 Videas
476 447 581 493 illos
616 452 780 493 nostra
803 460 914 492 voce
936 452 983 490 et
1007 443 1280 504 operatione
1303 443 1569 504 majestatis
1593 459 1669 489 oc-

261 526 417 570 cultae
441 523 604 586 flagris
638 523 785 577 caedi,
809 523 920 585 igne
951 521 1135 575 torreri,
1160 522 1453 567 incremento
1487 536 1666 580 poenae

261 601 572 663 propagantis
595 601 800 653 extendi,
820 601 1012 662 ejulare,
1030 614 1233 662 gemere,
1247 598 1489 658 deprecari
1506 613 1517 651 ;
1541 600 1668 644 unde

224 697 248 735 5
263 678 459 724 veniant
483 684 529 725 et
543 680 735 738 quando
752 678 998 723 discedant
1022 676 1139 736 ipsis
1162 676 1307 722 etiam
1323 675 1408 735 qui
1432 690 1481 720 se
1505 677 1668 722 colunt

261 756 567 802 audientibus
612 754 856 809 confiteri3
905 761 952 800 et
989 756 1064 800 vel
1104 753 1334 800 exsiliunt
1379 753 1558 806 statim,
1595 754 1667 798 vel

261 839 550 879 evanescunt
582 832 839 895 gradatim,
876 838 1018 892 prout
1053 830 1168 877 fides
1203 829 1431 890 patientis
1468 831 1669 891 adjuvat

261 915 346 956 aut
368 910 526 971 gratia
549 910 761 956 curantis
785 909 1011 969 adspirat.
1085 908 1214 954 Hinc
1230 910 1404 969 vulgus
1428 907 1480 953 in
1504 907 1668 953 odium

262 986 414 1032 nostri
449 987 656 1032 nominis
689 992 880 1049 cogunt,
915 992 971 1032 ut
1005 1001 1090 1032 nos
1125 986 1280 1031 odisse
1315 985 1550 1044 incipiant
1584 985 1669 1031 ho-

202 1090 250 1115 10
262 1064 414 1110 mines
448 1071 705 1124 antequam
740 1079 889 1116 nosse,
915 1078 973 1109 ne
996 1063 1211 1125 cognitos
1239 1069 1323 1109 aut
1351 1062 1532 1108 imitari
1563 1077 1669 1121 pos-

262 1141 360 1187 sint
382 1148 467 1187 aut
490 1143 717 1188 damnare
740 1157 835 1188 non
859 1141 1058 1201 possint.

328 1218 388 1265 V.
427 1219 564 1265 Unus
596 1219 748 1281 igitur
778 1218 993 1264 omnium
1018 1218 1256 1264 Dominus
1280 1218 1426 1264 Deus,
1499 1218 1668 1278 Neque
1682 1232 1775 1264 Deus
1790 1242 1877 1264 unus

261 1294 388 1340 enim
414 1294 497 1341 illa
520 1295 790 1341 sublimitas
825 1301 980 1355 potest
1008 1296 1182 1341 habere
1213 1302 1493 1346 consortem,
1518 1310 1667 1354 quum
1680 1280 1742 1308 Μ’

263 1373 363 1417 sola
385 1387 572 1418 omnem
597 1379 755 1418 teneat
786 1378 1082 1432 potestatem.
1152 1372 1231 1418 Ad
1268 1372 1488 1417 divinum
1521 1371 1670 1430 impe-

203 1471 249 1510 ¹5
263 1449 389 1495 rium
413 1450 558 1496 etiam
582 1451 641 1496 de
664 1450 805 1496 terris
829 1456 1105 1496 mutuemur
1127 1451 1412 1508 exemplum.
1464 1449 1670 1502 Quando

262 1542 475 1587 unquam
510 1527 647 1589 regni
679 1528 877 1574 societas
901 1534 984 1574 aut
1008 1543 1118 1574 cum
1142 1527 1234 1573 fide
1266 1527 1421 1587 coepit
1452 1534 1537 1572 aut
1568 1527 1670 1573 sine

261 1620 428 1651 cruore
451 1604 634 1651 desiit?
705 1604 783 1651 Sic
808 1604 1151 1650 Thebanorum
1183 1604 1477 1666 germanitas
1511 1610 1669 1663 rupta,

262 1688 309 1728 et
345 1697 626 1742 permanens
674 1682 802 1744 rogis
842 1682 1186 1728 dissidentibus
1232 1682 1378 1727 etiam
1420 1681 1472 1726 in
1519 1687 1671 1726 morte

262 1759 512 1806 discordia.
584 1760 653 1805 Et
689 1760 931 1806 Romanos
966 1760 1182 1821 geminos
1218 1774 1368 1805 unum
1408 1774 1502 1804 non
1542 1758 1672 1818 capit

201 1861 251 1886 20
263 1852 478 1899 regnum,
513 1852 632 1896 quos
667 1852 817 1882 unum
852 1837 978 1882 uteri
1013 1836 1139 1895 cepit
1179 1835 1457 1895 hospitium.
1531 1835 1672 1881 Pom-

264 1912 400 1972 peius
423 1919 469 1959 et
495 1912 671 1959 Caesar
692 1913 855 1959 affines
878 1913 1087 1966 fuerunt,
1113 1927 1197 1958 nec
1229 1919 1390 1958 tamen
1416 1912 1673 1958 necessitu-

264 1990 392 2036 dinis
427 1990 593 2036 foedus
628 1990 680 2036 in
720 1991 908 2036 aemula
954 1995 1186 2050 potestate
1227 1996 1499 2036 tenuerunt.
1570 1989 1618 2035 N
1621 2005 1672 2035 ec

263 2067 342 2114 hic
375 2074 429 2113 tu
456 2068 514 2113 de
549 2067 741 2113 homine
775 2066 980 2120 mireris,
1004 2082 1154 2127 quum
1189 2067 1238 2112 in
1276 2068 1365 2112 hoc
1397 2067 1552 2112 omnis
1587 2083 1672 2113 na-

265 2151 374 2191 tura
397 2145 674 2191 consentiat.
747 2145 854 2191 Rex
886 2160 1011 2190 unus
1040 2150 1112 2190 est
1134 2144 1320 2204 apibus
1344 2151 1392 2190 et
1415 2146 1514 2190 dux
1547 2160 1673 2190 unus

201 2242 249 2280 ²5
264 2222 315 2268 in
333 2222 574 2285 gregibus,
590 2228 637 2268 et
661 2222 710 2268 in
735 2221 964 2268 armentis
983 2230 1137 2268 rector
1151 2238 1290 2268 unus.
1340 2222 1500 2268 Multo
1518 2222 1674 2283 magis

264 2299 432 2346 mundi
450 2315 576 2346 unus
600 2306 672 2346 est
694 2306 862 2352 rector,
883 2299 969 2359 qui
987 2299 1211 2345 universa
1229 2315 1542 2359 quaecunque
1560 2307 1674 2346 sunt

264 2377 408 2423 verbo
441 2377 593 2438 jubet,
629 2377 815 2423 ratione
848 2376 1107 2436 dispensat,
1143 2377 1323 2423 virtute
1360 2383 1673 2423 consummat.

268 2454 363 2500 Hic
399 2469 484 2501 nec
508 2454 661 2501 videri
694 2460 866 2514 potest,
890 2453 999 2499 visu
1022 2454 1195 2500 clarior
1217 2461 1319 2508 est3
1357 2470 1441 2500 nec
1465 2470 1675 2513 compre-

266 2531 426 2585 hendi,
450 2537 582 2578 tactu
614 2531 781 2592 purior
807 2538 909 2586 est3
946 2547 1030 2577 nec
1062 2531 1322 2586 aestimari,
1347 2547 1489 2577 sensu
1520 2532 1676 2592 major

199 2634 252 2670 30
265 2615 350 2654 est.
420 2608 490 2654 Et
526 2608 633 2654 ideo
668 2609 736 2654 sic
772 2623 882 2654 eum
916 2608 1062 2670 digne
1098 2608 1421 2660 aestimamus,
1451 2609 1566 2654 dum
1601 2608 1675 2653 in-

265 2686 611 2731 aestimabilem
643 2685 860 2732 dicimus,
931 2685 1070 2738 Quod
1096 2701 1208 2731 vero
1236 2687 1465 2745 templum
1499 2686 1673 2732 habere

268 2763 419 2822 possit
445 2761 581 2809 Deus
616 2764 754 2824 cujus
790 2764 1020 2822 templum
1057 2769 1186 2808 totus
1221 2770 1292 2809 est
1327 2763 1575 2809 mundus?
1627 2770 1674 2809 et

266 2855 415 2899 quum
440 2841 584 2886 homo
603 2840 754 2886 ‘latius
778 2838 927 2902 [jors.
947 2839 1130 2900 laxius]
1155 2847 1358 2893 maneat,
1375 2841 1503 2886 intra
1527 2857 1672 2886 uuam

334 2951 455 2984 VOL.
484 2952 517 2985 1.
1033 2952 1064 2983 T
