1988 3216
540 285 774 329 CONTRA
807 284 1112 326 HAERESIM
1145 284 1340 326 NOETI.

1587 283 1642 326 73

237 391 579 459 ἀναλαμβάνει,
602 395 628 446 ὀ
646 391 763 449 Υἱὸς
789 391 1094 458 καλούμενος.
1156 393 1284 444 Οὔτε
1309 389 1406 459 γὰρ
1429 390 1643 458 ἄσαρκος

238 480 315 530 καὶ
349 477 451 530 καθ’
477 477 644 532 ἑαυτὸν
669 480 695 531 ὁ
727 476 889 544 Λόγος
919 475 1099 531 τέλειος
1131 474 1191 541 ἧν
1220 476 1350 539 Υἱὸς,
1386 475 1535 527 καίτοι
1568 473 1642 526 τέ-

177 579 182 584 “
238 570 364 618 λειος
397 561 559 630 Λόγος
592 562 659 615 ὧν
689 560 963 630 μονογενὴς,
989 561 1087 614 οὔθ’
1114 561 1143 626 ἡ
1174 558 1312 628 σὰρξ
1346 560 1448 612 καθ
1475 559 1647 625 ἑαυτὴν

238 649 348 716 δίχα
371 653 457 700 τοῦ
483 647 648 715 Λόγου
682 650 947 713 ὑποστῆναι
978 645 1201 712 ἠδύνατο,
1231 644 1307 696 διὰ
1330 643 1387 697 τὸ
1421 645 1471 696 ἐν
1497 642 1646 714 Λόγῳ

202 729 326 796 5τὴν
370 731 619 785 σύστασιν
663 733 798 803 ἔχειν.

239 819 366 869 Θεοῦ
389 816 679 886 ἐφανερώθη.

878 733 1050 788 Οὕτως
1092 731 1176 783 οὖν
1213 727 1276 786 εἷς
1312 727 1430 784 Υἱὸς
1466 727 1647 784 τέλειος

314 899 396 956 ις’.
442 903 539 955 Καὶ
575 908 726 955 ταῦτα
762 902 848 968 μὲν
885 906 990 971 περὶ
1028 899 1322 970 σαρκώσεως
1357 905 1444 952 τοῦ
1483 897 1649 965 Λόγου

239 987 485 1057 μαρτύρια·
521 988 654 1041 ἔστιν
673 988 723 1040 δὲ
748 991 823 1040 καὶ
850 988 983 1056 ἕτερα
1006 990 1231 1040 πλεῖστα.
1274 984 1478 1050 Ἵδωμεν
1497 983 1546 1036 δὲ
1571 986 1648 1036 καὶ

239 1072 295 1126 τὸ
329 1074 648 1142 προκείμενον,
675 1073 746 1126 ὅτι
777 1072 944 1136 ὄντως,
972 1072 1194 1142 ἀδελφοὶ,
1221 1071 1250 1136 ἡ
1277 1069 1472 1136 δύναμις
1496 1069 1525 1135 ἡ
1550 1092 1645 1122 πα-

181 1187 228 1213 10
239 1161 387 1230 τρῷα,
417 1158 444 1211 ὅ
467 1160 600 1212 ἐστιν
626 1159 804 1226 Λόγος,
833 1158 913 1211 ἀπ’
935 1159 1139 1226 οὐρανοῦ
1171 1158 1424 1221 κατῆλθεν,
1453 1155 1530 1207 καὶ
1564 1156 1649 1207 οὐκ

240 1242 382 1300 αὐτὸς
407 1245 433 1296 ὁ
454 1242 639 1312 Πατήρ.
695 1243 832 1310 Λέγει
857 1242 954 1311 γὰρ
973 1243 1135 1298 οὕτως·
1177 1249 1191 1272 ‘
1207 1239 1342 1308 Ἐγὼ
1367 1242 1418 1293 ἐκ
1436 1246 1522 1293 τοῦ
1544 1244 1647 1293 Πα-

244 1337 259 1362 ‘
276 1329 388 1397 τρὸς
423 1328 650 1398 ἐξῆλθον,
691 1330 768 1381 καὶ
805 1328 918 1394 ἥκω.

927 1333 938 1352 ’
993 1328 1060 1380 Τι’
1095 1326 1150 1378 δέ
1179 1328 1311 1380 ἐστιν
1336 1325 1406 1390 τὸ,
1441 1324 1651 1394 ε’ᾖλθον

247 1414 365 1489 [fors.
388 1414 414 1468 ὃ
437 1413 669 1487 ἐξῆλθεν]
691 1415 742 1465 ἐκ
766 1418 852 1465 τοῦ
879 1411 1089 1481 Πατρὸς,
1109 1413 1223 1463 ἀλλ’
1245 1410 1275 1477 ἢ
1301 1413 1327 1464 ὁ
1354 1409 1544 1478 Myos-3
1587 1411 1655 1464 Τί

243 1500 291 1554 δὲ
316 1499 373 1554 τὸ
393 1497 452 1568 ἐξ
473 1499 619 1552 αὐτοῦ
648 1497 890 1566 γεννηθὲν,
919 1495 1079 1562 ἀλλ’ἢ
1109 1501 1323 1562 Πνεῦμα,
1351 1496 1600 1549 τουτέστιν
1626 1498 1652 1549 ὁ

183 1612 230 1650 15
244 1585 435 1654 Λόγος;
476 1583 622 1637 Ἀλλ’
647 1585 762 1652 ἐρεῖς
798 1606 895 1648 μοι,
932 1586 1048 1638 Πῶς
1082 1580 1390 1649 γεγέννηται;
1432 1579 1538 1646 Τὴν
1566 1580 1653 1647 μὲν

243 1668 364 1724 κατά
401 1692 459 1723 σε
497 1667 739 1736 διήγησιν,
768 1670 847 1732 ὡς,
871 1667 1175 1735 γεγέννησαι,
1205 1668 1260 1719 οὑ
1285 1665 1402 1736 δύνῃ
1437 1665 1651 1735 ἐξειπεῖν,

243 1756 393 1808 καίτοι
422 1757 507 1820 τῆς
538 1752 742 1819 ἑκάστης
777 1753 952 1822 ἡμέρας
981 1754 1106 1821 ὁρῶν
1128 1752 1216 1818 τὴν
1243 1751 1366 1805 κατὰ
1398 1751 1653 1820 ἄνθρωπον

243 1841 412 1894 αἰτίαν·
452 1842 530 1892 καὶ
559 1837 646 1905 τὴν
669 1841 777 1908 περὶ
804 1844 974 1892 τοῦτον
1000 1837 1269 1903 οἰκονομίαν
1294 1839 1504 1906 ἀκριβῶς
1529 1836 1649 1906 ἐξει-

244 1929 347 1978 πεῖν
365 1926 422 1978 οὐ
441 1924 660 1978 δύνασαι.
717 1925 795 1977 Οὐ
821 1922 916 1992 γὰρ
933 1921 1166 1991 πάρεστίν
1187 1946 1268 1975 σοι
1294 1922 1547 1990 γινώσκειν
1564 1921 1653 1988 τὴν

246 2082 348 2120 enim
381 2082 553 2120 Verbum
586 2094 654 2132 per
686 2094 726 2119 se
763 2086 803 2119 et
839 2080 920 2118 sine

246 2149 358 2174 carne
413 2135 603 2186 perfectus
650 2135 772 2173 Filius
827 2140 920 2181 erat,

247 2203 366 2240 quum
402 2195 533 2228 tamen
570 2194 669 2228 esset
710 2188 921 2240 perfeetum

247 2244 431 2290 Verbum,
476 2243 707 2295 unigenitus.
785 2243 922 2294 Neque

247 2311 335 2336 earo
361 2312 430 2349 per
452 2311 493 2336 se
521 2298 602 2336 sine
625 2298 754 2336 Verbo
783 2297 923 2335 subsis-

247 2357 329 2391 tere
356 2357 519 2403 poterat,
539 2352 629 2404 quia
647 2352 687 2389 in
707 2351 836 2390 Verbo
858 2351 923 2389 ha-

246 2406 362 2445 bebat
397 2408 458 2454 τὴν
489 2406 672 2454 σύστασιν,
704 2406 743 2444 id
781 2411 850 2453 est,
883 2406 923 2443 in

248 2460 377 2499 Verbo
414 2460 655 2499 subsistebat.
731 2460 794 2499 Sic
832 2474 924 2511 ergo

248 2528 347 2553 unus
362 2515 484 2553 Filius
503 2515 575 2553 Dei
595 2514 785 2566 perfectus
804 2515 924 2552 mani-

249 2569 408 2607 festatus
427 2574 495 2607 est.

309 2622 418 2660 XVI.
455 2622 586 2674 Atque
632 2622 724 2661 haec
770 2623 924 2674 quidem

250 2682 340 2715 sunt
364 2676 411 2714 de
434 2676 693 2715 incarnatione
713 2677 831 2715 Verbi
850 2682 925 2715 tes-

249 2731 420 2778 timonia,
452 2735 491 2769 et
521 2730 594 2768 alia
626 2731 800 2781 plurima.
859 2730 926 2768 Vi-

250 2785 407 2823 deamus
436 2798 536 2823 nunc
559 2785 660 2835 quod
687 2785 926 2835 propositum

251 2839 360 2877 nobis
398 2846 465 2883 est,
502 2839 603 2890 quod
642 2853 740 2886 vere,
780 2839 925 2886 fratres,

976 2080 1098 2119 virtus
1119 2079 1253 2126 Patris,
1273 2079 1376 2130 quod
1402 2083 1460 2117 est
1480 2078 1652 2116 Verbum

977 2134 1061 2181 Dei,
1088 2148 1109 2172 e
1137 2133 1242 2172 coelo
1270 2133 1477 2180 descendit,
1506 2137 1545 2171 et
1575 2146 1652 2170 non

976 2188 1058 2240 ipse
1083 2188 1207 2235 Pater,
1227 2188 1281 2226 sic
1305 2187 1407 2226 enim
1431 2187 1511 2226 ait:
1542 2187 1654 2236 ειΕρο

977 2256 1023 2281 eae
1040 2243 1160 2281 Patre
1183 2242 1295 2289 exivi,
1315 2248 1349 2280 et
1371 2242 1490 2279 venio.
1550 2241 1654 2290 Quid

979 2302 1037 2336 est
1055 2302 1185 2336 autem
1199 2296 1303 2348 quod
1322 2309 1371 2334 ex
1389 2296 1502 2335 Patre
1522 2295 1653 2342 exivit,

979 2351 1052 2389 nisi
1077 2351 1276 2390 Verbum?
1333 2350 1436 2399 Quid
1465 2355 1523 2389 est
1551 2349 1654 2401 quod

979 2419 1027 2444 ex
1053 2406 1136 2457 ipso
1161 2405 1335 2456 genitum
1359 2410 1417 2443 est
1441 2404 1514 2442 nisi
1535 2403 1655 2455 Spiri-

978 2466 1053 2507 tus,
1074 2460 1113 2498 id
1142 2465 1211 2507 est,
1227 2460 1427 2498 Verbum?
1458 2459 1533 2498 Sed
1553 2458 1656 2496 dices

980 2515 1100 2552 mihi:
1132 2514 1335 2563 Quomodo
1366 2513 1540 2564 genitum
1571 2512 1656 2551 est?

981 2569 1289 2619 Explicationem
1308 2567 1502 2618 quomodo
1525 2572 1569 2604 tu
1592 2580 1657 2617 ge-

981 2623 1085 2661 nitus
1109 2636 1159 2669 es,
1179 2636 1256 2660 non
1285 2628 1394 2672 potes
1420 2634 1656 2671 expromere,

981 2677 1155 2727 quamvis
1178 2676 1350 2727 quotidie
1369 2675 1476 2714 vides
1505 2689 1657 2714 causam

982 2731 1189 2769 humanam
1206 2744 1217 2778 3
1251 2736 1290 2768 et
1315 2730 1473 2768 modum
1501 2743 1658 2780 genera-

983 2785 1098 2823 tionis
1123 2799 1200 2823 non
1226 2791 1335 2835 potes
1363 2784 1528 2835 perfecte
1552 2783 1659 2822 effer—

983 2853 1033 2877 re.
1075 2839 1164 2878 Non
1186 2839 1286 2877 enim
1307 2839 1394 2878 lieet
1410 2838 1480 2877 tibi
1501 2852 1659 2889 cognos-

823 2947 835 2961 ·
852 2941 930 2973 Joh.
952 2942 1015 2972 xvi.
1041 2944 1087 2972 28.
