2034 3204
677 796 872 848 FIDES
907 797 1179 848 NICAENI
1215 797 1515 857 CONCILII,

402 931 571 971 Exstans
598 936 688 972 ante
711 932 894 972 Codicem
918 933 1120 973 Canonum
1138 934 1321 974 Veterem
1343 935 1536 975 Ecclesiae
1558 935 1764 983 Romanae,
1783 946 1807 971 a

428 997 491 1036 Fr.
514 997 675 1038 Pithoeo
693 999 933 1048 adornatum,
947 999 1064 1038 Paris.
1087 1013 1109 1039 e
1126 1000 1382 1052 typographia
1400 1001 1507 1053 regia
1530 1002 1644 1050 1687,
1663 1014 1700 1052 p.
1718 1013 1778 1039 22.

460 1108 680 1151 emmas
717 1109 760 1150 in
799 1123 926 1152 unum
962 1110 1099 1152 Deum
1131 1111 1314 1161 Patrem,
1350 1111 1685 1168 omnipotentem,
1722 1126 1807 1154 om-

400 1176 512 1218 nium
524 1176 742 1220 visibilium
761 1192 922 1220 necnon
943 1184 986 1221 et
1005 1178 1268 1222 invisibilium
1283 1179 1508 1223 factorem:
1540 1181 1598 1223 Et
1615 1180 1660 1223 in
1679 1195 1806 1223 unum
1819 1194 1843 1234 5

401 1245 626 1289 Dominum
655 1252 843 1289 nostrum
869 1248 899 1290 J
901 1262 1015 1290 esum
1037 1247 1262 1298 Christum,
1286 1247 1435 1291 Filium
1465 1249 1559 1301 Dei,
1580 1255 1724 1292 natum
1753 1265 1806 1292 ex

401 1314 540 1364 Patre,
565 1314 838 1373 unigenitum,
865 1316 944 1359 hoc
974 1321 1049 1367 est,
1071 1331 1123 1359 cx
1154 1317 1386 1360 substantia
1413 1317 1566 1367 Patris,
1585 1318 1723 1361 Deum
1752 1333 1806 1362 ex

401 1383 507 1432 Deo,
528 1383 668 1426 lumen
698 1398 751 1426 ex
780 1384 947 1434 lumine,
976 1385 1114 1427 Deum
1144 1400 1287 1429 verum
1319 1401 1372 1429 ex
1402 1387 1494 1429 Deo
1520 1402 1632 1438 vero,
1661 1393 1806 1431 natum

401 1466 483 1494 non
503 1458 703 1505 creatum,
723 1453 977 1503 homousion,
999 1454 1077 1496 hoc
1097 1460 1173 1505 est,
1195 1454 1379 1511 ejusdcm
1399 1455 1667 1499 substantiae.
1723 1457 1806 1499 Per

401 1536 523 1578 quem
554 1521 691 1564 omnia
708 1522 820 1565 facta
847 1529 955 1573 sunt,
977 1522 1172 1566 coelestia
1201 1530 1244 1566 et
1273 1530 1455 1566 terrena.
1519 1524 1602 1576 Qui
1631 1531 1805 1583 propter
1823 1539 1871 1565 10

400 1605 475 1632 nos
504 1590 703 1641 homines,
725 1596 768 1634 et
796 1598 970 1648 propter
999 1591 1172 1635 salutem
1204 1597 1401 1642 nostram,
1423 1593 1647 1643 descendit,
1673 1599 1716 1637 et
1744 1593 1806 1636 in-

401 1666 594 1702 carnatus
613 1665 704 1710 est;
736 1665 779 1702 et
803 1660 926 1702 homo
946 1660 1081 1703 factus
1101 1675 1247 1717 passus
1267 1667 1345 1712 est,
1367 1667 1410 1704 et
1429 1661 1660 1705 resurrexit
1679 1662 1805 1706 tertio

400 1728 479 1771 die.
540 1728 740 1771 Ascendit
773 1728 816 1771 in
846 1729 1016 1780 coelum,
1048 1735 1246 1772 venturus
1278 1729 1374 1773 inde
1403 1730 1593 1787 judicare
1620 1731 1734 1774 vivos
1761 1738 1806 1775 et

401 1802 598 1840 mortuos.
659 1797 716 1840 Et
734 1796 777 1839 in
799 1797 999 1854 Spiritum
1023 1799 1234 1842 Sanctum.
1295 1799 1379 1841 Eos
1398 1805 1537 1842 autem
1558 1800 1629 1857 qui
1649 1800 1804 1851 dicunt,

401 1866 508 1909 Erat
541 1872 705 1923 tempus
739 1866 904 1922 quando
938 1881 1021 1908 non
1056 1873 1160 1918 erat,
1194 1873 1236 1910 et
1275 1868 1514 1925 priusquam
1550 1875 1804 1920 nasceretur,
1822 1883 1869 1922 15

400 1949 484 1977 non
504 1941 608 1985 erat,
630 1941 673 1978 et
692 1934 789 1991 quia
815 1950 867 1978 ex
895 1935 1015 1978 nullis
1045 1936 1359 1980 subsistentibus
1379 1937 1512 1980 factus
1539 1944 1626 1987 est;
1659 1944 1733 1982 aut
1752 1954 1804 1982 ex

400 2004 483 2046 alia
517 2004 758 2055 substantia,
789 2004 855 2047 vel
885 2004 1075 2055 essentia,
1107 2006 1250 2049 dicunt
1279 2021 1368 2049 esse
1400 2012 1580 2063 trepton,
1615 2007 1692 2050 hoc
1727 2013 1803 2061 est,

401 2072 724 2123 convertibilem,
741 2079 814 2116 aut
832 2073 1071 2116 mutabilem
1090 2074 1237 2117 Filium
1259 2075 1364 2126 Dei;
1387 2075 1462 2118 hos
1482 2075 1805 2120 anathematizat

403 2142 617 2185 Catholica
636 2148 679 2185 ct
699 2142 936 2199 Apostolica
957 2142 1151 2186 Ecclesia.
