2034 3204
250 332 276 363 C
283 333 316 363 A
324 332 362 363 P.

233 375 376 407 XVIII.

253 1259 366 1291 CAP.

257 1303 360 1334 XIX.

258 2196 370 2228 (JAI‘.

278 2239 357 2271 XX,

212 2516 312 2548 ,lnam
333 2517 376 2548 ix.

212 2561 314 2593 doun.
330 2560 396 2591 viii.

212 2604 313 2635 duam
327 2604 372 2637 vi.

216 2647 318 2679 Μειιι,
339 2649 404 2678 xix.

216 2691 318 2723 Mum.
333 2701 360 2721 v.

218 2734 318 2765 Mau..
339 2735 393 2765 xii,

218 2777 317 2809 Mun.
338 2788 367 2809 x.

423 216 507 258 136
895 215 1348 258 TERTULLIANI

491 317 577 362 Ille
612 333 737 371 vero,
769 317 810 362 si
845 316 954 376 quis
989 323 1060 361 est
1091 316 1228 376 cujus
1265 328 1410 360 causa
1439 313 1490 358 in
1519 325 1824 371 congressum

421 395 666 441 descendis
713 395 1084 454 Scripturarum‚
1125 400 1180 438 ut
1219 407 1329 438 eum
1374 391 1676 437 dubitantem
1717 402 1827 433 con-

423 473 595 527 firmes,
620 474 678 518 ad
704 473 970 524 veritatem,
989 487 1050 516 an
1069 471 1223 532 magis
1247 471 1307 515 ad
1333 470 1546 514 haereses
1565 468 1786 527 deverget
1802 465 1824 509 ἶ)

423 550 530 597 Hoc
571 551 675 612 ipso
709 557 880 595 motus,
916 550 1041 608 quod
1083 554 1129 594 te
1163 547 1322 593 videat
1363 545 1485 591 nihil
1520 543 1826 605 promovisse,

422 645 575 689 aequo
597 630 751 690 gradu
786 627 993 689 negandi
1017 633 1064 671 et
1091 623 1376 671 defendendi
1407 623 1598 669 diversa
1622 621 1772 683 [sors.
1798 634 1864 672 a5

422 706 632 767 diversa]
669 711 805 766 parte
842 711 1092 755 statutum,
1127 708 1253 748 certe
1287 702 1347 747 de
1377 700 1483 760 pari
1523 699 1827 746 altercatione

424 785 651 830 incertior
680 784 905 834 discedet,
936 781 1148 826 nesciens
1183 795 1324 840 quam
1361 777 1592 823 haeresim
1628 776 1826 838 judicet.

428 863 559 908 Haec
591 862 759 921 utique
783 868 830 905 et
854 859 946 919 ipsi
980 859 1158 904 habent
1181 858 1232 903 in
1256 872 1341 902 nos
1375 865 1662 915 retorquere.
1734 854 1830 899 Ne-

424 956 550 986 cesse
586 947 654 984 est
688 939 815 985 enim
852 944 899 983 et
931 937 1037 983 illos
1069 936 1239 990 dicere,
1265 951 1294 980 a
1328 934 1466 980 nobis
1501 932 1661 993 potius
1696 933 1831 977 adul-

425 1018 544 1063 teria
585 1017 943 1077 Scripturarum
984 1021 1032 1060 et
1072 1013 1424 1074 expositionum
1471 1010 1718 1056 mendacia
1757 1010 1896 1055 in-10

423 1095 549 1149 ferri,
574 1095 657 1154 qui
696 1094 892 1154 proinde
917 1091 1067 1154 [for-§2
1094 1089 1314 1152 perinde]
1338 1090 1429 1136 sibi
1464 1089 1722 1135 defendant
1750 1103 1830 1133 ve-

424 1171 630 1216 ritatem.

493 1247 627 1309 Ergo
651 1263 746 1292 non
769 1247 829 1292 ad
866 1246 1137 1305 Scripturas
1171 1245 1520 1303 provocandum
1553 1249 1638 1296 est,
1663 1258 1748 1288 nec
1779 1242 1830 1288 in

427 1326 500 1371 bis
541 1325 928 1371 constituendum
969 1329 1221 1376 certamen,
1266 1321 1316 1367 in
1356 1320 1532 1381 quibus
1573 1328 1657 1366 aut
1699 1321 1833 1366 nulla
1875 1313 1877 1315 ’

426 1410 510 1449 aut
534 1403 716 1448 incerta
739 1401 939 1447 victoria
963 1408 1048 1453 est,
1074 1406 1159 1445 aut
1181 1415 1270 1459 par
1292 1399 1513 1445 incertae.
1587 1397 1717 1443 Nam
1741 1396 1831 1443 etsi
1851 1417 1897 1455 ¹5

427 1497 522 1526 non
547 1481 615 1525 ita
639 1480 859 1531 evaderet
883 1478 1090 1524 conlatio
1114 1477 1485 1536 Scripturarum,
1503 1481 1559 1520 ut
1577 1479 1832 1534 utramque

427 1566 610 1619 partem
636 1572 799 1617 parem
824 1556 1026 1608 sisteret,
1051 1556 1167 1600 ordo
1190 1569 1350 1600 rerum
1374 1552 1687 1606 desiderabat,
1712 1551 1832 1598 illud

427 1636 560 1696 prius
597 1634 808 1695 proponi,
842 1634 967 1693 quod
1009 1648 1130 1677 nunc
1166 1633 1319 1676 solum
1355 1630 1698 1690 disputandum
1735 1634 1832 1674 est:

428 1714 616 1768 Quibus
641 1718 879 1771 competat
902 1709 1018 1756 fides
1042 1710 1146 1769 ipsa
1161 1709 1183 1754 ἶ)
1221 1709 1375 1770 Cujus
1399 1707 1497 1753 sint
1521 1706 1794 1766 Scripturae
1809 1706 1832 1751 P

429 1793 475 1837 A
500 1807 608 1851 quo,
633 1796 680 1835 et
704 1805 788 1849 per
811 1804 942 1848 quos,
970 1794 1018 1833 et
1041 1788 1246 1847 quando.
1272 1794 1317 1831 et
1352 1785 1526 1845 quibus
1561 1784 1622 1830 sit
1657 1783 1834 1829 tradita
1851 1799 1900 1825 20

429 1869 696 1929 disciplina,
722 1882 817 1927 qua
846 1866 969 1912 fiunt
993 1864 1297 1911 Christiani?
1334 1863 1433 1909 Ubi
1468 1862 1594 1909 enim
1631 1877 1836 1922 apparu-

429 1949 520 1995 erit
544 1964 643 1994 esse
669 1947 914 1993 veritatem
941 1954 987 1991 et
1011 1944 1293 2004 disciplinae
1317 1949 1365 1990 et
1389 1941 1498 1989 fidei
1518 1941 1842 1995 Christianae,

432 2026 526 2072 illic
562 2025 653 2071 erit
689 2015 865 2070 veritas
901 2022 1274 2082 Scripturarum‚
1309 2028 1358 2066 et
1389 2019 1753 2080 expositionum,
1789 2025 1836 2064 et

431 2103 644 2148 omnium
672 2101 984 2148 traditionum
1010 2098 1410 2146 Christianarum.

499 2180 722 2226 Christus
745 2179 886 2225 ‚Iesus
912 2177 1148 2224 Dominus
1184 2183 1355 2229 noster,
1383 2175 1651 2235 (permittat
1683 2174 1837 2220 dicere
1853 2189 1902 2227 25

434 2257 641 2311 interim,
661 2256 879 2316 quisquis
903 2262 986 2308 est,
1007 2255 1351 2316 cujuscumque
1376 2252 1465 2299 Dei
1493 2251 1661 2303 Filius,
1680 2251 1838 2312 cujus-

431 2350 634 2395 cumque
670 2333 896 2380 materiae
931 2333 1074 2378 homo
1102 2338 1149 2377 et
1180 2331 1327 2383 DeuS‚
1351 2331 1693 2391 cujuscumque
1729 2326 1837 2374 fidei

434 2418 719 2472 praeceptor,
739 2411 1082 2471 cujuscumque
1100 2408 1328 2454 mercedis
1350 2406 1685 2468 repr01nissor;
1721 2406 1836 2465 quid

433 2497 570 2543 esset,
594 2489 708 2550 quid
743 2488 926 2541 fuisset,
950 2502 1094 2547 quam
1123 2486 1282 2532 Patris
1307 2487 1599 2531 voluntatem
1633 2482 1837 2529 admini-

434 2574 622 2621 straret,
646 2566 761 2626 quid
800 2564 982 2611 homini
1012 2565 1250 2626 agendum
1275 2563 1647 2619 deterininaret‚)
1673 2575 1839 2621 quam-
1852 2581 1905 2616 30

434 2645 518 2691 diu
553 2644 599 2691 in
635 2643 773 2690 terris
809 2643 995 2705 agebat,
1021 2642 1120 2702 ipse.
1157 2640 1500 2701 pronunciabat
1533 2639 1632 2686 sive
1664 2639 1838 2699 populo

438 2724 610 2781 palam,
653 2721 752 2767 sive
798 2720 1090 2767 discentibus
1141 2733 1368 2770 seorsum,
1410 2734 1467 2764 ex
1505 2717 1679 2777 quibus
1719 2716 1837 2761 ‹luo-

217 2822 417 2853 ,ψιμωη
435 2799 584 2845 decim
636 2799 911 2858 praecipuos
960 2797 1093 2843 lateri
1142 2812 1228 2842 suo
1274 2797 1530 2856 adlegerat.
1576 2793 1839 2839 destinatos
