2034 3204
149 1051 268 1084 Cultus
285 1052 347 1082 iste

148 1108 208 1139 per
223 1099 342 1137 gentes

149 1141 269 1178 varius,
289 1143 323 1171 et

148 1184 290 1216 subinde

149 1231 301 1260 mutatus
317 1239 322 1259 z

150 1284 247 1315 por-ro
263 1273 318 1304 ab·

150 1317 269 1348 surdus
285 1320 319 1347 et

150 1360 333 1393 cultoribus

151 1404 289 1436 inutilis.

360 161 446 200 2⁸0
867 160 911 202 S.
945 160 1260 202 CYPRIANI

363 269 560 315 Latium
584 270 643 314 de
660 270 848 315 latebra
871 270 974 331 ejus
999 285 1171 315 nomeu
1195 267 1389 327 accepit.
1463 266 1558 311 Hic
1581 265 1766 310 litteras

362 346 652 406 imprimere,
679 346 756 392 hic
781 346 970 408 signare
994 361 1215 391 nummos
1244 345 1294 390 in
1321 344 1464 390 Italia
1487 343 1672 403 primus
1696 342 1768 387 in-

363 423 549 468 stituit:
585 423 696 469 inde
726 423 961 468 aerarium
988 422 1185 467 Saturni
1209 427 1418 466 vocatur.
1490 420 1558 465 Et
1582 419 1770 465 rustici-

363 500 478 545 tatis
518 500 593 546 hic
630 503 785 546 cultor
821 499 942 545 fuit:
980 499 1092 544 inde
1133 499 1304 544 falcem
1340 499 1499 543 ferens
1536 496 1768 559 pingitur.

367 577 511 623 Hunc
552 577 775 639 fugatum
811 577 1020 636 hospitio
1054 577 1086 621 J
1089 592 1208 622 anus
1244 582 1503 635 exceperat,
1539 577 1597 620 de
1632 575 1806 635 cujus5

364 655 557 700 nomine
588 655 619 700 J
623 655 866 701 aniculum
900 655 1083 700 dictum
1119 660 1202 707 est,
1227 661 1275 699 et
1310 653 1485 698 mensis
1509 653 1539 698 J
1544 651 1771 697 anuarius

366 732 616 778 institutus
641 739 725 778 est.
797 732 904 791 Ipse
930 732 1112 777 bifrons
1131 730 1429 790 exprimitur,
1449 731 1577 789 quod
1601 729 1652 774 in
1676 744 1774 774 me-

366 809 446 854 dio
470 809 760 854 constitutus
795 824 974 855 annum
1011 808 1319 868 incipientem
1353 807 1534 867 pariter
1567 813 1615 854 et
1649 823 1774 852 rece-

366 888 555 932 dentem
573 894 783 946 spectare
800 886 1029 932 videatur.
1068 886 1233 932 Mauri
1247 901 1359 931 vero
1374 885 1624 930 manifeste
1639 901 1773 946 reges

368 964 544 1018 colunt,
569 980 654 1010 nec
677 966 776 1010 ullo
801 966 1065 1010 velamento
1090 964 1177 1010 hoc
1202 979 1373 1010 nomen
1398 964 1644 1008 obtexunt.
1791 978 1839 1003 10

437 1042 503 1088 ΙΙ.
541 1042 660 1088 Inde
693 1057 776 1101 per
809 1047 974 1104 gentes
1010 1048 1057 1088 et
1087 1041 1358 1102 provincias
1394 1040 1608 1103 singulas
1641 1040 1776 1087 varia

369 1121 566 1166 deorum
598 1119 768 1182 religio
796 1126 1026 1174 mutatur,
1051 1121 1165 1165 dum
1191 1135 1287 1165 non
1316 1135 1439 1166 unus
1470 1121 1531 1165 ab
1554 1119 1775 1165 omnibus

369 1196 501 1242 Deus
537 1196 724 1251 colitur,
756 1198 837 1242 sed
873 1197 1067 1257 propria
1100 1197 1271 1257 cuique
1308 1198 1543 1259 majorum
1580 1213 1775 1243 suorum

370 1276 558 1320 cultura
592 1281 822 1320 servatur.
897 1275 1001 1320 Hoc
1036 1274 1106 1320 ita
1137 1290 1238 1320 esse
1261 1274 1538 1321 Alexander
1572 1290 1776 1337 magnus

371 1351 550 1413 insigni
576 1352 817 1397 volumine
842 1353 901 1397 ad
928 1359 1127 1398 matrem
1154 1368 1288 1398 suam
1315 1352 1492 1407 scribit,
1513 1358 1644 1398 metu
1663 1368 1776 1398 suae
1795 1363 1840 1401 15

370 1428 620 1489 potestatis
653 1429 895 1488 proditum
928 1429 1019 1475 sibi
1051 1431 1109 1475 de
1140 1429 1232 1475 diis
1265 1429 1539 1475 homiuibus
1567 1446 1596 1475 a
1627 1445 1779 1475 sacer-

370 1507 480 1551 dote
516 1497 764 1559 secretum,
805 1507 932 1566 quod
972 1507 1208 1567 majorum
1251 1513 1299 1552 et
1339 1522 1506 1568 regum
1548 1507 1778 1552 memoria

369 1589 560 1628 servata
594 1583 683 1627 sit:
720 1583 830 1629 inde
858 1584 1041 1630 colendi
1077 1591 1124 1630 et
1153 1583 1449 1630 sacrificandi
1478 1585 1600 1630 ritus
1632 1584 1779 1630 inole-

372 1659 507 1705 verit.
578 1659 630 1705 Si
666 1667 828 1706 autem
864 1661 1122 1721 aliquando
1157 1661 1225 1707 dii
1261 1662 1362 1707 nati
1399 1669 1522 1716 sunt,
1565 1678 1648 1708 cur
1682 1678 1777 1708 non

372 1737 606 1796 hodieque
631 1738 921 1784 nascuntur?
953 1738 1058 1784 Nisi
1082 1739 1122 1785 si
1148 1739 1268 1784 forte
1291 1739 1485 1799 Jupiter
1508 1740 1678 1794 senuit,
1694 1747 1779 1786 aut
1795 1759 1843 1784 20

373 1822 539 1875 partus
565 1814 615 1860 in
638 1814 670 1860 J
676 1831 830 1861 unone
855 1816 1039 1862 defecit.
1111 1814 1211 1862 Cur
1236 1832 1346 1862 vero
1378 1819 1489 1863 deos
1522 1824 1661 1877 putas
1694 1834 1780 1878 pro

377 1893 611 1939 Romanis
636 1908 785 1953 posse,
810 1909 929 1954 quos
962 1894 1122 1939 videas
1155 1894 1276 1939 nihil
1304 1910 1391 1954 pro
1419 1894 1517 1940 suis
1554 1895 1780 1940 adversus

374 1986 538 2016 eorum
567 1986 701 2016 arma
726 1972 932 2018 valuisse
951 1972 973 2017 ἶ)
1001 1973 1327 2018 Romanorum
1353 1972 1480 2017 enim
1506 1974 1780 2018 vernaculos

375 2050 487 2095 deos
512 2049 747 2095 novimus
796 2048 889 2095 Est
916 2050 1152 2096 Romulus
1178 2050 1418 2110 pejerante
1441 2049 1641 2095 Proculo
1664 2050 1780 2096 deus

377 2127 543 2182 factus,
595 2134 643 2174 et
699 2127 856 2182 PicuS,
902 2134 950 2173 et
1001 2127 1275 2181 Tiberinus,
1321 2134 1368 2174 et
1423 2127 1688 2180 Pilumnus,
1735 2134 1781 2174 et
1798 2146 1845 2184 ²5

377 2204 578 2259 Consus,
597 2220 739 2265 quem
764 2206 903 2250 deum
924 2205 1123 2259 fraudiS,
1144 2207 1274 2251 velut
1292 2204 1598 2251 consiliorum
1623 2207 1781 2262 deum,

377 2282 465 2329 coli
490 2283 724 2328 Romulus
749 2282 914 2337 voluit,
934 2290 1185 2344 postquam
1212 2283 1257 2328 in
1287 2290 1475 2342 raptum
1497 2283 1781 2330 Sabinarum

378 2359 580 2420 perfidia
611 2360 842 2419 provenit.
915 2359 1066 2405 Deam
1095 2376 1284 2420 quoque
1309 2360 1582 2406 Cloacinam
1611 2360 1783 2407 Tatius

379 2444 427 2483 et
464 2437 647 2483 invenit
681 2444 728 2483 et
763 2436 922 2489 coluit,
950 2438 1181 2484 Pavorem
1221 2435 1460 2483 Hostilius
1495 2444 1639 2499 atque
1674 2438 1784 2484 Pal-

380 2515 540 2561 lorem.
614 2514 731 2560 Mox
764 2530 792 2560 a
825 2515 981 2561 uest-io
1011 2531 1107 2575 quo
1134 2515 1300 2561 Febris
1332 2516 1560 2570 dedicata,
1585 2523 1632 2563 et
1657 2516 1784 2563 Acca
1797 2532 1848 2569 30

381 2598 428 2638 et
448 2592 591 2639 Flora
616 2593 897 2639 meretrices.
955 2592 1019 2639 Hi
1046 2592 1112 2639 dii
1136 2593 1356 2639 Romani.
1406 2594 1628 2640 Ceterum
1650 2594 1783 2640 Mars

382 2669 637 2726 Thracius,
672 2677 719 2716 et
753 2670 946 2731 Jupiter
980 2670 1208 2726 Creticus,
1246 2679 1292 2718 et
1327 2671 1456 2718 Juno
1494 2674 1565 2718 vel
1599 2672 1783 2734 Argiva

383 2749 451 2793 vel
490 2748 649 2795 Samia
687 2751 758 2795 vel
795 2749 967 2804 Poena,
993 2756 1040 2796 et
1072 2749 1229 2796 Diana
1259 2750 1481 2806 Taurica,
1506 2757 1552 2796 et
1586 2751 1781 2798 deormu
