2034 3204
412 249 496 288 422
889 245 969 287 AN
974 243 1273 287 NOTATION
1280 244 1349 285 ES

412 369 509 396 num
533 353 816 403 Cdlectiones,
838 359 880 395 et
902 353 1074 396 Codices
1103 352 1243 408 scripti
1271 349 1499 399 Bodleiani,
1522 353 1816 406 praeterquam

411 412 523 468 quod
543 427 618 454 nec
638 415 717 452 τῶν
737 426 812 453 nec
832 412 981 453 τούτων
1001 411 1128 452 habet
1150 410 1290 451 Codex
1315 410 1383 450 26.

470 470 518 511 P.
547 482 648 526 395.
680 469 704 510 l.
735 483 772 522 9.
807 468 1003 521 ἐξετάσει]
1043 467 1181 522 Vulgo
1212 466 1332 518 τάξει,
1367 465 1441 507 sed
1477 462 1671 515 ἐξετάσει,
1707 462 1819 519 quod

411 527 555 569 melius
585 533 661 576 est,
692 527 745 568 ad
779 541 893 568 oram
927 525 1088 567 Codicis
1119 523 1243 566 Univ.
1271 522 1478 565 Ecclesiae
1509 536 1536 563 a
1565 521 1594 563 J
1597 520 1741 563 ustello
1771 526 1818 562 ut

411 584 531 626 lectio
561 584 726 626 varians
754 584 941 625 affertur.
1002 583 1142 638 Atque
1171 581 1281 623 idem
1310 580 1412 622 illud
1444 579 1662 621 Labbaeus
1690 577 1855 623 habets

410 642 465 684 ad
485 656 618 698 marg.
637 641 936 690 Conciliorum3
963 645 1152 682 exstante
1172 653 1222 681 eo
1241 638 1355 695 apud
1373 638 1578 679 Joanncm
1594 634 1818 678 Antioche-

410 714 508 741 num
539 699 582 740 in
612 698 786 756 Digesto
815 698 1043 746 Canomm,
1069 711 1291 752 omnesque
1321 695 1466 737 MStos
1491 693 1752 741 Bodleianos,
1776 698 1820 735 et

411 758 503 799 MS.
525 771 550 798 a
581 755 756 812 Lloydio
788 755 992 811 Episcopo
1022 754 1227 797 collatum.
1295 753 1425 795 Paulo
1455 757 1553 794 ante
1584 753 1713 794 αὐτοῖς
1742 765 1819 807 pro

410 815 544 858 αὐτοῖς
572 813 832 855 scribendum
855 812 1030 855 videtur.
1094 811 1272 855 Omnino
1302 810 1408 860 silet,
1429 815 1476 852 ut
1496 809 1630 851 obiter
1649 808 1727 850 hoc
1749 823 1819 850 no-

411 879 508 919 tem,
541 872 735 914 Cl'tanus
771 871 837 912 hic
869 871 1011 913 Canon
1043 870 1095 912 de
1129 869 1223 911 ullis
1258 868 1534 925 cujuscunque
1569 865 1734 924 generis
1765 866 1820 908 ad
1836 881 1885 906 10

410 929 548 971 sedem
571 930 802 971 Romanam
823 927 1178 985 appellationibus

469 987 574 1029 Ibid.
598 987 623 1028 l.
649 1000 712 1041 13.
741 985 765 1038 ἢ
790 985 1061 1039 οἰκουμενικὴν
1081 986 1256 1026 Σύνοδον
1275 983 1510 1037 ταράσσειν]
1543 981 1704 1023 Causae
1733 980 1820 1037 ple-

410 1059 564 1100 raeque
592 1044 891 1086 ecclesiasticae
911 1043 1094 1099 exceptis
1115 1043 1167 1084 de
1187 1041 1269 1084 fide
1294 1038 1584 1083 controversiis
1610 1039 1677 1081 hic
1704 1052 1819 1095 spec-

410 1108 566 1145 tantur.

935 1190 1154 1234 CANON
1190 1190 1288 1232 vn.
1836 1200 1883 1240 15

470 1273 575 1315 Ibid.
603 1273 630 1314 l.
660 1286 726 1315 20.
761 1273 866 1316 Τοὺς
899 1271 1233 1324 προστιθεμένους
1268 1272 1315 1322 τῇ
1351 1269 1556 1324 ὀρθοδοξίᾳ
1585 1266 1678 1323 &c.]
1724 1265 1818 1316 Hic,

410 1332 559 1379 fateor,
583 1332 726 1373 Canon
749 1330 790 1371 in
811 1329 998 1371 omnibus
1021 1328 1276 1370 Balsamonis
1297 1333 1340 1370 et
1361 1327 1548 1368 Zonarae
1572 1329 1820 1366 commenta-

411 1388 567 1430 riorum
595 1388 843 1430 editionibus
869 1387 1062 1429 habetur.
1125 1385 1290 1428 Citatur
1310 1385 1434 1427 etiam
1456 1398 1482 1426 a
1503 1382 1651 1425 Photio
1671 1381 1714 1423 in
1733 1382 1820 1424 No-

411 1461 648 1495 mocanone,
679 1446 743 1488 tit.
770 1445 840 1494 xii,
868 1459 959 1501 cap.
980 1458 1046 1497 14,
1077 1458 1236 1486 necnon
1266 1443 1307 1485 in
1339 1441 1474 1484 Alexii
1506 1440 1690 1483 Aristeni
1720 1439 1820 1496 Epi-

411 1511 521 1546 tome
552 1510 788 1546 contractus
818 1508 966 1544 exstat.
1031 1502 1114 1544 Sed
1139 1501 1182 1543 in
1213 1500 1400 1543 omnibus
1425 1498 1583 1541 Latinis
1605 1499 1818 1541 Canonum
1834 1514 1886 1540 20

410 1562 678 1610 versionibus,
709 1561 751 1602 in
782 1560 934 1602 veteris
970 1558 1216 1615 Interpretis
1248 1557 1439 1614 Dionysii
1471 1555 1637 1613 Exigui,
1670 1554 1820 1597 Isidori

411 1618 670 1668 Mercatoris,
695 1619 771 1660 διο.
799 1618 897 1660 item
933 1617 975 1658 in
1010 1616 1226 1673 Symeonis
1259 1615 1518 1671 Logothetae
1554 1613 1745 1670 Epitome
1776 1618 1820 1655 et

411 1676 591 1719 Arabica
609 1677 637 1719 J
641 1676 783 1732 osephi
806 1675 1004 1741 Aegyptii
1034 1673 1292 1731 paraphrasi,
1314 1680 1370 1722 et,
1390 1672 1502 1728 quod
1521 1671 1564 1713 in
1583 1670 1728 1728 primis
1747 1671 1820 1713 ob-

410 1735 659 1776 servandum
693 1740 769 1782 est,
802 1733 845 1775 in
876 1747 966 1789 ipsa
994 1731 1169 1774 «Ioannis
1201 1730 1447 1773 Antiocheni
1479 1728 1743 1778 collectione,
1774 1734 1820 1771 et

414 1793 715 1840 Nomocanone‚
744 1791 1029 1839 desideratum
1063 1790 1187 1846 idque
1218 1803 1300 1831 non
1329 1788 1457 1845 ipsius
1486 1786 1657 1836 incuria,
1689 1792 1736 1829 ut
1765 1800 1818 1829 ex
1834 1800 1884 1839 25

410 1865 459 1892 co
480 1857 610 1906 patet,
631 1850 741 1905 quod
763 1849 803 1890 in
825 1848 970 1890 ordine
993 1848 1204 1890 Canonum
1231 1862 1258 1889 a
1284 1861 1328 1888 se
1353 1845 1560 1902 descripto
1587 1859 1660 1887 sex
1687 1843 1818 1886 solum

411 1909 601 1950 Canones
619 1907 713 1948 huic
729 1906 932 1948 secundae
953 1905 1138 1963 generali
1157 1904 1327 1961 Synodo
1342 1904 1558 1955 attribuat,
1573 1902 1725 1951 dicens,
1740 1905 1819 1943 τῶν

411 1967 456 2007 ἐν
474 1966 896 2007 Κωνσταντινουπόλει
911 1964 1187 2005 συνελθόντων
1202 1962 1408 2016 Πατέρων,
1425 1960 1492 2015 ὑφ’
1507 1962 1562 2003 ὦν
1579 1959 1820 2012 ἑξετέθησαν

413 2024 592 2066 Κανόυες
612 2021 661 2072 ς’,
683 2028 730 2064 ut
751 2028 872 2064 extra
891 2021 1061 2063 dubium
1083 2020 1136 2062 sit
1155 2026 1417 2077 praesentem
1437 2019 1547 2061 inter
1567 2017 1690 2074 hujus
1712 2017 1818 2060 Con-

410 2080 489 2122 cilii
512 2082 702 2122 Canones
731 2079 794 2121 his
818 2079 963 2121 diebus
993 2093 1074 2120 non
1104 2078 1351 2120 recensitum
1381 2076 1518 2119 fuisse.
1582 2074 1816 2127 Quinetiam
1831 2092 1886 2130 30

411 2145 499 2181 tota
531 2138 710 2180 Canonis
744 2137 867 2193 liujus
896 2135 1133 2193 compositio
1164 2150 1270 2184 oum,
1303 2149 1378 2177 nec
1407 2132 1615 2191 praesenti
1645 2146 1722 2175 nee
1749 2131 1820 2174 alii

410 2195 537 2238 cuivis
566 2196 748 2252 Synodo,
774 2194 850 2236 nisi
877 2194 1049 2236 forsitan
1072 2193 1307 2241 Trullanac,
1330 2193 1382 2235 de
1402 2207 1484 2248 qua
1511 2206 1607 2233 mox
1633 2203 1818 2247 agemuS,

410 2253 725 2295 adscribendum
755 2267 842 2294 esso
874 2266 954 2293 non
986 2252 1158 2293 obscure
1189 2250 1355 2292 indicat.
1416 2249 1529 2291 Nihil
1558 2248 1665 2291 enim
1696 2247 1739 2290 in
1769 2261 1819 2290 eo

411 2311 687 2360 constituitur,
710 2310 811 2352 nihil
831 2311 1122 2357 confirmatum
1154 2308 1226 2351 scd
1248 2314 1407 2350 tantum
1429 2306 1600 2363 antiqua
1615 2305 1819 2362 quaedam

413 2368 642 2411 haereticos
662 2382 880 2410 conversos
900 2367 980 2409 reci
1000 2366 1122 2409 tioudi
1143 2366 1395 2408 consuetudo
1417 2364 1482 2406 hic
1503 2363 1713 2407 recitatur.
1763 2362 1818 2405 Et
1831 2378 1882 2418 35

412 2426 481 2468 ubi
510 2426 563 2468 de
592 2425 796 2468 nonnullis
826 2425 856 2466 si
892 2382 1036 2467 nuntiis
1059 2424 1186 2466 verba
1215 2425 1332 2475 flunt,
1361 2422 1461 2464 nihil
1492 2420 1745 2479 praecipitur
1764 2420 1819 2463 de

414 2484 533 2527 modo
554 2499 635 2540 quo
666 2440 957 2526 colchi-angam
989 2489 1065 2530 est,
1094 2496 1168 2523 nee
1196 2481 1248 2523 dc
1274 2480 1410 2523 verbis
1438 2480 1478 2522 in
1506 2479 1590 2522 ritu
1618 2479 1696 2522 isto
1724 2492 1818 2535 pro-

413 2541 667 2591 nunciandis,
685 2541 757 2583 scd
780 2547 938 2583 tuntum
957 2554 1062 2596 quae
1085 2539 1211 2582 verba.
1232 2537 1494 2595 pronunciari
1515 2538 1661 2589 solent,
1684 2540 1818 2590 Σφρα-

410 2600 472 2653 γὶς
500 2602 646 2652 δωρεᾶς
675 2600 906 2652 Πνεύματος
925 2596 1078 2651 Ἀγίου,
1101 2611 1207 2662 quac
1228 2596 1391 2652 quidem
1424 2594 1615 2652 loquendi
1641 2593 1819 2636 formula

411 2656 600 2713 synodali
641 2656 808 2698 cuilibet
848 2654 1127 2697 constitutioni
1170 2669 1248 2695 non
1286 2653 1487 2696 convenit.
1526 2651 1883 2704 1311}VFJI{.EG.40

414 2714 556 2770 l'crgit
579 2714 639 2755 vir
660 2713 958 2756 eruditissimus
985 2711 1230 2755 sententium
1258 2726 1372 2754 suum
1398 2726 1447 2754 oo
1468 2710 1616 2753 fortius
1643 2708 1816 2758 munire,

410 2770 520 2827 quod
541 2771 680 2813 existit
701 2770 874 2828 epistola
894 2770 1111 2826 quaedam,
1129 2784 1178 2811 cx
1197 2769 1332 2811 vorbis
1354 2768 1474 2825 liujus
1492 2766 1669 2811 Canonis
1689 2765 1818 2809 omni-

413 2846 463 2870 no
491 2837 694 2877 constans,
718 2827 1069 2885 Constantinopoli
1100 2828 1153 2869 ad
1183 2827 1432 2884 Martyrium
1463 2826 1706 2883 Episcopum
1732 2825 1818 2866 An-

412 2887 641 2930 tioche-num
682 2893 773 2942 post
807 2900 957 2928 minum
990 2898 1073 2941 455
1108 2884 1240 2927 missa.
1308 2885 1367 2926 l⁴2x
1404 2884 1481 2927 hac
1511 2898 1609 2927 voro
1643 2881 1818 2940 epistola
