1950 3210
16 3190 21 3198 ,
0 3157 22 3179 ,ἶ
0 2795 38 3149 ssirwqu-„wu
0 2418 27 2784 name-m*
9 2378 17 2383 ⁴

782 239 1128 284 PRAEFATIO.
1631 240 1661 282 7

257 357 267 373 ‘
289 349 476 392 versione
502 349 634 392 veteri
655 349 807 392 Latina
835 347 1017 391 contenti
1046 361 1136 390 esse
1166 345 1376 394 debemus,
1405 344 1535 387 donec
1566 359 1660 401 per-

257 425 267 441 ‘
289 417 441 460 fectum
488 417 700 475 exemplar
743 431 844 459 cura
887 415 1125 472 Principum
1172 420 1219 456 et
1262 413 1558 470 Episcoporum
1607 427 1659 455 ex

257 493 266 509 ‘
290 485 467 528 Graecia
486 485 702 542 procurari
721 485 875 542 possit.’
930 485 1046 526 Haec
1068 481 1345 527 SMITHUS‚

314 731 515 775 PORRO
551 734 770 776 contulisse
804 748 848 776 se
881 733 941 777 ait
972 721 1215 783 Halloixiua
1246 732 1289 775 in
1325 732 1432 779 notis
1471 732 1513 774 in
1553 732 1661 775 idem

221 806 374 857 50pus,
406 802 519 844 aliud
555 802 765 859 Epistolae
806 803 928 860 hujus
967 803 1216 860 exemplum,
1252 801 1363 858 quod
1403 802 1456 843 ab
1493 801 1664 843 Andrea

258 869 430 912 Schotto
445 876 675 927 acceperat,
690 871 931 928 priusquam
951 871 1028 914 sibi
1047 870 1222 913 misisset
1239 869 1482 921 Sirmondus
1499 869 1663 927 Episto-

254 938 336 980 lam
359 945 368 961 ‘
391 938 484 980 olim
508 939 666 982 Romae
687 955 739 982 ex
761 940 955 982 Turriani
985 940 1229 998 apographo
1255 939 1308 982 ab
1330 938 1420 996 ipso
1443 938 1663 982 Sirmondo

258 1014 267 1030 ‘
290 1007 566 1064 descriptam!
597 1023 634 1065 p.
658 1012 756 1064 596.
826 1009 911 1051 Sed
949 1023 1120 1066 prorsus
1160 1009 1290 1051 simile
1325 1009 1504 1051 alterum
1539 1006 1663 1050 alteri

256 1075 413 1118 invenit
443 1077 687 1120 Halloixius.
750 1077 857 1120 Dein
879 1093 1004 1134 quum
1038 1077 1255 1120 Schottani
1285 1076 1534 1133 exemplaris
1564 1090 1665 1132 apo-

197 1160 244 1186 10
256 1145 462 1202 graphum
504 1160 529 1188 a
572 1146 771 1189 salmasio
811 1162 902 1189 cum
946 1147 1087 1200 Isaaco
1128 1147 1274 1188 Vossio
1320 1145 1664 1188 communicatum

257 1219 376 1264 esset,
399 1214 476 1256 hoc
503 1214 611 1257 idem
640 1230 768 1272 penes
790 1215 1005 1258 Usserium
1033 1215 1238 1258 exstitisse
1258 1214 1451 1257 discimus
1470 1229 1523 1256 ex
1549 1213 1665 1256 initio

256 1287 447 1325 notarum
478 1283 600 1340 hujus
630 1283 851 1326 doctissimi
873 1284 1080 1326 Praesulis
1110 1284 1152 1326 in
1174 1283 1395 1341 Polycarpi
1421 1282 1664 1340 Epistolam,

256 1365 339 1393 una
367 1366 459 1394 cum
491 1352 733 1409 Ignatianis,
766 1352 932 1402 Oxonii,
962 1367 1071 1395 anno
1112 1355 1235 1406 1644,
1266 1352 1380 1409 typis
1408 1352 1663 1408 impressam.

255 1421 396 1476 Atque
411 1420 535 1462 alium
555 1427 777 1477 praeterea
792 1427 958 1464 exstare
975 1421 1212 1464 Florentiae
1232 1420 1426 1470 codicem,
1445 1420 1664 1462 Librorum

196 1498 243 1538 15
258 1488 382 1531 MSS.
405 1488 685 1531 Mediceorum
709 1489 933 1548 Catalogus
958 1489 1241 1533 Bandinianus
1270 1489 1463 1536 ostendit,
1486 1487 1556 1545 qui
1577 1487 1666 1544 qui.-

257 1556 349 1599 dem
372 1558 519 1601 MStus
539 1559 593 1600 ab
613 1558 701 1616 ipso
723 1559 885 1602 Smitho
905 1558 948 1601 in
968 1558 1129 1601 edendo
1151 1558 1382 1615 Polycarpo
1412 1558 1561 1600 allatus
1586 1562 1661 1599 est.

257 1625 315 1667 At
349 1641 448 1668 vero
482 1626 591 1668 hunc
626 1633 787 1670 tantum
827 1642 916 1670 esse
954 1627 1243 1685 apographum
1277 1626 1451 1683 alicujus
1484 1625 1662 1668 Romani

259 1694 432 1743 Codicis,
454 1695 519 1738 vel
541 1696 745 1748 Vaticani,
767 1696 832 1739 vel
862 1696 970 1739 illius
992 1695 1244 1746 Columnaei‚
1276 1710 1396 1752 quem
1428 1694 1662 1752 antiquissi-

256 1778 367 1805 mum
398 1779 486 1806 esse
516 1765 648 1807 refert
668 1764 912 1815 Halloixius‚
934 1765 1084 1807 vulnus
1112 1764 1266 1807 indicat
1293 1778 1507 1806 commune
1533 1763 1661 1805 omni-

195 1851 244 1877 πο
257 1832 333 1874 bus
363 1832 582 1890 Polycarpi
622 1834 922 1892 manuscriptis,
953 1834 1064 1891 quod
1096 1833 1282 1876 Smithus
1320 1847 1449 1889 supra
1486 1847 1661 1875 comme-

256 1901 444 1944 moravit.
504 1902 653 1958 Neque
682 1901 843 1945 interea
869 1902 974 1945 liber
996 1902 1232 1944 Florentiae
1262 1908 1429 1944 exstans
1459 1901 1566 1944 idem
1598 1908 1662 1945 est

256 1976 382 2028 atque
405 1970 544 2013 Codex
566 1971 740 2013 celebris
762 1971 1006 2028 Ignatianus
1028 1971 1304 2020 Florenffinus,
1327 1970 1413 2013 sive
1434 1970 1659 2019 Mediceus,

257 2038 325 2094 qui
343 2038 508 2094 quidem
526 2040 618 2081 MS.
635 2040 748 2082 haud
769 2040 952 2083 continet
965 2040 1186 2097 Polycarpi
1202 2040 1443 2096 Epistolam.
1487 2039 1665 2082 Hiatum·

257 2122 368 2155 vere,
390 2107 442 2150 de
462 2122 543 2164 quo
565 2108 783 2165 loquimur,
805 2109 969 2166 supplet
993 2109 1145 2166 partim
1168 2109 1370 2151 Eusebius
1398 2109 1439 2150 in
1461 2109 1660 2158 Historia,

194 2196 243 2234 25
258 2175 378 2231 plene
413 2191 510 2218 vero
555 2182 598 2219 et
636 2176 799 2234 integre
834 2183 953 2219 vetus
992 2177 1212 2234 Polycarpi
1251 2177 1542 2234 interpretatio
1583 2177 1662 2220 La-

256 2243 356 2292 tina,
392 2258 515 2300 quam
558 2260 639 2287 una
677 2260 769 2288 oum
806 2245 995 2303 Dionysii
1027 2246 1308 2304 Areopagitae
1348 2253 1475 2302 atque
1511 2246 1664 2303 Ignatii

256 2312 418 2369 scriptis
464 2312 621 2369 primus
665 2314 795 2357 edidit
837 2315 1021 2357 ,Iacobus
1060 2315 1197 2357 Faber
1244 2314 1514 2370 stapulensis,
1553 2330 1663 2359 anno

262 2381 383 2435 1498,
425 2381 602 2424 Parisiis.
665 2382 714 2425 In
763 2383 926 2425 Graeco
970 2389 1106 2425 autem
1150 2382 1375 2440 Polycarpi.
1422 2382 1661 2441 exemplari,

257 2449 366 2492 unde
400 2450 555 2493 caeteri
585 2451 745 2494 codices
784 2452 1033 2508 profluxere,
1065 2467 1191 2494 unum
1221 2458 1265 2494 et
1294 2453 1471 2497 alterum
1503 2451 1660 2501 folium,

192 2516 378 2576 30immo
408 2519 638 2574 quater-nie,
670 2526 715 2562 ut
755 2521 886 2562 refert
921 2520 1125 2568 Usserius,
1156 2521 1211 2562 ad
1251 2521 1404 2563 calcem
1441 2520 1662 2577 Polycarpi

255 2586 478 2636 defuerat;
515 2602 564 2629 ex
602 2602 684 2644 quo
720 2588 873 2631 factum
905 2595 980 2639 est,
1014 2596 1060 2630 ut
1090 2587 1183 2630 finis
1212 2588 1334 2645 hujus
1365 2588 1587 2645 Epistolae‚
1619 2594 1662 2630 et

255 2653 500 2712 principium
541 2655 751 2712 Epistolae
797 2657 839 2699 S.
889 2657 1120 2706 Barnabae,
1168 2671 1294 2713 quum
1339 2656 1662 2714 conjungeretur

257 2728 478 2780 utrumque
518 2738 634 2780 opus,
667 2724 966 2767 interciderint.
1027 2726 1166 2781 Atque
1201 2739 1288 2766 rem
1329 2724 1388 2767 ita
1419 2725 1588 2775 habere,
1619 2725 1663 2768 id

256 2791 464 2833 versiones
496 2792 668 2834 Latinae
700 2798 861 2835 veteres
899 2793 1113 2851 utriusque
1146 2792 1356 2849 Epistolae
1396 2793 1551 2849 liquido
1591 2793 1662 2835 de-

193 2860 500 2903 35monstrant.
563 2861 702 2903 Nihilo
734 2870 870 2906 tamen
903 2862 1048 2909 minus,
1071 2862 1262 2919 quoniam
1295 2861 1334 2905 in
1359 2861 1509 2906 Codice
1543 2862 1662 2905 modo
