<?xml version="1.0" encoding="UTF-8"?>
<!DOCTYPE html PUBLIC "-//W3C//DTD XHTML 1.0 Transitional//EN"
    "http://www.w3.org/TR/xhtml1/DTD/xhtml1-transitional.dtd">
<html xmlns="http://www.w3.org/1999/xhtml" xml:lang="en" lang="en">
 <head>
  <title>
</title>
<meta http-equiv="Content-Type" content="text/html;charset=utf-8" />
  <meta name='ocr-system' content='tesseract 3.04.00' />
  <meta name='ocr-capabilities' content='ocr_page ocr_carea ocr_par ocr_line ocrx_word'/>
</head>
<body>
  <div class='ocr_page' id='page_1' title='image "./scriptorumeccles01rout_0368.png"; bbox 0 0 2034 3204; ppageno 0'>
   <div class='ocr_carea' id='block_1_1' title="bbox 452 264 1387 308">
    <p class='ocr_par' dir='ltr' id='par_1_1' title="bbox 452 264 1387 308">
     <span class='ocr_line' id='line_1_1' title="bbox 452 264 1387 308; baseline 0.002 -4"><span class='ocrx_word' id='word_1_1' title='bbox 452 264 539 305; x_wconf 75' lang='lat'><strong>352</strong></span> <span class='ocrx_word' id='word_1_2' title='bbox 927 265 1007 306; x_wconf 91' lang='lat' dir='ltr'><strong>AN</strong></span> <span class='ocrx_word' id='word_1_3' title='bbox 1010 265 1050 307; x_wconf 93' lang='lat' dir='ltr'>N</span> <span class='ocrx_word' id='word_1_4' title='bbox 1055 265 1314 308; x_wconf 88' lang='lat' dir='ltr'><strong>OTATION</strong></span> <span class='ocrx_word' id='word_1_5' title='bbox 1318 265 1387 307; x_wconf 89' lang='lat' dir='ltr'><strong>ES</strong></span> 
     </span>
    </p>
   </div>
   <div class='ocr_carea' id='block_1_2' title="bbox 441 370 1928 2963">
    <p class='ocr_par' dir='ltr' id='par_1_2' title="bbox 451 370 1856 528">
     <span class='ocr_line' id='line_1_2' title="bbox 452 370 1856 426; baseline -0.001 -14"><span class='ocrx_word' id='word_1_6' title='bbox 452 370 625 413; x_wconf 83' lang='lat' dir='ltr'><strong>eandem</strong></span> <span class='ocrx_word' id='word_1_7' title='bbox 660 370 808 413; x_wconf 90' lang='lat' dir='ltr'><strong>inveni.</strong></span> <span class='ocrx_word' id='word_1_8' title='bbox 884 372 1016 413; x_wconf 85' lang='lat' dir='ltr'><strong>Porro</strong></span> <span class='ocrx_word' id='word_1_9' title='bbox 1051 378 1191 414; x_wconf 91' lang='lat' dir='ltr'><strong>autem</strong></span> <span class='ocrx_word' id='word_1_10' title='bbox 1225 385 1366 413; x_wconf 89' lang='lat' dir='ltr'><strong>vocem</strong></span> <span class='ocrx_word' id='word_1_11' title='bbox 1405 371 1487 412; x_wconf 76' lang='lat' dir='ltr'><strong>tibi</strong></span> <span class='ocrx_word' id='word_1_12' title='bbox 1525 375 1618 426; x_wconf 91' lang='lat' dir='ltr'><strong>post</strong></span> <span class='ocrx_word' id='word_1_13' title='bbox 1657 371 1856 425; x_wconf 79' lang='lat' dir='ltr'><strong>operanti</strong></span> 
     </span>
     <span class='ocr_line' id='line_1_3' title="bbox 451 427 1854 485; baseline -0.001 -15"><span class='ocrx_word' id='word_1_14' title='bbox 451 428 639 470; x_wconf 90' lang='lat' dir='ltr'><strong>nesciunt</strong></span> <span class='ocrx_word' id='word_1_15' title='bbox 661 428 831 471; x_wconf 86' lang='lat' dir='ltr'>Codices</span> <span class='ocrx_word' id='word_1_16' title='bbox 852 443 954 485; x_wconf 91' lang='lat' dir='ltr'><strong>quos</strong></span> <span class='ocrx_word' id='word_1_17' title='bbox 974 428 1061 485; x_wconf 91' lang='lat' dir='ltr'><strong>ipse</strong></span> <span class='ocrx_word' id='word_1_18' title='bbox 1082 428 1255 485; x_wconf 84' lang='lat' dir='ltr'><strong>inspexi,</strong></span> <span class='ocrx_word' id='word_1_19' title='bbox 1277 427 1386 484; x_wconf 90' lang='lat' dir='ltr'><strong>quod</strong></span> <span class='ocrx_word' id='word_1_20' title='bbox 1412 427 1504 470; x_wconf 89' lang='lat' dir='ltr'><strong>ideo</strong></span> <span class='ocrx_word' id='word_1_21' title='bbox 1525 434 1636 477; x_wconf 90' lang='lat' dir='ltr'><strong>noto,</strong></span> <span class='ocrx_word' id='word_1_22' title='bbox 1658 427 1756 483; x_wconf 86' lang='lat' dir='ltr'><strong>quia</strong></span> <span class='ocrx_word' id='word_1_23' title='bbox 1775 441 1854 469; x_wconf 84' lang='lat' dir='ltr'><strong>vox</strong></span> 
     </span>
     <span class='ocr_line' id='line_1_4' title="bbox 452 486 969 528; baseline 0 -1"><span class='ocrx_word' id='word_1_24' title='bbox 452 501 535 527; x_wconf 91' lang='lat' dir='ltr'><strong>non</strong></span> <span class='ocrx_word' id='word_1_25' title='bbox 556 486 675 528; x_wconf 85' lang='lat' dir='ltr'><strong>valde</strong></span> <span class='ocrx_word' id='word_1_26' title='bbox 696 486 969 528; x_wconf 87' lang='lat' dir='ltr'><strong>desideratur.</strong></span> 
     </span>
    </p>

    <p class='ocr_par' dir='ltr' id='par_1_3' title="bbox 451 541 1892 715">
     <span class='ocr_line' id='line_1_5' title="bbox 511 541 1853 601; baseline -0.001 -16"><span class='ocrx_word' id='word_1_27' title='bbox 511 544 558 585; x_wconf 89' lang='lat' dir='ltr'><strong>P.</strong></span> <span class='ocrx_word' id='word_1_28' title='bbox 572 558 669 601; x_wconf 82' lang='lat'><strong>304.</strong></span> <span class='ocrx_word' id='word_1_29' title='bbox 692 544 718 586; x_wconf 92' lang='lat' dir='ltr'><strong>l.</strong></span> <span class='ocrx_word' id='word_1_30' title='bbox 734 557 757 599; x_wconf 80' lang='lat'>3</span> <span class='ocrx_word' id='word_1_31' title='bbox 761 556 801 599; x_wconf 84' lang='lat'><strong>3.</strong></span> <span class='ocrx_word' id='word_1_32' title='bbox 819 543 995 585; x_wconf 89' lang='lat' dir='ltr'><strong>Reditus</strong></span> <span class='ocrx_word' id='word_1_33' title='bbox 1009 549 1099 584; x_wconf 90' lang='lat' dir='ltr'><strong>tuos</strong></span> <span class='ocrx_word' id='word_1_34' title='bbox 1115 541 1272 598; x_wconf 88' lang='lat' dir='ltr'><strong>divide]</strong></span> <span class='ocrx_word' id='word_1_35' title='bbox 1293 542 1549 599; x_wconf 85' lang='lat' dir='ltr'><strong>Scripturam</strong></span> <span class='ocrx_word' id='word_1_36' title='bbox 1565 541 1853 584; x_wconf 78' lang='lat' dir='ltr'><strong>correctiorem</strong></span> 
     </span>
     <span class='ocr_line' id='line_1_6' title="bbox 451 599 1892 656; baseline -0.002 -13"><span class='ocrx_word' id='word_1_37' title='bbox 451 601 653 650; x_wconf 83' lang='lat' dir='ltr'><strong>revocavi,</strong></span> <span class='ocrx_word' id='word_1_38' title='bbox 675 616 819 642; x_wconf 89' lang='lat' dir='ltr'><strong>verum</strong></span> <span class='ocrx_word' id='word_1_39' title='bbox 839 600 882 642; x_wconf 91' lang='lat' dir='ltr'><strong>in</strong></span> <span class='ocrx_word' id='word_1_40' title='bbox 904 600 1103 656; x_wconf 80' lang='lat' dir='ltr'><strong>Cypriani</strong></span> <span class='ocrx_word' id='word_1_41' title='bbox 1123 599 1368 649; x_wconf 77' lang='lat' dir='ltr'><strong>editionibus</strong></span> <span class='ocrx_word' id='word_1_42' title='bbox 1397 606 1440 642; x_wconf 92' lang='lat' dir='ltr'><strong>et</strong></span> <span class='ocrx_word' id='word_1_43' title='bbox 1465 599 1753 656; x_wconf 80' lang='lat' dir='ltr'><strong>manuscriptis</strong></span> <span class='ocrx_word' id='word_1_44' title='bbox 1771 599 1854 642; x_wconf 85' lang='lat' dir='ltr'><strong>fre·</strong></span> <span class='ocrx_word' id='word_1_45' title='bbox 1868 601 1892 640; x_wconf 89' lang='lat'><strong>5</strong></span> 
     </span>
     <span class='ocr_line' id='line_1_7' title="bbox 451 657 1570 715; baseline -0.002 -15"><span class='ocrx_word' id='word_1_46' title='bbox 451 666 628 715; x_wconf 88' lang='lat' dir='ltr'><strong>quenter</strong></span> <span class='ocrx_word' id='word_1_47' title='bbox 649 658 842 700; x_wconf 81' lang='lat' dir='ltr'><strong>scribitur</strong></span> <span class='ocrx_word' id='word_1_48' title='bbox 862 659 1059 700; x_wconf 70' lang='lat' dir='ltr'><strong>redditus</strong></span> <span class='ocrx_word' id='word_1_49' title='bbox 1074 674 1089 706; x_wconf 90' lang='lat'><em>;</em></span> <span class='ocrx_word' id='word_1_50' title='bbox 1121 663 1344 713; x_wconf 86' lang='lat' dir='ltr'><strong>tueturque</strong></span> <span class='ocrx_word' id='word_1_51' title='bbox 1366 657 1570 699; x_wconf 90' lang='lat' dir='ltr'><strong>Baluzius.</strong></span> 
     </span>
    </p>

    <p class='ocr_par' dir='ltr' id='par_1_4' title="bbox 450 715 1920 1002">
     <span class='ocr_line' id='line_1_8' title="bbox 510 715 1858 772; baseline -0.001 -14"><span class='ocrx_word' id='word_1_52' title='bbox 510 717 556 758; x_wconf 92' lang='lat' dir='ltr'><strong>P.</strong></span> <span class='ocrx_word' id='word_1_53' title='bbox 571 730 668 772; x_wconf 86' lang='lat'><strong>305.</strong></span> <span class='ocrx_word' id='word_1_54' title='bbox 686 716 712 757; x_wconf 91' lang='lat' dir='ltr'><strong>l.</strong></span> <span class='ocrx_word' id='word_1_55' title='bbox 730 728 796 757; x_wconf 85' lang='lat'><strong>20.</strong></span> <span class='ocrx_word' id='word_1_56' title='bbox 813 730 919 770; x_wconf 87' lang='lat' dir='ltr'><strong>quae</strong></span> <span class='ocrx_word' id='word_1_57' title='bbox 935 721 1126 757; x_wconf 87' lang='lat' dir='ltr'><strong>matrona</strong></span> <span class='ocrx_word' id='word_1_58' title='bbox 1140 715 1336 771; x_wconf 88' lang='lat' dir='ltr'><strong>locuples]</strong></span> <span class='ocrx_word' id='word_1_59' title='bbox 1359 716 1478 767; x_wconf 73' lang='lat' dir='ltr'><strong>Quae</strong></span> <span class='ocrx_word' id='word_1_60' title='bbox 1492 723 1696 758; x_wconf 82' lang='lat' dir='ltr'><strong>matrona</strong></span> <span class='ocrx_word' id='word_1_61' title='bbox 1710 716 1758 756; x_wconf 83' lang='lat' dir='ltr'><strong>in</strong></span> <span class='ocrx_word' id='word_1_62' title='bbox 1773 716 1858 757; x_wconf 85' lang='lat' dir='ltr'><strong>Ec-</strong></span> 
     </span>
     <span class='ocr_line' id='line_1_9' title="bbox 451 772 1855 829; baseline 0 -14"><span class='ocrx_word' id='word_1_63' title='bbox 451 774 584 816; x_wconf 74' lang='lat' dir='ltr'><strong>clesia</strong></span> <span class='ocrx_word' id='word_1_64' title='bbox 605 775 769 815; x_wconf 72' lang='lat' dir='ltr'><strong>Christi</strong></span> <span class='ocrx_word' id='word_1_65' title='bbox 790 774 984 828; x_wconf 76' lang='lat' dir='ltr'><strong>locuples.</strong></span> <span class='ocrx_word' id='word_1_66' title='bbox 1026 773 1158 814; x_wconf 83' lang='lat' dir='ltr'><strong>Valde</strong></span> <span class='ocrx_word' id='word_1_67' title='bbox 1179 779 1279 829; x_wconf 90' lang='lat' dir='ltr'><strong>puto</strong></span> <span class='ocrx_word' id='word_1_68' title='bbox 1299 772 1379 815; x_wconf 87' lang='lat' dir='ltr'><strong>ista</strong></span> <span class='ocrx_word' id='word_1_69' title='bbox 1398 775 1446 814; x_wconf 80' lang='grc' dir='ltr'><strong>’ἰη</strong></span> <span class='ocrx_word' id='word_1_70' title='bbox 1460 773 1660 815; x_wconf 72' lang='lat' dir='ltr'><strong>Ecclesia</strong></span> <span class='ocrx_word' id='word_1_71' title='bbox 1680 772 1855 823; x_wconf 75' lang='lat' dir='ltr'><strong>Christi,</strong></span> 
     </span>
     <span class='ocr_line' id='line_1_10' title="bbox 451 829 1856 887; baseline 0 -15"><span class='ocrx_word' id='word_1_72' title='bbox 451 845 558 887; x_wconf 88' lang='lat' dir='ltr'><strong>quae</strong></span> <span class='ocrx_word' id='word_1_73' title='bbox 579 831 727 872; x_wconf 87' lang='lat' dir='ltr'><strong>desunt</strong></span> <span class='ocrx_word' id='word_1_74' title='bbox 747 830 790 871; x_wconf 88' lang='lat' dir='ltr'><strong>in</strong></span> <span class='ocrx_word' id='word_1_75' title='bbox 809 830 990 886; x_wconf 87' lang='lat' dir='ltr'><strong>antiquis</strong></span> <span class='ocrx_word' id='word_1_76' title='bbox 1010 830 1270 880; x_wconf 87' lang='lat' dir='ltr'><strong>editionibus,</strong></span> <span class='ocrx_word' id='word_1_77' title='bbox 1292 830 1335 872; x_wconf 91' lang='lat' dir='ltr'><strong>in</strong></span> <span class='ocrx_word' id='word_1_78' title='bbox 1363 831 1503 872; x_wconf 91' lang='lat' dir='ltr'><strong>decem</strong></span> <span class='ocrx_word' id='word_1_79' title='bbox 1527 829 1744 872; x_wconf 89' lang='lat' dir='ltr'><strong>Codicibus</strong></span> <span class='ocrx_word' id='word_1_80' title='bbox 1764 844 1856 872; x_wconf 90' lang='lat' dir='ltr'><strong>nos-</strong></span> 
     </span>
     <span class='ocr_line' id='line_1_11' title="bbox 450 887 1920 945; baseline 0 -16"><span class='ocrx_word' id='word_1_81' title='bbox 450 888 539 937; x_wconf 84' lang='lat' dir='ltr'><strong>tris,</strong></span> <span class='ocrx_word' id='word_1_82' title='bbox 561 895 602 930; x_wconf 87' lang='lat' dir='ltr'><strong>et</strong></span> <span class='ocrx_word' id='word_1_83' title='bbox 632 888 675 929; x_wconf 91' lang='lat' dir='ltr'><strong>in</strong></span> <span class='ocrx_word' id='word_1_84' title='bbox 704 888 885 944; x_wconf 90' lang='lat' dir='ltr'><strong>quinque</strong></span> <span class='ocrx_word' id='word_1_85' title='bbox 915 888 1167 945; x_wconf 76' lang='lat' dir='ltr'><strong>Angficanis,</strong></span> <span class='ocrx_word' id='word_1_86' title='bbox 1189 888 1332 930; x_wconf 85' lang='lat' dir='ltr'><strong>addita</strong></span> <span class='ocrx_word' id='word_1_87' title='bbox 1351 903 1450 930; x_wconf 89' lang='lat' dir='ltr'><strong>vero</strong></span> <span class='ocrx_word' id='word_1_88' title='bbox 1481 894 1577 930; x_wconf 91' lang='lat' dir='ltr'><strong>sunt</strong></span> <span class='ocrx_word' id='word_1_89' title='bbox 1605 902 1632 929; x_wconf 87' lang='lat' dir='ltr'><strong>a</strong></span> <span class='ocrx_word' id='word_1_90' title='bbox 1651 887 1854 938; x_wconf 87' lang='lat' dir='ltr'><strong>Manutio,</strong></span> <span class='ocrx_word' id='word_1_91' title='bbox 1871 902 1920 929; x_wconf 91' lang='lat'><strong>10</strong></span> 
     </span>
     <span class='ocr_line' id='line_1_12' title="bbox 451 946 1856 1002; baseline 0 -15"><span class='ocrx_word' id='word_1_92' title='bbox 451 960 534 987; x_wconf 92' lang='lat' dir='ltr'><strong>non</strong></span> <span class='ocrx_word' id='word_1_93' title='bbox 555 946 706 988; x_wconf 88' lang='lat' dir='ltr'><strong>debere</strong></span> <span class='ocrx_word' id='word_1_94' title='bbox 727 961 815 988; x_wconf 86' lang='lat' dir='ltr'><strong>esse</strong></span> <span class='ocrx_word' id='word_1_95' title='bbox 834 946 877 987; x_wconf 88' lang='lat' dir='ltr'><strong>in</strong></span> <span class='ocrx_word' id='word_1_96' title='bbox 898 946 976 988; x_wconf 84' lang='lat' dir='ltr'><strong>hoc</strong></span> <span class='ocrx_word' id='word_1_97' title='bbox 996 946 1097 988; x_wconf 91' lang='lat' dir='ltr'><strong>loco.</strong></span> <span class='ocrx_word' id='word_1_98' title='bbox 1156 946 1251 987; x_wconf 89' lang='lat' dir='ltr'><strong>Non</strong></span> <span class='ocrx_word' id='word_1_99' title='bbox 1273 951 1412 988; x_wconf 87' lang='lat' dir='ltr'><strong>tamen</strong></span> <span class='ocrx_word' id='word_1_100' title='bbox 1432 960 1555 988; x_wconf 89' lang='lat' dir='ltr'><strong>ausus</strong></span> <span class='ocrx_word' id='word_1_101' title='bbox 1582 960 1669 987; x_wconf 90' lang='lat' dir='ltr'><strong>sum</strong></span> <span class='ocrx_word' id='word_1_102' title='bbox 1699 960 1856 1002; x_wconf 87' lang='lat' dir='ltr'><strong>expun-</strong></span> 
     </span>
    </p>

    <p class='ocr_par' dir='ltr' id='par_1_5' title="bbox 482 1003 1855 1060">
     <span class='ocr_line' id='line_1_13' title="bbox 482 1003 1855 1060; baseline 0 -15"><span class='ocrx_word' id='word_1_103' title='bbox 482 1018 566 1052; x_wconf 86' lang='lat' dir='ltr'><strong>ere‚</strong></span> <span class='ocrx_word' id='word_1_104' title='bbox 587 1003 685 1059; x_wconf 88' lang='lat' dir='ltr'><strong>quia</strong></span> <span class='ocrx_word' id='word_1_105' title='bbox 705 1018 754 1045; x_wconf 91' lang='lat' dir='ltr'><strong>ea</strong></span> <span class='ocrx_word' id='word_1_106' title='bbox 773 1003 913 1060; x_wconf 91' lang='lat' dir='ltr'><strong>reperi</strong></span> <span class='ocrx_word' id='word_1_107' title='bbox 932 1004 975 1045; x_wconf 91' lang='lat' dir='ltr'><strong>in</strong></span> <span class='ocrx_word' id='word_1_108' title='bbox 995 1003 1183 1046; x_wconf 83' lang='lat' dir='ltr'><strong>undecim</strong></span> <span class='ocrx_word' id='word_1_109' title='bbox 1205 1003 1374 1046; x_wconf 91' lang='lat' dir='ltr'><strong>vetustis</strong></span> <span class='ocrx_word' id='word_1_110' title='bbox 1395 1003 1711 1060; x_wconf 76' lang='lat' dir='ltr'><strong>exemplaribus,</strong></span> <span class='ocrx_word' id='word_1_111' title='bbox 1760 1003 1855 1045; x_wconf 90' lang='lat' dir='ltr'><strong>BA-</strong></span> 
     </span>
    </p>

    <p class='ocr_par' dir='ltr' id='par_1_6' title="bbox 448 1061 1917 1408">
     <span class='ocr_line' id='line_1_14' title="bbox 491 1061 1856 1117; baseline 0 -15"><span class='ocrx_word' id='word_1_112' title='bbox 491 1062 581 1103; x_wconf 90' lang='lat' dir='ltr'><strong>UZ.</strong></span> <span class='ocrx_word' id='word_1_113' title='bbox 641 1062 821 1103; x_wconf 85' lang='lat' dir='ltr'><strong>Exstant</strong></span> <span class='ocrx_word' id='word_1_114' title='bbox 845 1076 1008 1117; x_wconf 88' lang='lat' dir='ltr'><strong>quoque</strong></span> <span class='ocrx_word' id='word_1_115' title='bbox 1034 1061 1078 1103; x_wconf 91' lang='lat' dir='ltr'><strong>in</strong></span> <span class='ocrx_word' id='word_1_116' title='bbox 1100 1061 1233 1104; x_wconf 88' lang='lat' dir='ltr'><strong>MStis</strong></span> <span class='ocrx_word' id='word_1_117' title='bbox 1254 1062 1524 1103; x_wconf 86' lang='lat' dir='ltr'><strong>Tewaterano</strong></span> <span class='ocrx_word' id='word_1_118' title='bbox 1551 1076 1599 1103; x_wconf 87' lang='lat' dir='ltr'><strong>ac</strong></span> <span class='ocrx_word' id='word_1_119' title='bbox 1621 1061 1856 1103; x_wconf 86' lang='lat' dir='ltr'><strong>Meerman-</strong></span> 
     </span>
     <span class='ocr_line' id='line_1_15' title="bbox 450 1118 1851 1170; baseline 0 -10"><span class='ocrx_word' id='word_1_120' title='bbox 450 1133 559 1160; x_wconf 87' lang='lat' dir='ltr'><strong>nano</strong></span> <span class='ocrx_word' id='word_1_121' title='bbox 578 1118 692 1168; x_wconf 89' lang='lat' dir='ltr'><strong>meis,</strong></span> <span class='ocrx_word' id='word_1_122' title='bbox 714 1133 797 1161; x_wconf 86' lang='lat' dir='ltr'><strong>una</strong></span> <span class='ocrx_word' id='word_1_123' title='bbox 812 1134 903 1161; x_wconf 85' lang='lat' dir='ltr'><strong>cum</strong></span> <span class='ocrx_word' id='word_1_124' title='bbox 924 1120 1056 1161; x_wconf 89' lang='lat' dir='ltr'><strong>altero</strong></span> <span class='ocrx_word' id='word_1_125' title='bbox 1078 1134 1129 1161; x_wconf 86' lang='lat' dir='ltr'><strong>ex</strong></span> <span class='ocrx_word' id='word_1_126' title='bbox 1147 1119 1379 1161; x_wconf 86' lang='lat' dir='ltr'><strong>Drurianis.</strong></span> <span class='ocrx_word' id='word_1_127' title='bbox 1438 1120 1575 1170; x_wconf 79' lang='lat' dir='ltr'><strong>Quum</strong></span> <span class='ocrx_word' id='word_1_128' title='bbox 1588 1133 1688 1161; x_wconf 88' lang='lat' dir='ltr'><strong>vero</strong></span> <span class='ocrx_word' id='word_1_129' title='bbox 1709 1119 1851 1161; x_wconf 83' lang='lat' dir='ltr'><strong>eadem</strong></span> 
     </span>
     <span class='ocr_line' id='line_1_16' title="bbox 449 1176 1917 1234; baseline 0 -16"><span class='ocrx_word' id='word_1_130' title='bbox 449 1176 642 1219; x_wconf 85' lang='lat' dir='ltr'><strong>omittant</strong></span> <span class='ocrx_word' id='word_1_131' title='bbox 658 1176 846 1218; x_wconf 85' lang='lat' dir='ltr'><strong>undecim</strong></span> <span class='ocrx_word' id='word_1_132' title='bbox 867 1176 1040 1219; x_wconf 81' lang='lat' dir='ltr'><strong>fortasse</strong></span> <span class='ocrx_word' id='word_1_133' title='bbox 1057 1176 1215 1219; x_wconf 87' lang='lat' dir='ltr'><strong>codices</strong></span> <span class='ocrx_word' id='word_1_134' title='bbox 1232 1177 1403 1227; x_wconf 82' lang='lat' dir='ltr'><strong>Baluzii,</strong></span> <span class='ocrx_word' id='word_1_135' title='bbox 1420 1183 1463 1219; x_wconf 93' lang='lat' dir='ltr'><strong>et</strong></span> <span class='ocrx_word' id='word_1_136' title='bbox 1483 1176 1663 1233; x_wconf 89' lang='lat' dir='ltr'><strong>quinque</strong></span> <span class='ocrx_word' id='word_1_137' title='bbox 1676 1176 1852 1234; x_wconf 83' lang='lat' dir='ltr'><strong>Anglici,</strong></span> <span class='ocrx_word' id='word_1_138' title='bbox 1871 1194 1917 1234; x_wconf 88' lang='lat'><strong>15</strong></span> 
     </span>
     <span class='ocr_line' id='line_1_17' title="bbox 449 1234 1854 1291; baseline 0 -15"><span class='ocrx_word' id='word_1_139' title='bbox 449 1249 583 1290; x_wconf 92' lang='lat' dir='ltr'><strong>neque</strong></span> <span class='ocrx_word' id='word_1_140' title='bbox 603 1234 644 1276; x_wconf 89' lang='lat' dir='ltr'><strong>in</strong></span> <span class='ocrx_word' id='word_1_141' title='bbox 663 1234 876 1276; x_wconf 87' lang='lat' dir='ltr'><strong>vetustiori</strong></span> <span class='ocrx_word' id='word_1_142' title='bbox 892 1249 944 1276; x_wconf 87' lang='lat' dir='ltr'><strong>ex</strong></span> <span class='ocrx_word' id='word_1_143' title='bbox 961 1234 1193 1286; x_wconf 87' lang='lat' dir='ltr'><strong>Drurianis‚</strong></span> <span class='ocrx_word' id='word_1_144' title='bbox 1208 1249 1342 1291; x_wconf 90' lang='lat' dir='ltr'><strong>neque</strong></span> <span class='ocrx_word' id='word_1_145' title='bbox 1358 1235 1490 1276; x_wconf 88' lang='lat' dir='ltr'><strong>altero</strong></span> <span class='ocrx_word' id='word_1_146' title='bbox 1506 1249 1597 1276; x_wconf 90' lang='lat' dir='ltr'><strong>meo</strong></span> <span class='ocrx_word' id='word_1_147' title='bbox 1615 1234 1704 1277; x_wconf 84' lang='lat' dir='ltr'><strong>MS.</strong></span> <span class='ocrx_word' id='word_1_148' title='bbox 1719 1248 1854 1291; x_wconf 88' lang='lat' dir='ltr'><strong>neque</strong></span> 
     </span>
     <span class='ocr_line' id='line_1_18' title="bbox 448 1291 1854 1348; baseline 0.001 -15"><span class='ocrx_word' id='word_1_149' title='bbox 448 1292 492 1334; x_wconf 92' lang='lat' dir='ltr'><strong>in</strong></span> <span class='ocrx_word' id='word_1_150' title='bbox 520 1292 607 1334; x_wconf 92' lang='lat' dir='ltr'><strong>cod.</strong></span> <span class='ocrx_word' id='word_1_151' title='bbox 629 1305 644 1333; x_wconf 94' lang='lat'>1</span> <span class='ocrx_word' id='word_1_152' title='bbox 677 1292 786 1334; x_wconf 81' lang='lat' dir='ltr'><strong>Novi</strong></span> <span class='ocrx_word' id='word_1_153' title='bbox 808 1292 911 1334; x_wconf 90' lang='lat' dir='ltr'><strong>Coll.</strong></span> <span class='ocrx_word' id='word_1_154' title='bbox 933 1299 1108 1344; x_wconf 86' lang='lat' dir='ltr'><strong>exstent,</strong></span> <span class='ocrx_word' id='word_1_155' title='bbox 1130 1292 1257 1334; x_wconf 83' lang='lat' dir='ltr'><strong>istaec</strong></span> <span class='ocrx_word' id='word_1_156' title='bbox 1286 1293 1412 1335; x_wconf 85' lang='lat' dir='ltr'><strong>verba</strong></span> <span class='ocrx_word' id='word_1_157' title='bbox 1436 1292 1673 1348; x_wconf 87' lang='lat' dir='ltr'><strong>importuna</strong></span> <span class='ocrx_word' id='word_1_158' title='bbox 1699 1297 1742 1334; x_wconf 89' lang='lat' dir='ltr'><strong>et</strong></span> <span class='ocrx_word' id='word_1_159' title='bbox 1769 1291 1854 1335; x_wconf 90' lang='lat' dir='ltr'><strong>edi-</strong></span> 
     </span>
     <span class='ocr_line' id='line_1_19' title="bbox 448 1349 1592 1408; baseline 0.001 -17"><span class='ocrx_word' id='word_1_160' title='bbox 448 1349 627 1392; x_wconf 90' lang='lat' dir='ltr'><strong>tionibus</strong></span> <span class='ocrx_word' id='word_1_161' title='bbox 649 1349 929 1392; x_wconf 88' lang='lat' dir='ltr'><strong>vetustissimis</strong></span> <span class='ocrx_word' id='word_1_162' title='bbox 949 1349 1093 1408; x_wconf 85' lang='lat' dir='ltr'><strong>ignota</strong></span> <span class='ocrx_word' id='word_1_163' title='bbox 1112 1350 1384 1406; x_wconf 86' lang='lat' dir='ltr'><strong>relinquenda</strong></span> <span class='ocrx_word' id='word_1_164' title='bbox 1397 1349 1592 1407; x_wconf 88' lang='lat' dir='ltr'><strong>judicavi.</strong></span> 
     </span>
    </p>

    <p class='ocr_par' dir='ltr' id='par_1_7' title="bbox 447 1406 1918 1695">
     <span class='ocr_line' id='line_1_20' title="bbox 507 1406 1854 1464; baseline 0.001 -15"><span class='ocrx_word' id='word_1_165' title='bbox 507 1407 612 1449; x_wconf 91' lang='lat' dir='ltr'><strong>Ibid.</strong></span> <span class='ocrx_word' id='word_1_166' title='bbox 648 1407 677 1450; x_wconf 91' lang='lat' dir='ltr'><strong>l.</strong></span> <span class='ocrx_word' id='word_1_167' title='bbox 708 1419 775 1463; x_wconf 89' lang='lat'><strong>27.</strong></span> <span class='ocrx_word' id='word_1_168' title='bbox 806 1407 1066 1450; x_wconf 88' lang='lat' dir='ltr'><strong>Dominicum</strong></span> <span class='ocrx_word' id='word_1_169' title='bbox 1107 1408 1318 1450; x_wconf 86' lang='lat' dir='ltr'><strong>celebrare</strong></span> <span class='ocrx_word' id='word_1_170' title='bbox 1358 1414 1399 1450; x_wconf 89' lang='lat' dir='ltr'><strong>te</strong></span> <span class='ocrx_word' id='word_1_171' title='bbox 1435 1407 1586 1463; x_wconf 86' lang='lat' dir='ltr'><strong>credis]</strong></span> <span class='ocrx_word' id='word_1_172' title='bbox 1630 1406 1854 1464; x_wconf 83' lang='lat' dir='ltr'><strong>Respicere</strong></span> 
     </span>
     <span class='ocr_line' id='line_1_21' title="bbox 447 1464 1918 1522; baseline 0.001 -15"><span class='ocrx_word' id='word_1_173' title='bbox 447 1464 613 1507; x_wconf 86' lang='lat' dir='ltr'><strong>videtur</strong></span> <span class='ocrx_word' id='word_1_174' title='bbox 635 1471 780 1507; x_wconf 85' lang='lat' dir='ltr'><strong>auctor</strong></span> <span class='ocrx_word' id='word_1_175' title='bbox 808 1472 948 1507; x_wconf 88' lang='lat' dir='ltr'><strong>noster</strong></span> <span class='ocrx_word' id='word_1_176' title='bbox 975 1466 1109 1508; x_wconf 90' lang='lat' dir='ltr'><strong>locum</strong></span> <span class='ocrx_word' id='word_1_177' title='bbox 1137 1467 1189 1507; x_wconf 93' lang='lat' dir='ltr'><strong>D.</strong></span> <span class='ocrx_word' id='word_1_178' title='bbox 1209 1466 1341 1516; x_wconf 89' lang='lat' dir='ltr'><strong>Pauli,</strong></span> <span class='ocrx_word' id='word_1_179' title='bbox 1370 1479 1382 1507; x_wconf 94' lang='lat'>1</span> <span class='ocrx_word' id='word_1_180' title='bbox 1413 1466 1509 1508; x_wconf 89' lang='lat' dir='ltr'><strong>Cor.</strong></span> <span class='ocrx_word' id='word_1_181' title='bbox 1532 1465 1614 1514; x_wconf 86' lang='lat' dir='ltr'><strong>xvi,</strong></span> <span class='ocrx_word' id='word_1_182' title='bbox 1636 1477 1673 1514; x_wconf 85' lang='lat'><strong>2,</strong></span> <span class='ocrx_word' id='word_1_183' title='bbox 1695 1465 1765 1507; x_wconf 90' lang='lat' dir='ltr'><strong>ubi</strong></span> <span class='ocrx_word' id='word_1_184' title='bbox 1786 1465 1853 1522; x_wconf 88' lang='lat' dir='ltr'><strong>ju·</strong></span> <span class='ocrx_word' id='word_1_185' title='bbox 1868 1482 1918 1508; x_wconf 87' lang='lat'><strong>20</strong></span> 
     </span>
     <span class='ocr_line' id='line_1_22' title="bbox 447 1522 1853 1580; baseline 0 -16"><span class='ocrx_word' id='word_1_186' title='bbox 447 1523 599 1565; x_wconf 90' lang='lat' dir='ltr'><strong>bentur</strong></span> <span class='ocrx_word' id='word_1_187' title='bbox 619 1523 770 1580; x_wconf 86' lang='lat' dir='ltr'><strong>singuli</strong></span> <span class='ocrx_word' id='word_1_188' title='bbox 796 1523 939 1565; x_wconf 90' lang='lat' dir='ltr'><strong>fideles</strong></span> <span class='ocrx_word' id='word_1_189' title='bbox 951 1525 1106 1579; x_wconf 80' lang='lat' dir='ltr'><strong>prima</strong></span> <span class='ocrx_word' id='word_1_190' title='bbox 1127 1524 1325 1572; x_wconf 68' lang='lat' dir='ltr'><strong>sabbati,</strong></span> <span class='ocrx_word' id='word_1_191' title='bbox 1348 1523 1432 1565; x_wconf 90' lang='lat' dir='ltr'><strong>sive</strong></span> <span class='ocrx_word' id='word_1_192' title='bbox 1453 1523 1596 1579; x_wconf 85' lang='lat' dir='ltr'><strong>quavis</strong></span> <span class='ocrx_word' id='word_1_193' title='bbox 1624 1522 1690 1565; x_wconf 91' lang='lat' dir='ltr'><strong>die</strong></span> <span class='ocrx_word' id='word_1_194' title='bbox 1714 1522 1853 1565; x_wconf 89' lang='lat' dir='ltr'><strong>Domi-</strong></span> 
     </span>
     <span class='ocr_line' id='line_1_23' title="bbox 447 1579 1852 1637; baseline 0 -15"><span class='ocrx_word' id='word_1_195' title='bbox 447 1579 552 1625; x_wconf 85' lang='lat' dir='ltr'><strong>nica.</strong></span> <span class='ocrx_word' id='word_1_196' title='bbox 573 1579 768 1636; x_wconf 77' lang='lat' dir='ltr'><strong>seponere</strong></span> <span class='ocrx_word' id='word_1_197' title='bbox 798 1582 912 1637; x_wconf 81' lang='lat' dir='ltr'><strong>quod</strong></span> <span class='ocrx_word' id='word_1_198' title='bbox 941 1583 1002 1623; x_wconf 80' lang='lat' dir='ltr'><strong>eis</strong></span> <span class='ocrx_word' id='word_1_199' title='bbox 1033 1582 1356 1637; x_wconf 75' lang='lat' dir='ltr'><strong>beneplacuerit.</strong></span> <span class='ocrx_word' id='word_1_200' title='bbox 1422 1581 1479 1623; x_wconf 87' lang='lat' dir='ltr'><strong>Et</strong></span> <span class='ocrx_word' id='word_1_201' title='bbox 1508 1595 1663 1622; x_wconf 87' lang='lat' dir='ltr'><strong>morem</strong></span> <span class='ocrx_word' id='word_1_202' title='bbox 1697 1580 1772 1622; x_wconf 88' lang='lat' dir='ltr'><strong>hac</strong></span> <span class='ocrx_word' id='word_1_203' title='bbox 1799 1595 1852 1623; x_wconf 86' lang='lat' dir='ltr'><strong>ex</strong></span> 
     </span>
     <span class='ocr_line' id='line_1_24' title="bbox 447 1637 1852 1695; baseline -0.001 -15"><span class='ocrx_word' id='word_1_204' title='bbox 447 1644 567 1694; x_wconf 87' lang='lat' dir='ltr'><strong>parte</strong></span> <span class='ocrx_word' id='word_1_205' title='bbox 589 1638 797 1680; x_wconf 86' lang='lat' dir='ltr'><strong>Ecclesiae</strong></span> <span class='ocrx_word' id='word_1_206' title='bbox 820 1638 1082 1681; x_wconf 87' lang='lat' dir='ltr'><strong>Christianae</strong></span> <span class='ocrx_word' id='word_1_207' title='bbox 1112 1638 1290 1695; x_wconf 87' lang='lat' dir='ltr'><strong>explicat</strong></span> <span class='ocrx_word' id='word_1_208' title='bbox 1309 1639 1338 1681; x_wconf 85' lang='lat' dir='ltr'>J</span> <span class='ocrx_word' id='word_1_209' title='bbox 1341 1637 1500 1680; x_wconf 88' lang='lat' dir='ltr'><strong>ustinus</strong></span> <span class='ocrx_word' id='word_1_210' title='bbox 1526 1639 1706 1695; x_wconf 84' lang='lat' dir='ltr'><strong>Martyr‚</strong></span> <span class='ocrx_word' id='word_1_211' title='bbox 1730 1638 1852 1694; x_wconf 91' lang='lat' dir='ltr'><strong>Apol.</strong></span> 
     </span>
    </p>

    <p class='ocr_par' dir='ltr' id='par_1_8' title="bbox 441 1694 1928 2963">
     <span class='ocr_line' id='line_1_25' title="bbox 449 1694 1852 1752; baseline -0.001 -13"><span class='ocrx_word' id='word_1_212' title='bbox 449 1708 472 1739; x_wconf 84' lang='lat'><em>2</em></span> <span class='ocrx_word' id='word_1_213' title='bbox 493 1712 502 1738; x_wconf 92' lang='lat'>:</span> <span class='ocrx_word' id='word_1_214' title='bbox 533 1696 593 1748; x_wconf 79' lang='grc' dir='ltr'><strong>Τῇ</strong></span> <span class='ocrx_word' id='word_1_215' title='bbox 615 1699 684 1737; x_wconf 82' lang='grc' dir='ltr'><strong>τοῦ</strong></span> <span class='ocrx_word' id='word_1_216' title='bbox 705 1696 820 1748; x_wconf 85' lang='grc' dir='ltr'>ἡλίου</span> <span class='ocrx_word' id='word_1_217' title='bbox 839 1696 1039 1751; x_wconf 83' lang='grc' dir='ltr'>λεγομένῃ</span> <span class='ocrx_word' id='word_1_218' title='bbox 1060 1696 1182 1752; x_wconf 78' lang='grc' dir='ltr'>ἡμέρᾳ</span> <span class='ocrx_word' id='word_1_219' title='bbox 1202 1696 1362 1738; x_wconf 85' lang='grc' dir='ltr'>πάντων</span> <span class='ocrx_word' id='word_1_220' title='bbox 1385 1698 1482 1738; x_wconf 81' lang='grc' dir='ltr'>κατὰ</span> <span class='ocrx_word' id='word_1_221' title='bbox 1509 1697 1629 1738; x_wconf 88' lang='grc' dir='ltr'>πόλιν</span> <span class='ocrx_word' id='word_1_222' title='bbox 1655 1694 1678 1748; x_wconf 83' lang='grc' dir='ltr'>ἢ</span> <span class='ocrx_word' id='word_1_223' title='bbox 1707 1696 1852 1750; x_wconf 80' lang='grc' dir='ltr'>ἀγροὺς</span> 
     </span>
     <span class='ocr_line' id='line_1_26' title="bbox 444 1753 1915 1810; baseline 0.001 -16"><span class='ocrx_word' id='word_1_224' title='bbox 444 1755 648 1805; x_wconf 79' lang='grc' dir='ltr'>μενόντων</span> <span class='ocrx_word' id='word_1_225' title='bbox 668 1754 731 1794; x_wconf 85' lang='grc' dir='ltr'>ε’πὶ</span> <span class='ocrx_word' id='word_1_226' title='bbox 752 1753 796 1794; x_wconf 90' lang='grc' dir='ltr'><strong>τὸ</strong></span> <span class='ocrx_word' id='word_1_227' title='bbox 817 1753 912 1795; x_wconf 78' lang='grc' dir='ltr'>αὐτὸ</span> <span class='ocrx_word' id='word_1_228' title='bbox 942 1753 1178 1798; x_wconf 85' lang='grc' dir='ltr'>συνέλευσις</span> <span class='ocrx_word' id='word_1_229' title='bbox 1204 1754 1368 1807; x_wconf 78' lang='grc' dir='ltr'>γίνεται.</span> <span class='ocrx_word' id='word_1_230' title='bbox 1431 1754 1651 1810; x_wconf 84' lang='lat' dir='ltr'><strong>Quumque</strong></span> <span class='ocrx_word' id='word_1_231' title='bbox 1681 1767 1850 1810; x_wconf 81' lang='lat' dir='ltr'><strong>precum</strong></span> <span class='ocrx_word' id='word_1_232' title='bbox 1866 1771 1886 1797; x_wconf 84' lang='lat'>2</span> <span class='ocrx_word' id='word_1_233' title='bbox 1892 1769 1915 1808; x_wconf 88' lang='lat'>5</span> 
     </span>
     <span class='ocr_line' id='line_1_27' title="bbox 445 1810 1853 1868; baseline 0 -16"><span class='ocrx_word' id='word_1_234' title='bbox 445 1816 489 1852; x_wconf 88' lang='lat' dir='ltr'><strong>et</strong></span> <span class='ocrx_word' id='word_1_235' title='bbox 509 1810 795 1852; x_wconf 81' lang='lat' dir='ltr'><strong>Eucharistiae</strong></span> <span class='ocrx_word' id='word_1_236' title='bbox 815 1810 998 1852; x_wconf 87' lang='lat' dir='ltr'><strong>solennia</strong></span> <span class='ocrx_word' id='word_1_237' title='bbox 1018 1811 1312 1868; x_wconf 84' lang='lat' dir='ltr'><strong>descripsisset,</strong></span> <span class='ocrx_word' id='word_1_238' title='bbox 1335 1810 1561 1868; x_wconf 88' lang='lat' dir='ltr'><strong>subjungit,</strong></span> <span class='ocrx_word' id='word_1_239' title='bbox 1583 1812 1622 1854; x_wconf 82' lang='grc' dir='ltr'><strong>οἶ</strong></span> <span class='ocrx_word' id='word_1_240' title='bbox 1644 1811 1853 1865; x_wconf 83' lang='grc' dir='ltr'>εὐποροῦν-</span> 
     </span>
     <span class='ocr_line' id='line_1_28' title="bbox 445 1867 1852 1922; baseline 0.001 -13"><span class='ocrx_word' id='word_1_241' title='bbox 445 1885 510 1912; x_wconf 88' lang='grc' dir='ltr'><strong>τες</strong></span> <span class='ocrx_word' id='word_1_242' title='bbox 533 1869 578 1909; x_wconf 76' lang='grc' dir='ltr'><strong>δὲ</strong></span> <span class='ocrx_word' id='word_1_243' title='bbox 602 1868 665 1910; x_wconf 85' lang='grc' dir='ltr'><strong>καὶ</strong></span> <span class='ocrx_word' id='word_1_244' title='bbox 685 1869 938 1921; x_wconf 81' lang='grc' dir='ltr'>βουλόμενοι,</span> <span class='ocrx_word' id='word_1_245' title='bbox 970 1870 1067 1910; x_wconf 82' lang='grc' dir='ltr'>κατὰ</span> <span class='ocrx_word' id='word_1_246' title='bbox 1096 1870 1327 1922; x_wconf 88' lang='grc' dir='ltr'>προαίρεσιν</span> <span class='ocrx_word' id='word_1_247' title='bbox 1358 1869 1524 1912; x_wconf 81' lang='grc' dir='ltr'>ἕκαστος</span> <span class='ocrx_word' id='word_1_248' title='bbox 1552 1868 1624 1920; x_wconf 77' lang='grc' dir='ltr'><strong>τὴν</strong></span> <span class='ocrx_word' id='word_1_249' title='bbox 1656 1869 1808 1920; x_wconf 81' lang='grc' dir='ltr'>ἑαυτοῦ,</span> <span class='ocrx_word' id='word_1_250' title='bbox 1829 1867 1852 1911; x_wconf 80' lang='grc' dir='ltr'><strong>ὃ</strong></span> 
     </span>
     <span class='ocr_line' id='line_1_29' title="bbox 444 1925 1853 1982; baseline 0 -15"><span class='ocrx_word' id='word_1_251' title='bbox 444 1926 640 1977; x_wconf 82' lang='grc' dir='ltr'>βούλεται</span> <span class='ocrx_word' id='word_1_252' title='bbox 660 1927 811 1976; x_wconf 85' lang='grc' dir='ltr'>δίδωσι,</span> <span class='ocrx_word' id='word_1_253' title='bbox 834 1926 895 1967; x_wconf 87' lang='grc' dir='ltr'><strong>καὶ</strong></span> <span class='ocrx_word' id='word_1_254' title='bbox 916 1925 961 1968; x_wconf 85' lang='grc' dir='ltr'><strong>τὸ</strong></span> <span class='ocrx_word' id='word_1_255' title='bbox 984 1927 1289 1980; x_wconf 70' lang='grc' dir='ltr'>συλλεγόμενον</span> <span class='ocrx_word' id='word_1_256' title='bbox 1309 1928 1416 1980; x_wconf 82' lang='grc' dir='ltr'>παρὰ</span> <span class='ocrx_word' id='word_1_257' title='bbox 1436 1930 1489 1982; x_wconf 78' lang='grc' dir='ltr'><strong>τῷ</strong></span> <span class='ocrx_word' id='word_1_258' title='bbox 1510 1929 1730 1979; x_wconf 83' lang='grc' dir='ltr'>προεστῶτι</span> <span class='ocrx_word' id='word_1_259' title='bbox 1755 1926 1853 1968; x_wconf 82' lang='grc' dir='ltr'>ὑπο-</span> 
     </span>
     <span class='ocr_line' id='line_1_30' title="bbox 445 1982 1853 2038; baseline 0.001 -13"><span class='ocrx_word' id='word_1_260' title='bbox 445 1983 607 2035; x_wconf 78' lang='grc' dir='ltr'>τίθεται,</span> <span class='ocrx_word' id='word_1_261' title='bbox 624 1984 688 2025; x_wconf 85' lang='grc' dir='ltr'><strong>καὶ</strong></span> <span class='ocrx_word' id='word_1_262' title='bbox 710 1983 823 2028; x_wconf 80' lang='grc' dir='ltr'>αὐτὸς</span> <span class='ocrx_word' id='word_1_263' title='bbox 843 1984 1042 2037; x_wconf 76' lang='grc' dir='ltr'>ἐπικουρεῖ</span> <span class='ocrx_word' id='word_1_264' title='bbox 1058 1985 1250 2038; x_wconf 82' lang='grc' dir='ltr'>ὀρφανοῖς</span> <span class='ocrx_word' id='word_1_265' title='bbox 1265 2001 1308 2026; x_wconf 93' lang='grc' dir='ltr'><strong>τε</strong></span> <span class='ocrx_word' id='word_1_266' title='bbox 1330 1985 1393 2026; x_wconf 84' lang='grc' dir='ltr'><strong>καὶ</strong></span> <span class='ocrx_word' id='word_1_267' title='bbox 1413 1983 1564 2038; x_wconf 82' lang='grc' dir='ltr'>χήραις,</span> <span class='ocrx_word' id='word_1_268' title='bbox 1582 1983 1656 2025; x_wconf 88' lang='lat' dir='ltr'><strong>&amp;c.</strong></span> <span class='ocrx_word' id='word_1_269' title='bbox 1699 1982 1853 2026; x_wconf 83' lang='lat' dir='ltr'><strong>Obser-</strong></span> 
     </span>
     <span class='ocr_line' id='line_1_31' title="bbox 446 2040 1916 2108; baseline 0.001 -26"><span class='ocrx_word' id='word_1_270' title='bbox 446 2040 624 2082; x_wconf 87' lang='lat' dir='ltr'><strong>vandum</strong></span> <span class='ocrx_word' id='word_1_271' title='bbox 646 2040 771 2090; x_wconf 88' lang='lat' dir='ltr'><strong>venit,</strong></span> <span class='ocrx_word' id='word_1_272' title='bbox 792 2042 1014 2083; x_wconf 80' lang='lat' dir='ltr'><strong>Dominici</strong></span> <span class='ocrx_word' id='word_1_273' title='bbox 1043 2056 1141 2083; x_wconf 89' lang='lat' dir='ltr'><strong>voce</strong></span> <span class='ocrx_word' id='word_1_274' title='bbox 1172 2041 1255 2084; x_wconf 86' lang='lat' dir='ltr'><strong>tria</strong></span> <span class='ocrx_word' id='word_1_275' title='bbox 1283 2041 1503 2108; x_wconf 80' lang='lat' dir='ltr'><strong>significari</strong></span> <span class='ocrx_word' id='word_1_276' title='bbox 1533 2041 1646 2098; x_wconf 87' lang='lat' dir='ltr'><strong>apud</strong></span> <span class='ocrx_word' id='word_1_277' title='bbox 1675 2046 1849 2084; x_wconf 83' lang='lat' dir='ltr'><strong>veteres.</strong></span> <span class='ocrx_word' id='word_1_278' title='bbox 1863 2056 1916 2094; x_wconf 87' lang='lat'><strong>30</strong></span> 
     </span>
     <span class='ocr_line' id='line_1_32' title="bbox 453 2097 1851 2156; baseline 0.002 -17"><span class='ocrx_word' id='word_1_279' title='bbox 453 2112 489 2139; x_wconf 84' lang='lat'><strong>1.</strong></span> <span class='ocrx_word' id='word_1_280' title='bbox 523 2098 645 2141; x_wconf 90' lang='lat' dir='ltr'><strong>Diem</strong></span> <span class='ocrx_word' id='word_1_281' title='bbox 675 2098 829 2155; x_wconf 86' lang='lat' dir='ltr'><strong>ipsam3</strong></span> <span class='ocrx_word' id='word_1_282' title='bbox 872 2097 932 2140; x_wconf 87' lang='lat' dir='ltr'><strong>ita</strong></span> <span class='ocrx_word' id='word_1_283' title='bbox 961 2098 1139 2141; x_wconf 87' lang='lat' dir='ltr'><strong>habetur</strong></span> <span class='ocrx_word' id='word_1_284' title='bbox 1170 2098 1302 2156; x_wconf 92' lang='lat' dir='ltr'><strong>Apoc.</strong></span> <span class='ocrx_word' id='word_1_285' title='bbox 1325 2114 1350 2141; x_wconf 82' lang='lat' dir='ltr'><strong>i.</strong></span> <span class='ocrx_word' id='word_1_286' title='bbox 1369 2113 1408 2153; x_wconf 88' lang='lat'><strong>9,</strong></span> <span class='ocrx_word' id='word_1_287' title='bbox 1440 2104 1483 2141; x_wconf 92' lang='lat' dir='ltr'><strong>et</strong></span> <span class='ocrx_word' id='word_1_288' title='bbox 1515 2098 1654 2155; x_wconf 82' lang='lat' dir='ltr'><strong>Ignat.</strong></span> <span class='ocrx_word' id='word_1_289' title='bbox 1687 2099 1766 2156; x_wconf 83' lang='lat' dir='ltr'><strong>Ep.</strong></span> <span class='ocrx_word' id='word_1_290' title='bbox 1795 2099 1851 2142; x_wconf 86' lang='lat' dir='ltr'><strong>ad</strong></span> 
     </span>
     <span class='ocr_line' id='line_1_33' title="bbox 447 2155 1851 2214; baseline 0.001 -17"><span class='ocrx_word' id='word_1_291' title='bbox 447 2155 644 2198; x_wconf 85' lang='lat' dir='ltr'><strong>Trallian.</strong></span> <span class='ocrx_word' id='word_1_292' title='bbox 708 2169 743 2199; x_wconf 89' lang='lat'><strong>2.</strong></span> <span class='ocrx_word' id='word_1_293' title='bbox 772 2155 1021 2206; x_wconf 81' lang='lat' dir='ltr'><strong>Ecclesiam3</strong></span> <span class='ocrx_word' id='word_1_294' title='bbox 1059 2156 1118 2199; x_wconf 86' lang='lat' dir='ltr'><strong>ita</strong></span> <span class='ocrx_word' id='word_1_295' title='bbox 1146 2156 1299 2199; x_wconf 85' lang='lat' dir='ltr'><strong>Concil.</strong></span> <span class='ocrx_word' id='word_1_296' title='bbox 1328 2156 1524 2199; x_wconf 77' lang='lat' dir='ltr'><strong>Neocaes.</strong></span> <span class='ocrx_word' id='word_1_297' title='bbox 1549 2157 1650 2199; x_wconf 81' lang='lat' dir='ltr'><strong>Can.</strong></span> <span class='ocrx_word' id='word_1_298' title='bbox 1672 2170 1713 2213; x_wconf 88' lang='lat'><strong>5,</strong></span> <span class='ocrx_word' id='word_1_299' title='bbox 1729 2156 1851 2214; x_wconf 90' lang='lat' dir='ltr'><strong>jubet</strong></span> 
     </span>
     <span class='ocr_line' id='line_1_34' title="bbox 445 2213 1850 2270; baseline 0.001 -15"><span class='ocrx_word' id='word_1_300' title='bbox 445 2213 784 2256; x_wconf 88' lang='lat' dir='ltr'><strong>catechumenum</strong></span> <span class='ocrx_word' id='word_1_301' title='bbox 805 2213 1104 2270; x_wconf 85' lang='lat' dir='ltr'><strong>ingredientem</strong></span> <span class='ocrx_word' id='word_1_302' title='bbox 1128 2215 1170 2258; x_wconf 78' lang='grc' dir='ltr'><strong>ἐς</strong></span> <span class='ocrx_word' id='word_1_303' title='bbox 1188 2214 1234 2256; x_wconf 86' lang='grc' dir='ltr'><strong>τὸ</strong></span> <span class='ocrx_word' id='word_1_304' title='bbox 1258 2214 1468 2267; x_wconf 84' lang='grc' dir='ltr'>Κυριακὸν,</span> <span class='ocrx_word' id='word_1_305' title='bbox 1485 2214 1526 2256; x_wconf 91' lang='lat' dir='ltr'><strong>in</strong></span> <span class='ocrx_word' id='word_1_306' title='bbox 1548 2214 1635 2257; x_wconf 89' lang='lat' dir='ltr'><strong>loco</strong></span> <span class='ocrx_word' id='word_1_307' title='bbox 1657 2214 1850 2257; x_wconf 80' lang='lat' dir='ltr'><strong>catechu-</strong></span> 
     </span>
     <span class='ocr_line' id='line_1_35' title="bbox 446 2270 1850 2322; baseline 0.001 -9"><span class='ocrx_word' id='word_1_308' title='bbox 446 2286 659 2314; x_wconf 87' lang='lat' dir='ltr'><strong>menorum</strong></span> <span class='ocrx_word' id='word_1_309' title='bbox 679 2270 902 2314; x_wconf 84' lang='lat' dir='ltr'><strong>subsistere</strong></span> <span class='ocrx_word' id='word_1_310' title='bbox 918 2287 930 2322; x_wconf 70' lang='grc' dir='ltr'><strong><em>ς</em></strong></span> <span class='ocrx_word' id='word_1_311' title='bbox 961 2279 1004 2314; x_wconf 90' lang='lat' dir='ltr'><strong>et</strong></span> <span class='ocrx_word' id='word_1_312' title='bbox 1025 2272 1197 2314; x_wconf 88' lang='lat' dir='ltr'><strong>Hieron.</strong></span> <span class='ocrx_word' id='word_1_313' title='bbox 1220 2272 1262 2313; x_wconf 92' lang='lat' dir='ltr'><strong>in</strong></span> <span class='ocrx_word' id='word_1_314' title='bbox 1283 2271 1486 2315; x_wconf 85' lang='lat' dir='ltr'><strong>Chronico</strong></span> <span class='ocrx_word' id='word_1_315' title='bbox 1507 2271 1563 2314; x_wconf 89' lang='lat' dir='ltr'><strong>sic</strong></span> <span class='ocrx_word' id='word_1_316' title='bbox 1584 2286 1682 2315; x_wconf 89' lang='lat' dir='ltr'><strong>voce</strong></span> <span class='ocrx_word' id='word_1_317' title='bbox 1701 2273 1850 2315; x_wconf 79' lang='lat' dir='ltr'><strong>Domi·</strong></span> 
     </span>
     <span class='ocr_line' id='line_1_36' title="bbox 444 2328 1912 2387; baseline 0.001 -17"><span class='ocrx_word' id='word_1_318' title='bbox 444 2330 537 2371; x_wconf 80' lang='lat' dir='ltr'><strong>nici</strong></span> <span class='ocrx_word' id='word_1_319' title='bbox 571 2328 715 2372; x_wconf 82' lang='lat' dir='ltr'><strong>utitur.</strong></span> <span class='ocrx_word' id='word_1_320' title='bbox 790 2329 847 2372; x_wconf 86' lang='lat' dir='ltr'><strong>Et</strong></span> <span class='ocrx_word' id='word_1_321' title='bbox 880 2328 922 2371; x_wconf 89' lang='lat' dir='ltr'><strong>in</strong></span> <span class='ocrx_word' id='word_1_322' title='bbox 958 2329 1186 2372; x_wconf 87' lang='lat' dir='ltr'><strong>vernaculis</strong></span> <span class='ocrx_word' id='word_1_323' title='bbox 1222 2329 1373 2371; x_wconf 88' lang='lat' dir='ltr'><strong>nostris</strong></span> <span class='ocrx_word' id='word_1_324' title='bbox 1408 2329 1570 2387; x_wconf 85' lang='lat' dir='ltr'><strong>linguis,</strong></span> <span class='ocrx_word' id='word_1_325' title='bbox 1603 2329 1847 2372; x_wconf 86' lang='lat' dir='ltr'><strong>nostratium</strong></span> <span class='ocrx_word' id='word_1_326' title='bbox 1861 2341 1912 2381; x_wconf 81' lang='lat'><strong>35</strong></span> 
     </span>
     <span class='ocr_line' id='line_1_37' title="bbox 450 2386 1849 2443; baseline 0.001 -15"><span class='ocrx_word' id='word_1_327' title='bbox 450 2387 633 2437; x_wconf 70' lang='lat' dir='ltr'><strong>Olturch,</strong></span> <span class='ocrx_word' id='word_1_328' title='bbox 653 2393 696 2429; x_wconf 89' lang='lat' dir='ltr'><strong>et</strong></span> <span class='ocrx_word' id='word_1_329' title='bbox 718 2386 1020 2429; x_wconf 84' lang='lat' dir='ltr'><strong>Germanorum</strong></span> <span class='ocrx_word' id='word_1_330' title='bbox 1042 2388 1194 2437; x_wconf 77' lang='lat' dir='ltr'><strong>Dokm‚</strong></span> <span class='ocrx_word' id='word_1_331' title='bbox 1217 2402 1267 2430; x_wconf 87' lang='lat' dir='ltr'><strong>ex</strong></span> <span class='ocrx_word' id='word_1_332' title='bbox 1297 2387 1374 2429; x_wconf 87' lang='lat' dir='ltr'><strong>hoc</strong></span> <span class='ocrx_word' id='word_1_333' title='bbox 1401 2387 1516 2430; x_wconf 86' lang='lat' dir='ltr'><strong>fonte</strong></span> <span class='ocrx_word' id='word_1_334' title='bbox 1539 2386 1694 2443; x_wconf 90' lang='lat' dir='ltr'><strong>liquido</strong></span> <span class='ocrx_word' id='word_1_335' title='bbox 1721 2387 1849 2430; x_wconf 89' lang='lat' dir='ltr'><strong>dedu-</strong></span> 
     </span>
     <span class='ocr_line' id='line_1_38' title="bbox 444 2443 1848 2502; baseline 0.001 -16"><span class='ocrx_word' id='word_1_336' title='bbox 444 2450 609 2487; x_wconf 81' lang='lat' dir='ltr'><strong>cuntur.</strong></span> <span class='ocrx_word' id='word_1_337' title='bbox 661 2457 701 2500; x_wconf 83' lang='lat'><strong>3.</strong></span> <span class='ocrx_word' id='word_1_338' title='bbox 725 2443 898 2487; x_wconf 90' lang='lat' dir='ltr'><strong>Ponitur</strong></span> <span class='ocrx_word' id='word_1_339' title='bbox 917 2459 994 2502; x_wconf 90' lang='lat' dir='ltr'><strong>pro</strong></span> <span class='ocrx_word' id='word_1_340' title='bbox 1015 2444 1223 2502; x_wconf 85' lang='lat' dir='ltr'><strong>mysteriis</strong></span> <span class='ocrx_word' id='word_1_341' title='bbox 1244 2444 1332 2487; x_wconf 91' lang='lat' dir='ltr'><strong>loco</strong></span> <span class='ocrx_word' id='word_1_342' title='bbox 1352 2451 1394 2487; x_wconf 91' lang='lat' dir='ltr'><strong>et</strong></span> <span class='ocrx_word' id='word_1_343' title='bbox 1420 2450 1604 2501; x_wconf 89' lang='lat' dir='ltr'><strong>tempore</strong></span> <span class='ocrx_word' id='word_1_344' title='bbox 1626 2445 1848 2502; x_wconf 85' lang='lat' dir='ltr'><strong>praedictis</strong></span> 
     </span>
     <span class='ocr_line' id='line_1_39' title="bbox 444 2500 1848 2556; baseline 0.001 -12"><span class='ocrx_word' id='word_1_345' title='bbox 444 2501 646 2545; x_wconf 78' lang='lat' dir='ltr'><strong>celebrari</strong></span> <span class='ocrx_word' id='word_1_346' title='bbox 676 2500 833 2544; x_wconf 83' lang='lat' dir='ltr'><strong>solitis:</strong></span> <span class='ocrx_word' id='word_1_347' title='bbox 870 2501 928 2544; x_wconf 79' lang='lat' dir='ltr'><strong>ita</strong></span> <span class='ocrx_word' id='word_1_348' title='bbox 962 2502 1155 2556; x_wconf 80' lang='grc' dir='ltr'>Κυριακὸν</span> <span class='ocrx_word' id='word_1_349' title='bbox 1184 2506 1332 2553; x_wconf 80' lang='grc' dir='ltr'>τελεῖν,</span> <span class='ocrx_word' id='word_1_350' title='bbox 1353 2508 1414 2545; x_wconf 83' lang='lat' dir='ltr'><strong>est</strong></span> <span class='ocrx_word' id='word_1_351' title='bbox 1444 2502 1571 2545; x_wconf 81' lang='lat' dir='ltr'><strong>sacris</strong></span> <span class='ocrx_word' id='word_1_352' title='bbox 1603 2502 1848 2546; x_wconf 79' lang='lat' dir='ltr'><strong>Christianis</strong></span> 
     </span>
     <span class='ocr_line' id='line_1_40' title="bbox 443 2558 1847 2616; baseline 0.001 -14"><span class='ocrx_word' id='word_1_353' title='bbox 443 2558 621 2616; x_wconf 81' lang='lat' dir='ltr'><strong>operari.</strong></span> <span class='ocrx_word' id='word_1_354' title='bbox 664 2559 719 2602; x_wconf 84' lang='lat' dir='ltr'><strong>Et</strong></span> <span class='ocrx_word' id='word_1_355' title='bbox 739 2559 913 2603; x_wconf 76' lang='lat' dir='ltr'><strong>fortasse</strong></span> <span class='ocrx_word' id='word_1_356' title='bbox 934 2559 1014 2602; x_wconf 90' lang='lat' dir='ltr'><strong>huc</strong></span> <span class='ocrx_word' id='word_1_357' title='bbox 1035 2559 1146 2610; x_wconf 80' lang='lat' dir='ltr'><strong>facit,</strong></span> <span class='ocrx_word' id='word_1_358' title='bbox 1168 2560 1278 2616; x_wconf 92' lang='lat' dir='ltr'><strong>quod</strong></span> <span class='ocrx_word' id='word_1_359' title='bbox 1300 2559 1365 2603; x_wconf 91' lang='lat' dir='ltr'><strong>hic</strong></span> <span class='ocrx_word' id='word_1_360' title='bbox 1386 2559 1550 2612; x_wconf 90' lang='lat' dir='ltr'><strong>dicitur,</strong></span> <span class='ocrx_word' id='word_1_361' title='bbox 1571 2561 1847 2604; x_wconf 77' lang='lat' dir='ltr'><strong>Dominicwm</strong></span> 
     </span>
     <span class='ocr_line' id='line_1_41' title="bbox 442 2617 1913 2671; baseline 0.001 -11"><span class='ocrx_word' id='word_1_362' title='bbox 442 2618 655 2660; x_wconf 76' lang='lat' dir='ltr'><strong>celebrare</strong></span> <span class='ocrx_word' id='word_1_363' title='bbox 676 2625 714 2660; x_wconf 81' lang='lat' dir='ltr'><strong>te</strong></span> <span class='ocrx_word' id='word_1_364' title='bbox 734 2618 874 2660; x_wconf 73' lang='lat' dir='ltr'><strong>credis</strong></span> <span class='ocrx_word' id='word_1_365' title='bbox 888 2617 911 2661; x_wconf 69' lang='grc' dir='ltr'><strong>,Ρ</strong></span> <span class='ocrx_word' id='word_1_366' title='bbox 942 2617 1067 2661; x_wconf 88' lang='lat' dir='ltr'><strong>Certe</strong></span> <span class='ocrx_word' id='word_1_367' title='bbox 1087 2618 1191 2661; x_wconf 83' lang='lat' dir='ltr'><strong>adeo</strong></span> <span class='ocrx_word' id='word_1_368' title='bbox 1212 2624 1351 2661; x_wconf 83' lang='lat' dir='ltr'><strong>arctus</strong></span> <span class='ocrx_word' id='word_1_369' title='bbox 1372 2624 1463 2661; x_wconf 85' lang='lat' dir='ltr'><strong>erat</strong></span> <span class='ocrx_word' id='word_1_370' title='bbox 1483 2632 1613 2661; x_wconf 83' lang='lat' dir='ltr'><strong>nexus</strong></span> <span class='ocrx_word' id='word_1_371' title='bbox 1633 2617 1742 2661; x_wconf 87' lang='lat' dir='ltr'><strong>inter</strong></span> <span class='ocrx_word' id='word_1_372' title='bbox 1763 2619 1846 2661; x_wconf 90' lang='lat' dir='ltr'><strong>Eu·</strong></span> <span class='ocrx_word' id='word_1_373' title='bbox 1859 2636 1913 2671; x_wconf 89' lang='lat'><strong>40</strong></span> 
     </span>
     <span class='ocr_line' id='line_1_42' title="bbox 442 2674 1846 2733; baseline 0.002 -17"><span class='ocrx_word' id='word_1_374' title='bbox 442 2674 661 2717; x_wconf 80' lang='lat' dir='ltr'><strong>cliaristiac</strong></span> <span class='ocrx_word' id='word_1_375' title='bbox 701 2674 1006 2732; x_wconf 82' lang='lat' dir='ltr'><strong>perceptionem</strong></span> <span class='ocrx_word' id='word_1_376' title='bbox 1043 2682 1087 2718; x_wconf 85' lang='lat' dir='ltr'><strong>et</strong></span> <span class='ocrx_word' id='word_1_377' title='bbox 1109 2675 1179 2731; x_wconf 84' lang='lat' dir='ltr'><strong>jus</strong></span> <span class='ocrx_word' id='word_1_378' title='bbox 1214 2675 1441 2718; x_wconf 82' lang='lat' dir='ltr'><strong>oblationes</strong></span> <span class='ocrx_word' id='word_1_379' title='bbox 1475 2675 1762 2733; x_wconf 83' lang='lat' dir='ltr'><strong>participandi,</strong></span> <span class='ocrx_word' id='word_1_380' title='bbox 1798 2682 1846 2719; x_wconf 90' lang='lat' dir='ltr'><strong>ut</strong></span> 
     </span>
     <span class='ocr_line' id='line_1_43' title="bbox 443 2732 1928 2830; baseline 0.002 -56"><span class='ocrx_word' id='word_1_381' title='bbox 443 2732 531 2830; x_wconf 78' lang='lat' dir='ltr'><strong>pari</strong></span> <span class='ocrx_word' id='word_1_382' title='bbox 562 2747 726 2790; x_wconf 79' lang='lat' dir='ltr'><strong>semper</strong></span> <span class='ocrx_word' id='word_1_383' title='bbox 756 2747 877 2799; x_wconf 82' lang='lat' dir='ltr'><strong>passu</strong></span> <span class='ocrx_word' id='word_1_384' title='bbox 908 2733 1193 2790; x_wconf 84' lang='lat' dir='ltr'><strong>procederent,</strong></span> <span class='ocrx_word' id='word_1_385' title='bbox 1216 2739 1258 2776; x_wconf 90' lang='lat' dir='ltr'><strong>et</strong></span> <span class='ocrx_word' id='word_1_386' title='bbox 1287 2732 1466 2777; x_wconf 79' lang='lat' dir='ltr'><strong>abstenti</strong></span> <span class='ocrx_word' id='word_1_387' title='bbox 1493 2733 1731 2776; x_wconf 88' lang='lat' dir='ltr'><strong>viderentur</strong></span> <span class='ocrx_word' id='word_1_388' title='bbox 1758 2733 1846 2791; x_wconf 89' lang='lat' dir='ltr'><strong>qui·</strong></span> <span class='ocrx_word' id='word_1_389' title='bbox 1923 2758 1928 2765; x_wconf 90' lang='lat'><strong>·</strong></span> 
     </span>
     <span class='ocr_line' id='line_1_44' title="bbox 457 2789 1841 2849; baseline 0.002 -18"><span class='ocrx_word' id='word_1_390' title='bbox 457 2804 518 2832; x_wconf 73' lang='lat' dir='ltr'><strong>&gt;us</strong></span> <span class='ocrx_word' id='word_1_391' title='bbox 554 2789 630 2832; x_wconf 84' lang='lat' dir='ltr'><strong>hoc</strong></span> <span class='ocrx_word' id='word_1_392' title='bbox 666 2789 925 2847; x_wconf 77' lang='lat' dir='ltr'><strong>privilegium</strong></span> <span class='ocrx_word' id='word_1_393' title='bbox 967 2792 1172 2835; x_wconf 83' lang='grc' dir='ltr'>κοινωνίας</span> <span class='ocrx_word' id='word_1_394' title='bbox 1212 2793 1312 2844; x_wconf 76' lang='grc' dir='ltr'>μετὰ</span> <span class='ocrx_word' id='word_1_395' title='bbox 1351 2794 1583 2845; x_wconf 81' lang='grc' dir='ltr'>προσφορᾶς</span> <span class='ocrx_word' id='word_1_396' title='bbox 1622 2796 1841 2849; x_wconf 79' lang='lat' dir='ltr'><strong>negatum:</strong></span> 
     </span>
     <span class='ocr_line' id='line_1_45' title="bbox 441 2847 1844 2906; baseline 0.002 -18"><span class='ocrx_word' id='word_1_397' title='bbox 441 2860 524 2902; x_wconf 80' lang='lat' dir='ltr'><strong>qua</strong></span> <span class='ocrx_word' id='word_1_398' title='bbox 550 2847 602 2889; x_wconf 89' lang='lat' dir='ltr'><strong>de</strong></span> <span class='ocrx_word' id='word_1_399' title='bbox 634 2862 681 2890; x_wconf 86' lang='lat' dir='ltr'><strong>re</strong></span> <span class='ocrx_word' id='word_1_400' title='bbox 702 2847 890 2891; x_wconf 80' lang='lat' dir='ltr'><strong>videatur</strong></span> <span class='ocrx_word' id='word_1_401' title='bbox 913 2847 1066 2891; x_wconf 86' lang='lat' dir='ltr'><strong>Concil.</strong></span> <span class='ocrx_word' id='word_1_402' title='bbox 1091 2850 1246 2906; x_wconf 82' lang='lat' dir='ltr'><strong>Ancyr.</strong></span> <span class='ocrx_word' id='word_1_403' title='bbox 1267 2863 1355 2891; x_wconf 82' lang='lat' dir='ltr'><strong>can.</strong></span> <span class='ocrx_word' id='word_1_404' title='bbox 1374 2859 1415 2904; x_wconf 82' lang='lat'><strong>5.</strong></span> <span class='ocrx_word' id='word_1_405' title='bbox 1439 2863 1513 2891; x_wconf 88' lang='lat' dir='ltr'><strong>nec</strong></span> <span class='ocrx_word' id='word_1_406' title='bbox 1541 2863 1622 2891; x_wconf 88' lang='lat' dir='ltr'><strong>non</strong></span> <span class='ocrx_word' id='word_1_407' title='bbox 1650 2862 1756 2905; x_wconf 78' lang='lat' dir='ltr'><strong>quae</strong></span> <span class='ocrx_word' id='word_1_408' title='bbox 1783 2848 1844 2892; x_wconf 92' lang='lat' dir='ltr'><strong>di·</strong></span> 
     </span>
     <span class='ocr_line' id='line_1_46' title="bbox 441 2903 1906 2963; baseline 0.003 -17"><span class='ocrx_word' id='word_1_409' title='bbox 441 2911 590 2948; x_wconf 85' lang='lat' dir='ltr'><strong>cuntur</strong></span> <span class='ocrx_word' id='word_1_410' title='bbox 621 2903 661 2947; x_wconf 87' lang='lat' dir='ltr'><strong>in</strong></span> <span class='ocrx_word' id='word_1_411' title='bbox 695 2905 771 2962; x_wconf 80' lang='lat' dir='ltr'><strong>Ep.</strong></span> <span class='ocrx_word' id='word_1_412' title='bbox 791 2917 825 2947; x_wconf 86' lang='lat'><strong>2.</strong></span> <span class='ocrx_word' id='word_1_413' title='bbox 896 2906 939 2949; x_wconf 84' lang='lat' dir='ltr'><strong>lu</strong></span> <span class='ocrx_word' id='word_1_414' title='bbox 969 2906 1073 2948; x_wconf 74' lang='lat' dir='ltr'><strong>lianc</strong></span> <span class='ocrx_word' id='word_1_415' title='bbox 1101 2912 1279 2949; x_wconf 87' lang='lat' dir='ltr'><strong>mentem</strong></span> <span class='ocrx_word' id='word_1_416' title='bbox 1307 2906 1464 2950; x_wconf 86' lang='lat' dir='ltr'><strong>locutus</strong></span> <span class='ocrx_word' id='word_1_417' title='bbox 1493 2906 1654 2949; x_wconf 83' lang='lat' dir='ltr'><strong>videtur</strong></span> <span class='ocrx_word' id='word_1_418' title='bbox 1683 2906 1736 2949; x_wconf 94' lang='lat' dir='ltr'><strong>D.</strong></span> <span class='ocrx_word' id='word_1_419' title='bbox 1759 2906 1842 2950; x_wconf 84' lang='lat' dir='ltr'><strong>Au·</strong></span> <span class='ocrx_word' id='word_1_420' title='bbox 1857 2923 1906 2963; x_wconf 81' lang='lat'><strong>45</strong></span> 
     </span>
    </p>
   </div>
  </div>
 </body>
</html>
