2034 3204
435 248 522 289 350
908 247 1370 290 ANNOTATIONES

437 356 535 398 edit.
559 356 683 406 Lisle,
704 356 773 412 qui
795 357 959 413 quidem
980 363 1182 400 tractatus
1200 357 1390 414 Aedgari
1412 356 1523 414 regis
1540 356 1721 413 Angliae
1741 361 1843 398 tem-

436 413 606 470 poribus
626 414 872 470 compositus
893 421 968 457 est.
1021 415 1144 457 Unde
1165 420 1326 457 constat
1348 429 1495 470 parum
1512 428 1677 456 curasse
1693 413 1844 455 Aelfri-

437 486 529 513 cum
560 472 625 514 vel
653 472 864 514 decretum
893 472 991 514 illud
1024 472 1252 514 Innocentii
1283 473 1317 521 I,
1341 471 1517 514 Romani
1546 470 1751 528 Episcopi,
1779 471 1844 513 vel

438 529 623 572 Africani
645 529 814 572 Concilii
837 530 888 570 de
909 530 1024 571 libris
1046 529 1249 571 canonicis
1271 529 1562 571 definitionem.
1604 529 1671 570 Ad
1692 529 1842 570 librum

438 587 563 629 Tobit
593 587 703 643 quod
738 587 901 638 attinet,
934 587 1008 628 etsi
1044 586 1079 628 is
1114 602 1240 643 supra
1275 587 1433 643 pariter
1471 593 1597 642 atque
1636 587 1715 628 hoc
1754 586 1842 628 loco
1857 597 1880 636 5

438 644 747 686 Ecclesiasticus
767 659 792 686 a.
814 644 1026 700 Cypriano
1046 650 1244 700 tanquam
1268 644 1484 701 Scriptura
1505 659 1622 686 sacra
1641 644 1844 686 adductus

437 708 514 753 est,
536 708 733 750 attamen,
759 702 871 757 quod
899 701 942 743 in
972 702 1238 758 sequentibus
1269 702 1320 744 de
1351 702 1529 744 efficacia
1559 702 1844 758 eleemosynae

438 759 537 802 dicit
558 759 749 816 Raphael
770 760 971 816 Angelus,
991 759 1035 802 id
1054 760 1218 801 demum
1241 759 1445 802 Tabithae
1465 759 1777 801 resuscitatione
1800 759 1844 801 in

438 817 610 859 Actibus
649 822 820 859 narrata
855 817 1146 874 Apostolorum
1186 823 1351 860 sanctus
1382 819 1509 860 Pater
1543 817 1577 859 it
1610 817 1841 874 probatum.

439 874 536 916 Vid.
558 878 590 925 ᾗ.
612 874 666 926 iv,
688 889 728 930 p.
749 888 844 931 299.
1861 887 1909 914 10

497 932 544 972 P.
565 935 660 985 296.
682 932 710 974 1.
730 934 792 973 16.
816 931 1022 988 operatio]
1053 932 1145 974 Hac
1170 946 1269 974 voce
1299 932 1448 989 passim
1479 932 1670 990 designat
1699 937 1844 974 auctor

438 1004 559 1031 omne
579 989 692 1038 illud,
715 990 825 1046 quod
845 990 958 1046 apud
978 1005 1051 1031 nos
1070 990 1273 1032 bonorum
1293 1005 1463 1046 operum
1486 990 1696 1032 notatione
1723 990 1844 1032 intel-

437 1046 594 1104 ligitur,
616 1047 725 1089 unde
746 1047 802 1089 sic
829 1047 872 1089 in
899 1047 994 1089 libri
1022 1047 1144 1104 hujus
1170 1047 1292 1090 titulo
1319 1048 1554 1097 adhibetur,
1577 1053 1623 1090 ut
1649 1047 1756 1090 idem
1789 1047 1844 1090 sit

437 1119 528 1146 cum
552 1105 837 1162 eleemosyna3
869 1111 912 1147 et
932 1111 1056 1162 caput
1076 1105 1254 1162 primum
1274 1105 1388 1148 tertii
1407 1105 1501 1147 libri
1521 1106 1576 1147 ad
1599 1105 1758 1156 Quirin.
1781 1105 1843 1147 in-

438 1161 645 1212 scribitur,
667 1163 719 1205 de
740 1164 858 1205 Bono
881 1163 1031 1219 Operis
1055 1169 1097 1205 et
1120 1162 1442 1205 Misericordiae.
1504 1163 1588 1206 Ubi
1617 1163 1709 1205 vide
1736 1177 1842 1219 quae
1860 1173 1907 1213 15

438 1220 562 1262 dicta.
603 1221 638 1261 F
640 1221 764 1262 ELL.
836 1220 1029 1262 Proxime
1070 1227 1176 1278 post,
1217 1221 1478 1263 scribendum
1523 1227 1623 1278 puto
1664 1222 1844 1264 imitata

438 1279 590 1326 Deum,
627 1278 816 1321 videlicet
847 1277 918 1334 qui
953 1278 995 1320 in
1030 1279 1232 1336 baptismo
1267 1278 1546 1321 remissionem
1581 1284 1843 1336 peccatorum

438 1335 656 1379 condonat.

497 1393 544 1435 P.
564 1404 660 1448 297.
682 1393 708 1436 l.
730 1407 762 1435 1.
779 1393 944 1436 salubre
965 1399 1007 1436 et
1027 1393 1298 1436 emundandis
1317 1393 1627 1450 purgandisque
1647 1392 1842 1450 peccatis]

437 1451 536 1493 Jam
557 1450 697 1494 docuit
719 1451 965 1508 Cyprianus,
986 1453 1070 1494 illa
1095 1452 1257 1494 delicta
1284 1467 1394 1507 quae
1406 1453 1595 1507 fuerant
1621 1460 1721 1494 ante
1748 1466 1843 1494 con·
1858 1469 1909 1496 πο

440 1516 586 1551 tracta
618 1507 679 1565 [h.
701 1524 736 1551 e.
757 1515 855 1552 ante
876 1509 1143 1565 baptismum]
1175 1509 1340 1552 Christi
1358 1511 1567 1565 sanquine
1587 1517 1627 1552 et
1650 1510 1839 1564 sanctifi-

438 1567 607 1609 catione
629 1568 835 1622 puryari.
911 1568 970 1609 At
998 1581 1096 1609 vero
1125 1566 1310 1608 Joannes
1340 1566 1563 1623 Apostolus
1597 1566 1640 1608 in
1670 1566 1844 1623 epistola

438 1638 526 1674 sua,
548 1623 600 1667 de
620 1624 808 1666 omnibus
828 1629 871 1667 et
891 1624 1062 1681 singulis
1082 1623 1260 1680 peccatis
1286 1638 1428 1682 agens,
1449 1623 1508 1666 ait
1528 1638 1618 1680 cap.
1634 1623 1675 1673 ii,
1697 1639 1841 1666 comm.

444 1694 459 1723 ι
487 1687 531 1724 et
553 1695 591 1733 2,
613 1683 770 1724 Filioli
788 1683 883 1732 mei,
900 1683 1005 1725 haec
1023 1682 1164 1724 scribo
1185 1683 1316 1732 vobis,
1336 1690 1385 1724 ut
1403 1697 1487 1724 no‘n
1500 1683 1696 1738 peccetis.
1756 1682 1844 1725 Sed

437 1747 478 1782 et
497 1740 539 1782 εἰ
558 1741 655 1795 quis
666 1741 925 1795 peccaverit,
947 1741 1206 1782 advocatum
1229 1740 1431 1782 habemus
1449 1740 1598 1782 Jesum
1623 1739 1842 1782 Christum
1857 1753 1907 1792 25

427 1797 609 1851 justum.
669 1798 730 1839 Ec
749 1798 840 1853 ipse
855 1805 915 1840 est
927 1798 1192 1853 propitiatio
1205 1812 1292 1853 pro
1304 1798 1499 1853 peccatis
1513 1798 1683 1840 nostris.
1744 1797 1844 1840 Ete-

439 1853 523 1896 nim
547 1854 749 1907 Christus,
767 1855 882 1897 Deus
903 1860 946 1897 et
965 1855 1101 1906 homo,
1118 1855 1261 1897 hostia
1280 1862 1340 1897 est
1360 1869 1444 1897 ηοη
1464 1862 1632 1897 tantum
1646 1868 1732 1911 pro
1744 1869 1844 1911 pec-

440 1920 538 1955 cato
558 1913 755 1969 oriyini8‚
777 1914 851 1955 sed
870 1914 1004 1955 etiam
1015 1927 1102 1968 pro
1129 1913 1323 1955 omnibus
1349 1913 1596 1955 actualibus
1625 1913 1845 1955 hominum

432 1971 627 2026 peccatis
638 1986 653 2019 ;
673 1975 800 2036 prout
818 1970 861 2012 in
882 1969 1077 2013 Articulis
1098 1969 1216 2012 Fidei
1235 1984 1334 2012 suae
1354 1969 1539 2012 Ecclesia
1554 1969 1729 2027 Anglica
1748 1984 1844 2027 pro-

438 2027 593 2070 fitetur.
635 2027 737 2070 Fide
758 2027 800 2070 in
817 2027 973 2071 Christi
992 2027 1233 2085 sanguinem
1255 2033 1423 2085 peccata
1439 2027 1575 2070 omnia
1594 2033 1841 2086 purgantur,
1855 2043 1908 2081 30

439 2099 489 2127 ac
509 2085 591 2127 fide
611 2100 740 2151 opera
760 2086 868 2129 bona
886 2085 992 2128 fiunt
1011 2084 1190 2128 efficacia
1210 2085 1264 2128 ad
1278 2084 1627 2142 justificationem.
1689 2085 1843 2128 Confer

439 2143 484 2185 S.
501 2143 647 2186 Jacob1
671 2143 799 2200 Epist.
822 2143 861 2186 ii.
879 2156 947 2197 24,
964 2149 1006 2186 et
1029 2143 1071 2186 S.
1091 2142 1207 2186 Pauli
1228 2143 1283 2186 ad
1304 2143 1442 2185 Titum
1464 2142 1520 2185 iii.
1539 2143 1579 2192 8,
1606 2156 1668 2197 14.
1710 2143 1843 2186 Porro

438 2209 645 2256 operatur
664 2203 759 2244 ideo
781 2202 887 2258 quia
907 2202 1059 2250 credit,
1081 2201 1185 2243 bene
1206 2200 1263 2244 ait
1287 2200 1521 2258 Cyprianus
1541 2206 1638 2243 ante
1662 2200 1842 2243 medium

439 2258 549 2302 hunc
579 2258 773 2309 libellum,
808 2260 847 2314 ξ.
868 2272 894 2313 5
912 2274 922 2308 ;
959 2258 1032 2302 sed
1062 2258 1150 2301 fere
1184 2257 1335 2301 ibidem
1372 2257 1517 2301 statuit
1551 2258 1841 2315 admonetque,

438 2320 451 2340 ‘
474 2315 599 2359 vitam
620 2322 832 2359 aeternam
851 2315 1005 2359 Christi
1021 2331 1167 2359 cruore
1188 2315 1411 2372 pretiosam
1432 2315 1484 2358 de
1505 2314 1751 2372 patrimonio
1768 2330 1841 2358 suo
1854 2328 1906 2369 35

438 2380 450 2397 ‘
472 2388 677 2430 quemque
697 2374 851 2417 debere
877 2373 1080 2416 mercari.'
1141 2374 1196 2416 Et
1217 2379 1292 2423 est,
1314 2373 1460 2422 fateor,
1483 2379 1529 2416 ut
1556 2373 1842 2431 eleemosynae

439 2431 519 2474 vim
549 2438 592 2474 et
623 2431 843 2474 efficaciam
874 2431 915 2474 in
946 2430 1137 2474 tollendis
1167 2430 1344 2488 peccatis
1374 2430 1492 2473 nimis
1522 2430 1672 2473 efferre
1701 2445 1843 2474 recen-

440 2488 612 2532 tioribus
642 2489 807 2555 quidem
838 2488 1042 2547 theologis
1067 2488 1255 2532 videatur
1276 2488 1522 2555 Cypriam&
1547 2488 1771 2545 Origenein
1800 2488 1843 2531 in

440 2546 518 2589 hac
545 2562 591 2590 re
618 2547 800 2604 aliosque
821 2554 982 2590 veteres
1002 2546 1224 2604 scriptores
1250 2546 1446 2589 imitatus.
1508 2546 1593 2589 Sed
1619 2546 1743 2590 etiam
1764 2546 1843 2590 Po-

440 2603 646 2661 lycarpus,
670 2604 710 2647 in
737 2604 910 2663 egregia
938 2619 1014 2647 sua
1042 2619 1065 2647 e
1096 2603 1227 2654 istola,
1251 2605 1289 2659 ξ.
1312 2617 1376 2654 10,
1398 2603 1475 2647 hoc
1505 2603 1676 2653 monuit,
1703 2604 1841 2656 Quum
1854 2619 1906 2656 4ο

433 2663 614 2718 potentia
629 2663 880 2718 benefacere,
894 2662 1023 2707 nolite
1075 2663 1231 2719 iffa-re,
1245 2663 1353 2719 quia
1368 2662 1627 2718 eleemosyim
1642 2663 1694 2705 de
1709 2669 1842 2706 morte

440 2720 609 2769 liberat.
651 2726 799 2763 testem
839 2719 982 2771 citans,
1022 2719 1364 2777 quemadmodum
1408 2718 1656 2785 Cyprianus,
1691 2718 1841 2762 librum

439 2776 564 2820 'l'obit
585 2776 653 2820 xii.
669 2792 709 2831 4.
771 2778 827 2821 Et
849 2777 1039 2822 Christus
1065 2777 1152 2835 ipse
1179 2791 1307 2835 opera
1326 2776 1630 2820 misericordiae
1650 2791 1698 2820 ac
1718 2777 1841 2820 bene-

439 2833 541 2883 ficia,
563 2849 670 2891 quae
691 2835 732 2878 in
753 2850 847 2879 suos
873 2835 1021 2879 collata
1047 2834 1213 2885 suerint,
1235 2841 1407 2878 aeterna
1432 2833 1626 2878 felicitate
1653 2848 1841 2877 remune-

440 2898 627 2935 raturum
654 2907 696 2936 se
725 2908 813 2936 esse
844 2892 1072 2950 pollicetur.
1138 2893 1197 2936 At
1222 2907 1319 2936 vero
1347 2892 1423 2935 hoc
1455 2891 1537 2942 fiet,
1559 2906 1640 2934 non
1670 2898 1840 2949 propter
1854 2907 1903 2944 45
