2034 3204
652 268 734 309 DE
771 267 1259 309 MORTALITATE.
1574 269 1652 312 291

253 375 528 424 humilitatis
583 382 763 423 nostrae
816 375 1150 439 conformatam
1199 375 1384 438 corpori
1434 373 1660 422 claritatis

253 470 362 501 suae
377 455 405 500 ?
454 455 597 500 Tales
621 471 706 501 nos
732 456 918 501 futuros
942 462 990 501 et
1013 454 1237 500 Christus
1263 454 1500 500 Dominus
1525 455 1661 514 polli-

253 539 400 587 cetur,
439 534 631 592 quando
670 540 726 579 ut
768 548 876 579 cum
917 532 1000 578 illo
1039 532 1203 585 simus,
1244 540 1291 577 et
1331 547 1441 578 cum
1483 532 1567 578 illo
1607 532 1655 578 in

253 609 461 656 aeternis
485 610 676 656 sedibus
701 610 930 662 vivamus,
949 617 1093 670 atque
1117 610 1168 655 in
1192 608 1352 669 regnis
1375 609 1657 656 coelestibus

216 688 562 749 5gaudeamus,
616 688 808 734 Patrem
863 703 950 748 pro
1006 687 1143 735 nobis
1194 694 1430 748 precatur,
1481 686 1655 738 dicens.

253 763 411 818 Pater,
437 779 548 827 quos
573 763 689 810 miln?
712 764 898 821 dedisti,
923 762 1021 811 volo
1044 770 1094 810 at
1117 762 1195 810 ubi
1225 761 1464 827 effosuero
1495 768 1537 809 et
1564 762 1769 826 ipsi-10:211.
1788 772 1866 803 xvii.

253 842 347 888 sint
376 857 559 895 mecum,
585 848 626 888 ct
660 841 843 888 videant
877 841 1128 889 claritatem
1165 856 1300 903 quam
1334 839 1451 887 mihi
1486 840 1657 887 dedisti
1672 827 1721 855 '⁴'

246 919 385 980 prius
409 935 544 981 quam
570 919 767 966 mundas
777 920 928 982 fieret.

320 996 460 1044 XVI.
496 997 743 1044 Venturus
779 999 838 1043 ad
875 998 1059 1044 Christi
1093 999 1267 1050 sedem,
1303 998 1365 1043 ad
1401 1012 1654 1059 regnorum
1670 1012 1736 1044 Jus
1737 1009 1864 1042 timum

192 1090 239 1115 10
252 1075 523 1120 coelestmm
564 1075 845 1129 claritatem,
881 1077 1044 1137 lugere
1085 1090 1179 1120 non
1220 1075 1359 1120 debet
1402 1090 1486 1120 nec
1523 1075 1657 1133 plan·
1670 1054 1841 1140 5¹3³on
1823 1062 1877 1082 u‘

251 1167 374 1213 gere,
404 1154 485 1198 sed
522 1153 682 1212 potius
718 1154 978 1199 secundum
1014 1152 1406 1211 pollicitationem
1443 1150 1655 1203 Domini,
1669 1154 1702 1174 ““
1685 1141 1847 1218 εἷ’ζξιᾞ

252 1231 512 1276 secundum
559 1231 697 1276 fidem
746 1230 861 1285 veri,
907 1230 958 1276 in
1004 1229 1294 1290 profectione
1341 1230 1428 1275 hac
1475 1244 1561 1274 sua
1609 1236 1655 1274 et
1669 1230 1829 1303 C¹1ffl⁰t⁰

252 1307 562 1353 translatione
607 1309 827 1368 gaudere.
916 1307 994 1354 Sic
1041 1308 1244 1367 denique
1291 1306 1560 1352 invenimus
1608 1275 1829 1351 oetiiud'iiiin.ur

253 1383 420 1430 Enoch
463 1386 749 1430 translatum
790 1400 905 1437 esse,
941 1385 1023 1445 qui
1066 1384 1169 1430 Deo
1208 1384 1402 1443 placuit,
1439 1384 1560 1430 sicut
1603 1384 1650 1429 in

191 1475 237 1515 15
253 1461 427 1508 Genesi
451 1468 656 1508 testatur
678 1468 724 1507 et
749 1461 964 1522 loquitur
987 1461 1231 1520 Scriptura
1256 1461 1435 1514 divina,
1460 1459 1526 1506 Et
1552 1459 1652 1522 pla·
1665 1478 1751 1508 Gen.
1770 1483 1802 1503 v.
1820 1480 1871 1508 2⁴-

251 1538 346 1586 cuit
369 1537 529 1586 Enoch
554 1538 667 1592 Dea,
691 1544 734 1585 et
768 1554 858 1584 non
888 1544 952 1584 est
984 1539 1192 1584 inventas
1216 1538 1519 1600 postmodam,
1545 1536 1653 1600 quia
1668 1520 1756 1552 H‘b‘
1777 1528 1820 1548 '¹¹‘
1839 1525 1866 1555 ⁵'

251 1614 381 1662 Deus
417 1615 546 1662 illum
586 1615 834 1662 transtulit
911 1615 1017 1662 Hoc
1055 1616 1149 1662 fuit
1190 1616 1422 1675 placuisse
1459 1617 1508 1662 in
1546 1632 1656 1662 con-

250 1701 415 1754 spectu
443 1694 548 1748 Dei,
573 1695 631 1739 de
664 1694 751 1740 hoc
779 1694 1001 1756 contagio
1029 1694 1206 1740 saeculi
1242 1694 1472 1740 meruisse
1501 1701 1650 1740 trans-

250 1771 381 1817 ferri.
452 1771 542 1817 Sed
568 1778 615 1817 et
638 1787 723 1832 per
741 1772 1041 1818 Salomonem
1066 1773 1201 1818 docet
1221 1771 1430 1832 Spiritus
1452 1772 1654 1818 Sanctus

189 1866 238 1892 20
251 1863 329 1893 eos
353 1847 438 1908 qui
462 1848 566 1894 Deo
589 1850 805 1908 placeant
834 1848 1070 1894 maturius
1105 1849 1247 1895 istinc
1271 1848 1417 1894 eximi
1442 1857 1488 1894 et
1512 1848 1654 1894 citius

251 1924 460 1979 liberari,
485 1941 544 1971 ne
567 1927 682 1972 dum
707 1925 759 1972 in
782 1926 876 1972 isto
899 1928 1079 1972 mundo
1109 1926 1291 1972 diutius
1323 1928 1654 1980 immorantur,

252 2002 419 2048 mundi
453 2003 749 2050 contactibus
784 2005 1074 2064 polluantur.
1144 2003 1329 2066 Raptus
1363 2009 1440 2058 est,
1483 2004 1654 2065 inquit,
1667 2017 1744 2058 Sap.
1764 2017 1807 2048 iv.
1824 2026 1870 2048 ιι.

251 2094 307 2124 ne
358 2078 537 2126 malitia
583 2085 780 2127 mutaret
826 2079 1098 2127 intellectum
1147 2079 1288 2135 illim,
1316 2080 1494 2144 placita
1533 2082 1654 2128 enim

251 2161 350 2202 erat
383 2155 486 2202 Deo
521 2157 679 2203 anima
714 2157 811 2219 ejus
836 2175 850 2202 .·
892 2164 1085 2220 propoer
1117 2156 1202 2204 Ιιοσ
1244 2159 1516 2221 properavit
1548 2158 1656 2205 eda-

189 2251 238 2291 ²5
251 2248 351 2279 cere
373 2248 474 2279 eum
498 2232 553 2280 de
584 2234 735 2281 media
763 2235 1019 2298 iniquitate.
1091 2236 1168 2282 Sic
1200 2243 1249 2283 et
1280 2237 1330 2282 in
1358 2237 1564 2283 Psalmis
1595 2239 1655 2284 ad

251 2310 514 2357 Dominum
538 2319 761 2371 properat
787 2312 994 2372 spiritali
1018 2312 1110 2359 fide
1133 2314 1236 2359 Deo
1264 2329 1351 2360 suo
1380 2314 1543 2360 anima
1573 2316 1654 2360 de-

250 2393 362 2434 vota
403 2388 579 2442 dicens,
623 2388 771 2448 Quam
819 2388 1140 2436 dilectissimae
1185 2389 1488 2438 habitationes
1535 2397 1652 2446 tuae,
1666 2404 1719 2435 Ps.
1740 2404 1864 2436 lxxxiv.

249 2464 380 2512 Deus
402 2466 620 2512 virtutum
639 2470 656 2514 !
710 2466 960 2514 Desiderat
982 2474 1024 2514 et
1040 2474 1264 2531 properat
1286 2470 1444 2515 anima
1468 2485 1568 2515 mea
1591 2469 1655 2515 ad
1671 2458 1695 2479 ¹'

249 2543 373 2589 atria
395 2541 504 2588 Dei.
574 2543 699 2605 Ejus
731 2551 803 2590 est
837 2545 888 2591 in
923 2547 1103 2592 mundo
1136 2546 1220 2592 diu
1256 2548 1375 2592 velle
1411 2562 1654 2594 remanere

184 2642 236 2677 30
248 2635 390 2680 quem
431 2622 636 2666 mundus
678 2622 895 2676 oblectat,
935 2638 1078 2682 quem
1121 2625 1361 2669 saeculum
1406 2624 1654 2671 blandiens

249 2705 393 2757 atque
416 2697 658 2757 decipiens
682 2699 915 2745 illecebris
938 2706 1153 2746 terrenae
1176 2700 1438 2760 voluptatis
1462 2701 1650 2747 invitat.

313 2774 484 2821 XVII.
523 2773 674 2821 Porro
705 2791 853 2836 quum
889 2778 1096 2823 mundus
1129 2777 1282 2823 oderit
1305 2777 1650 2832 Christianum,
1639 2788 1872 2864 ‚Quogssiam

248 2852 362 2911 quid
400 2867 532 2898 amas
565 2868 672 2898 eum
708 2853 789 2912 qui
826 2860 872 2898 te
907 2853 1022 2907 odit,
1047 2861 1094 2900 et
1122 2870 1215 2900 non
1254 2854 1406 2916 magis
1442 2857 1706 2915 sequerishs,
1708 2876 1774 2907 ,2511
1791 2886 1837 2906 m-

1002 2949 1028 2976 n
1053 2948 1072 2976 2
