1988 3216
529 273 764 317 CONTRA
797 274 1103 316 HAERESIM
1135 274 1332 316 NOETI.

1580 275 1635 318 75

232 379 496 451 φυλάσσει,
516 385 662 454 καιρῷ
687 382 937 453 ὡρισμένῳ
959 382 1070 450 παρ’
1093 383 1220 452 αὐτῷ
1241 381 1437 447 μέλλων
1455 384 1636 435 ἀποκα-

232 465 442 520 λύπτειν.
501 467 639 535 Λέγει
664 466 714 520 δὲ
739 469 905 532 οὕτως,
937 474 951 498 ‘
967 467 1057 520 Ἐκ
1086 464 1301 535 γαστρὸς
1323 467 1419 534 πρὸ
1445 466 1636 537 ἑωσφό-

233 559 245 581 ‘
260 574 348 619 pov
371 550 657 620 ἐξεγέννησά
678 558 767 607 σε.’

305 634 384 703 ιζ’.
422 636 677 707 Αὐτάρκεις
701 638 837 691 αὗται
862 641 910 690 αὶ
934 638 1184 707 μαρτυρίαι
1207 642 1398 693 πιστοῖς
1415 636 1640 703 ἀλήθειαν

195 742 218 781 5
231 723 486 775 ἀσκοῦσιν*
530 727 572 776 οἱ
610 722 660 775 δὲ
702 724 899 778 ἄπιστοι
942 724 1092 776 οὐδενὶ
1134 721 1462 775 πιστεύουσιν.

1544 725 1640 776 Καὶ

230 806 327 876 γὰρ
356 806 412 861 τὸ
453 813 650 875 Πνεῦμα
689 808 745 862 τὸ
783 807 922 876 ἅγιον
959 808 1223 882 [Addendum
1254 824 1313 858 est
1346 826 1433 870 post
1461 819 1638 859 'lun-iani

231 905 388 956 interpr.
410 894 487 947 ἵνα
521 893 772 968 φοβήσῃ,]
807 896 858 947 ἐκ
895 894 1163 962 προσώπου
1191 898 1290 948 τῶν
1314 894 1640 947 Ἀποστόλων

231 979 583 1050 διεμαρτύρατο,
623 979 796 1047 λέγων·
847 981 924 1032 καὶ
966 989 978 1012 ‘
997 980 1068 1036 τίς
1109 980 1390 1033 ἐπίστευσεν
1426 981 1486 1049 τῇ
1521 983 1639 1050 ἀκοῇ

232 1074 245 1098 ‘
263 1067 396 1132 ἡμῶν
413 1071 445 1129 ;’
484 1064 611 1119 ὥστε
635 1064 702 1131 μὴ
728 1064 972 1132 γενώμεθα
996 1065 1205 1129 ἄπιστοι,
1229 1064 1411 1131 μήποτε
1435 1064 1510 1136 ἐφ’
1530 1066 1642 1132 ἡμῖν

171 1172 218 1198 10
230 1153 437 1220 τελεσθῇ
475 1148 531 1203 τὸ
571 1150 826 1219 εἰρημένον.
893 1154 942 1203 Π
945 1149 1241 1215 ιστεύσωμεν
1279 1151 1380 1214 οὖν,
1421 1150 1642 1220 μακάριοι

231 1237 448 1308 ἀδελφοὶ,
482 1234 604 1288 κατὰ
641 1233 728 1301 τὴν
764 1234 1037 1304 παράδοσιν
1067 1239 1164 1288 τῶν
1187 1235 1530 1300 Ἀποστόλων,
1569 1237 1640 1290 ὅτι

232 1320 356 1379 Θεὸς
397 1321 558 1388 Λόγος
602 1321 682 1374 ἀπ’
725 1322 939 1389 οὐρανῶν
983 1323 1218 1385 κατῆλθεν
1261 1324 1325 1376 εἰς
1368 1319 1456 1386 τὴν
1499 1322 1642 1388 ἁγίαν

230 1406 468 1475 παρθένον
502 1407 712 1474 Μαρίαν,
753 1405 831 1458 ἵνα
871 1407 1133 1474 σαρκωθεὶς
1171 1403 1229 1473 ἐξ
1265 1406 1427 1471 αὐτῆς,
1470 1405 1641 1468 λαβὼν

232 1490 281 1544 δὲ
325 1494 402 1546 καὶ
445 1489 612 1563 ’ψυχὴν
651 1489 740 1556 τὴν
782 1491 1099 1560 ἀνθρωπίνην,
1146 1488 1349 1557 λογικὴν
1397 1490 1447 1543 δὲ
1491 1490 1637 1558 λε’γω,

171 1598 218 1636 15
231 1576 442 1644 γεγονὼς
482 1575 640 1630 πάντα
684 1575 781 1629 ὅσα
823 1577 957 1629 ἐστὶν
999 1575 1264 1644 ἄνθρακι-ος,
1309 1575 1441 1633 ἐκτὸς
1484 1578 1638 1645 ἁμαρ-

230 1662 346 1727 τίας,
380 1660 526 1731 σώσῃ
563 1661 649 1714 τὸν
684 1661 985 1723 πεπτωκότα,
1023 1663 1099 1714 καὶ
1135 1661 1415 1732 ἀφθαρσίαν
1449 1661 1635 1729 ἀνθρώ-

231 1770 339 1804 ποις
379 1745 612 1816 παράσχῃ
655 1750 754 1803 τοΐς
800 1746 1111 1800 πιστεύουσιν
1150 1749 1214 1802 εἷς
1256 1744 1312 1799 τὸ
1357 1746 1509 1812 ὄνομα
1551 1749 1637 1800 αὐ-

231 1839 328 1887 τοῦ.
389 1833 479 1886 Ἐν
512 1837 664 1886 πᾶσιν
697 1833 781 1885 οὖν
809 1832 1130 1886 ἀποδέδεικται
1163 1832 1274 1897 ἡμῖν
1303 1835 1388 1898 τῆς
1418 1834 1641 1898 ἀληθείας

230 1915 393 1985 λόγος,
432 1916 504 1970 ὅτι
541 1915 604 1973 εἷς
642 1918 774 1971 ἐστιν
812 1919 838 1970 ὁ
879 1914 1068 1985 Πατὴρ,
1108 1916 1163 1968 οὗ
1190 1915 1308 1988 [fors.
1333 1914 1404 1989 ᾧ]
1434 1916 1638 1987 πάρεστι

231 2074 315 2108 tum
334 2082 377 2106 ac
397 2068 651 2119 praefinitum,
672 2082 791 2119 quum
810 2069 904 2106 illud

231 2123 467 2162 revelaturus
486 2128 553 2162 est.
595 2123 685 2162 asic
703 2123 806 2161 enim
825 2123 879 2162 ait
897 2137 904 2160 ε

233 2178 299 2215 Em
317 2183 423 2215 utero
441 2183 529 2215 ante
543 2177 773 2226 Lumfirum
789 2177 906 2227 qenai

233 2238 274 2270 te.

287 2285 419 2323 XVII.
453 2285 654 2324 Sufficiunt
682 2286 773 2324 haec
801 2286 907 2324 testi-

232 2340 360 2378 monia
387 2339 563 2378 fidelibus
586 2340 759 2379 veritatis
787 2340 907 2379 studi-

232 2393 318 2442 osis,
352 2393 523 2432 infideles
557 2394 659 2432 enim
697 2394 791 2432 nulli
829 2408 908 2432 cre-

232 2448 339 2487 dunt.
391 2448 547 2487 Etenim
563 2448 730 2499 Spiritus
746 2449 908 2488 Sanetus

231 2507 276 2541 ut
290 2507 462 2549 terreret,
476 2502 515 2540 in
528 2516 690 2554 persona
702 2502 908 2554 Apostolo-

231 2570 318 2594 rum
331 2561 495 2596 testatus
509 2562 586 2596 est:
607 2555 809 2604 menine,
821 2558 909 2607 quis

231 2611 394 2650 credidit
408 2611 567 2649 auditui
581 2614 736 2650 nostro?
766 2611 908 2660 Quam-

233 2666 365 2702 obrem
401 2678 448 2703 ne
485 2665 604 2703 simus
640 2666 822 2712 infideles,
861 2679 908 2704 ne

232 2719 384 2770 quando
415 2719 454 2757 in
485 2719 604 2766 nobis,
631 2720 734 2770 quod
762 2719 907 2758 dictum

232 2779 301 2820 est,
327 2773 541 2824 impleatur.
601 2773 810 2812 Credamus
838 2774 908 2824 igi-

234 2832 308 2874 tur,
340 2828 486 2873 fratres,
518 2828 725 2866 secuudum
759 2828 908 2866 traditi-

368 2936 381 2950 “
398 2930 484 2961 Psal.
501 2942 550 2961 cx.
570 2941 596 2969 3.

961 2082 1074 2107 onem
1101 2069 1389 2119 Apostolorum,
1410 2069 1512 2119 quod
1534 2069 1640 2108 Deus

962 2123 1134 2161 Verbum
1166 2137 1187 2162 e
1220 2123 1334 2161 coelis
1366 2123 1562 2162 descendit
1598 2124 1639 2162 in

961 2182 1131 2216 sanctam
1158 2177 1359 2228 Virginem
1390 2177 1564 2225 Mariam,
1594 2184 1640 2216 ut

961 2245 1009 2270 ex
1029 2246 1073 2270 ea
1091 2232 1320 2279 incarnatus,
1340 2237 1494 2282 sumpta
1513 2232 1642 2270 anima

962 2286 1138 2333 humana,
1168 2286 1328 2325 rationis
1364 2286 1520 2337 inquam
1554 2300 1641 2337 par-

962 2340 1089 2391 ticipe,
1127 2341 1249 2380 faetus
1286 2340 1415 2379 onmia
1451 2354 1640 2391 quaeeun-

963 2408 1036 2445 que
1067 2395 1183 2433 homo
1217 2400 1285 2442 est,
1315 2400 1476 2446 excepto
1510 2408 1641 2446 pecca-

963 2455 1015 2496 to,
1044 2449 1208 2488 salvaret:
1241 2449 1368 2487 Adam
1397 2449 1463 2500 qui
1497 2449 1640 2488 cecide-

964 2508 1034 2550 rat,
1054 2509 1093 2542 et
1118 2504 1448 2542 immortalitatem
1476 2503 1640 2542 homini-

963 2558 1035 2596 bus
1053 2558 1260 2608 largiretur
1278 2557 1335 2605 iis,
1356 2558 1421 2608 qui
1442 2558 1640 2597 crederent

963 2612 1003 2649 in
1036 2612 1191 2650 nomine
1223 2613 1314 2663 ejus.
1381 2612 1429 2649 In
1462 2612 1641 2650 omnibus

964 2666 1084 2716 igitur
1108 2667 1412 2705 demonstratum
1443 2672 1500 2704 est
1529 2666 1639 2704 nobis

963 2721 1123 2759 verbum
1162 2720 1346 2767 veritatis,
1389 2721 1491 2771 quod
1539 2734 1639 2759 unus

965 2780 1022 2812 est
1047 2774 1170 2821 Pater,
1195 2776 1302 2825 cujus
1327 2774 1435 2813 adest
1454 2775 1637 2822 Verbum,

964 2842 1032 2878 per
1069 2829 1171 2879 quod
1220 2828 1347 2866 omnia
1393 2829 1493 2873 fecit,
1536 2830 1639 2880 quod

779 2930 792 2951 Β
810 2932 895 2962 Esai.
912 2931 969 2962 liii.
993 2941 1015 2962 ι.
1042 2931 1120 2963 .1()1ι.
1136 2932 1190 2962 xii.
1210 2933 1258 2971 38.
1291 2931 1386 2962 Rom.
1408 2942 1437 2962 x.
1456 2931 1503 2962 16.
