2034 3204
357 222 423 264 IN
465 220 914 264 TERTULLIANI
956 219 1040 261 DE
1083 219 1437 262 ORATIONE.
1555 220 1640 264 175

239 328 338 371 satis
365 329 498 386 plene,
519 328 718 370 adnotata
744 332 820 368 est.
883 326 1008 368 Certe
1038 324 1195 367 utiliter
1215 324 1378 381 adjecta
1407 331 1497 375 est;
1529 325 1642 367 haud

239 401 336 428 raro
367 385 475 428 enim
494 385 554 435 fit,
576 391 623 427 ut
649 384 762 440 apud
782 383 1084 426 Tertullianum
1107 382 1264 425 editum
1285 397 1384 424 vera
1404 382 1492 439 ejus
1513 383 1642 424 verba

238 444 374 486 adhuc
425 442 633 485 uaerenda
652 441 746 484 sint.
809 441 973 498 Quippe
993 455 1120 497 quum
1141 439 1362 496 Rigaltius,
1380 440 1441 497 cuj
1449 455 1494 482 us
1514 440 1640 482 editio

239 515 384 543 norma
394 458 482 542 (init
501 505 544 542 et
563 500 711 556 regula
739 498 1031 556 plerarumque
1054 503 1148 555 post
1177 497 1468 554 prodeuntium
1498 497 1643 540 editio-

203 564 352 608 5num,
384 557 570 614 quamvis
599 572 723 600 verus
758 555 1002 599 Tertulliani
1038 555 1259 612 sospitator
1293 555 1327 597 is
1361 561 1475 597 recte
1514 555 1643 612 possit

239 615 332 665 dici,
364 629 659 682 saepenumero
695 614 782 656 sine
814 614 970 656 sontica
1009 628 1133 656 causa
1170 612 1385 670 pristinam
1426 613 1641 655 lectionem

239 673 474 716 eliminavit.
557 674 824 729 Quapropter
864 671 1084 729 diligenter
1129 670 1363 713 excutiendi
1406 676 1503 713 sunt
1549 670 1644 712 libri

240 730 353 782 editi,
377 737 422 774 ut
442 745 544 774 vera
571 730 706 782 lectio,
727 729 865 787 quoad
894 729 981 786 ejus
1001 728 1090 771 fieri
1111 728 1251 786 possit,
1273 729 1437 771 demum
1458 734 1643 771 eruatur.

245 788 367 840 Quod
396 788 589 831 nimirum
619 803 697 845 ego
728 788 888 830 efficere
922 792 1092 829 conatus
1126 801 1228 835 sum,
1261 786 1359 828 dum
1390 786 1493 829 duos
1525 786 1645 828 hosce

182 845 400 890 1olibellos
429 861 527 888 sane
558 845 748 911 egregios
778 845 867 887 edo.
931 846 1055 888 Certe
1090 843 1132 886 id
1167 849 1405 886 ostensurus
1439 859 1543 896 sum,
1575 859 1646 886 ex-

242 903 381 961 pulsas
410 903 535 946 fuisse
564 918 590 945 a
620 903 817 961 Rigaltio,
839 902 911 945 sed
941 908 984 945 et
1013 908 1110 944 ante
1140 916 1247 951 eum,
1278 916 1303 944 a
1333 902 1528 951 Pamelio,
1555 902 1646 959 plu-

243 961 369 1003 rimas
400 961 670 1004 vetustiorum
709 960 933 1003 editionum
974 959 1181 1008 lectiones,
1216 966 1290 1002 aut
1323 975 1456 1009 veras,
1491 967 1565 1002 aut
1603 960 1645 1002 iu

273 1019 391 1061 uibus
411 1019 555 1061 saltem
578 1024 792 1061 exstarent
811 1033 935 1060 verae
956 1017 1140 1060 lectionis
1161 1017 1349 1074 vestigia,
1369 1024 1416 1060 ut
1436 1032 1567 1060 novae
1596 1032 1645 1060 ac

243 1033 372 1119 llalsae
402 1077 691 1119 subderentur.
751 1077 950 1118 Attamen
980 1075 1037 1117 nil
1066 1075 1338 1117 dubitandum
1370 1082 1445 1126 est,
1473 1075 1572 1131 quin
1604 1075 1645 1116 in

185 1133 342 1200 15ipsis
365 1134 582 1177 Codicibus
610 1133 897 1191 manuscriptis
925 1148 950 1175 a
971 1132 1152 1175 Pamelio
1180 1139 1223 1175 et
1244 1132 1427 1232 Rigaltio
1457 1133 1647 1176 adductis

246 1191 403 1234 librarii
443 1192 593 1234 multas
633 1191 827 1234 lectiones
863 1191 928 1233 vel
968 1205 1134 1232 mancas
1168 1191 1233 1232 vel
1273 1205 1296 1232 o
1327 1190 1530 1233 scuriores
1569 1191 1646 1233 sibi

247 1249 353 1292 visas
374 1250 598 1307 corrigere,
620 1249 743 1291 immo
771 1263 1049 1305 corrumpere,
1070 1248 1158 1290 ausi
1189 1254 1338 1291 essent.
1401 1249 1647 1305 Ubicunque

245 1322 345 1350 vero
391 1307 565 1365 Rigaltii
608 1306 728 1349 lectio
771 1321 798 1349 a
840 1321 905 1348 me
945 1306 1010 1348 vel
1059 1305 1278 1362 repudiata
1318 1306 1381 1347 vel
1431 1306 1648 1349 immutata

246 1365 384 1415 fuerit,
406 1364 449 1407 id
478 1379 685 1430 nunquam
719 1379 800 1406 non
827 1364 915 1406 loco
940 1378 1012 1405 suo
1040 1363 1370 1414 commemoravi,
1390 1364 1445 1405 ibi
1467 1364 1646 1420 quidem,

183 1441 234 1466 20
247 1423 319 1466 sed
358 1437 455 1465 raro
499 1422 609 1471 alibi,
650 1421 835 1464 lectionis
875 1420 1117 1464 varietatem
1162 1420 1385 1478 diligenter
1424 1422 1646 1464 excutiens.

248 1482 395 1537 Itaque
415 1485 555 1522 textus
582 1494 696 1522 meus
718 1478 890 1537 Rigaltii
918 1485 992 1530 est,
1015 1478 1105 1528 nisi,
1126 1479 1238 1535 quod
1258 1478 1499 1536 frequenter
1518 1479 1580 1529 fit,
1603 1485 1649 1522 ut

246 1538 312 1581 vel
343 1537 462 1581 lectio
492 1537 666 1595 pristina
695 1543 887 1579 revocata
916 1551 943 1579 a
972 1551 1037 1578 me
1056 1536 1195 1585 fuerit,
1217 1542 1290 1579 aut
1310 1552 1429 1579 voces
1459 1536 1650 1579 editionis

247 1595 442 1654 principis
468 1595 511 1637 in
534 1610 730 1652 praesens
754 1595 838 1637 sint
863 1594 1123 1643 substitutae,
1145 1608 1226 1651 quo
1251 1596 1403 1637 certius
1429 1601 1472 1637 et
1492 1595 1650 1637 facilius

246 1668 347 1697 vera
396 1652 640 1696 Tertulliani
689 1652 907 1710 scriptura,
957 1652 1114 1694 collatis
1164 1652 1339 1709 posteris
1390 1652 1649 1704 editionibus,

185 1723 234 1763 25
249 1717 433 1754 eruatur.
495 1710 665 1754 Utinam
695 1710 796 1752 mihi
826 1710 950 1753 etiam
981 1710 1122 1767 plures
1151 1710 1330 1752 auctoris
1360 1710 1482 1767 hujus
1506 1711 1651 1753 editio-

250 1784 322 1812 nes
354 1774 520 1826 praesto
552 1775 701 1818 essent,
731 1769 909 1810 maxime
941 1768 1212 1824 Gangneiana
1246 1768 1316 1810 illa
1347 1768 1513 1811 Parisiis
1541 1784 1650 1811 anno

255 1838 362 1883 1545
399 1826 511 1884 typis
550 1825 777 1883 impressa3
818 1831 864 1868 ut
896 1825 998 1867 nihil
1037 1826 1090 1867 de
1130 1825 1245 1867 libris
1283 1826 1446 1883 scriptis
1484 1826 1649 1878 addam,

250 1884 398 1941 quibus
423 1898 542 1926 nemo
569 1889 662 1940 post
683 1882 911 1941 Rigaltium
938 1883 978 1924 in
1009 1883 1212 1925 alterutro
1243 1883 1390 1925 horum
1420 1884 1650 1926 libellorum

251 1942 412 1984 edendo
432 1956 529 1983 usus
550 1947 626 1991 est,
649 1948 691 1983 et
711 1955 886 1997 quorum
912 1940 1024 1989 nulli,
1045 1941 1156 1997 quod
1177 1940 1314 1991 sciam,
1335 1947 1503 1998 praeter
1525 1957 1651 1984 unum

188 2021 239 2059 30
254 1999 481 2056 Apologiae
511 1999 816 2041 Tertullianeae
851 2013 977 2055 penes
1008 2013 1073 2040 me
1103 1998 1297 2047 codicem,
1317 1998 1361 2040 in
1390 2006 1533 2042 nostra
1559 2000 1652 2042 Bri-

252 2058 395 2100 tannia
425 2063 658 2113 supersunt.
718 2058 858 2113 Atque
889 2056 949 2098 ita
981 2071 1069 2098 rem
1103 2057 1168 2098 vel
1200 2056 1297 2098 olim
1331 2057 1522 2099 habuisse
1558 2072 1653 2099 con-

252 2120 360 2164 stat;
383 2129 477 2156 nam
493 2114 590 2156 anni
606 2114 738 2171 magis
754 2114 919 2156 ducenti
940 2120 1049 2164 sunt,
1064 2128 1190 2170 quum
1203 2114 1332 2156 simile
1347 2114 1447 2170 quid
1467 2116 1654 2158 narravit

253 2173 436 2215 Joannes
468 2171 677 2228 Lloydius,
708 2171 816 2214 Novi
846 2171 1006 2229 collegii
1040 2172 1183 2222 socius,
1216 2171 1278 2214 vir
1309 2172 1577 2223 doctissimus,
1610 2173 1654 2215 in

254 2229 426 2286 epistola
445 2229 498 2271 ad
516 2229 777 2272 Franciscum
793 2230 821 2272 J
825 2229 978 2271 unium.
1039 2235 1050 2253 ⁶
1067 2229 1338 2279 Tertulliani,'
1358 2229 1504 2287 inquit,
1527 2238 1537 2255 ‘
1552 2230 1654 2273 nihil

187 2293 240 2334 35
256 2293 267 2311 ‘
289 2287 506 2344 quicquam
538 2293 612 2335 est,
635 2293 708 2330 aut
738 2302 864 2344 penes
893 2301 972 2336 me,
993 2293 1066 2329 aut
1090 2287 1130 2329 in
1159 2288 1236 2329 hac
1267 2294 1408 2330 nostra
1428 2289 1654 2340 academia,

256 2353 265 2369 ‘
287 2351 360 2388 aut
380 2345 481 2387 alias
506 2359 678 2400 usquam
699 2359 725 2387 a
744 2360 810 2387 me
831 2345 987 2387 visum.'
1049 2345 1258 2402 Epistolae
1281 2346 1653 2388 Celeberrimorum

255 2403 450 2445 Virorum
472 2417 523 2445 ex
545 2402 702 2445 scriniis
722 2403 782 2445 lit.
796 2403 894 2445 Jani
919 2403 1096 2453 Brantii,
1116 2404 1249 2445 Amst.
1267 2417 1314 2456 17
1330 2417 1342 2444 ῐ
1349 2417 1375 2458 5
1395 2406 1486 2446 8vo.
1520 2404 1653 2461 Epist.

255 2460 310 2502 xi.
341 2475 381 2516 p.
402 2473 473 2516 52.
534 2460 731 2502 Attamen
762 2460 914 2503 Oxonii
943 2461 1151 2517 quondam
1183 2461 1387 2517 exstitisse
1414 2462 1455 2503 in
1483 2463 1655 2519 collegio

256 2517 616 2560 BalliolensiCod.
635 2519 728 2561 MS.
743 2518 889 2561 saltem
911 2518 1139 2576 Apologiae
1160 2519 1418 2569 Tertulliani,
1432 2535 1484 2562 ex
1508 2520 1657 2562 Heral-

191 2585 244 2620 40
257 2575 380 2617 diana
394 2574 487 2617 libri
504 2575 686 2631 ejusdem
702 2576 881 2618 editione
897 2582 1068 2618 constat.
1111 2576 1258 2633 Nuper
1272 2591 1396 2633 porro
1410 2577 1473 2619 vir
1489 2578 1656 2634 quidam

257 2633 402 2675 doctus
421 2647 486 2674 me
506 2632 604 2674 fecit
631 2633 862 2683 certiorem,
883 2648 991 2675 nunc
1012 2634 1168 2675 servari
1195 2634 1307 2691 apud
1327 2635 1542 2677 Musaeum
1565 2636 1658 2677 Bri-

256 2690 465 2733 tannicum
486 2689 611 2732 alium
631 2698 850 2747 praeterea
869 2690 991 2747 hujus
1011 2691 1242 2749 Apologiae
1260 2692 1452 2734 Codicem
1474 2693 1656 2736 MStum.

258 2749 378 2791 Nunc
411 2762 509 2790 vero
548 2754 642 2804 post
681 2748 793 2791 edita
831 2748 966 2805 prima
997 2749 1084 2791 vice
1115 2749 1219 2791 baec
1253 2764 1278 2791 a
1311 2765 1378 2792 me
1413 2751 1658 2793 Tertulliani

260 2805 483 2863 Opuscula,
497 2805 717 2848 editionem
735 2806 1047 2863 Gangneianam
1068 2806 1192 2864 longe
1212 2807 1462 2851 rarissimam
1483 2809 1660 2866 adeptus

194 2870 244 2907 45
258 2879 347 2906 sum
364 2880 375 2910 ;
409 2863 441 2904 si
463 2863 583 2904 modo
604 2878 694 2906 eam
715 2863 980 2906 adornaverit
1000 2864 1068 2906 ille
1090 2865 1342 2922 Gangneius,
1359 2866 1474 2923 cujus
1494 2867 1659 2923 quidem
