1988 3216
539 282 776 326 CONTRA
806 279 1113 324 HAERESIM
1145 279 1185 321 N
1189 279 1340 321 OETI.

1587 278 1637 322 71

237 398 250 422 ‘
267 390 452 456 ματος,’
481 388 701 442 δεικνύων
727 387 799 441 ὅτι
820 392 917 444 πᾶς
941 386 992 444 ὃς
1021 385 1083 439 ἂν
1103 385 1154 438 ἔν
1177 409 1224 438 τι
1248 383 1431 438 τούτων
1455 384 1642 451 ἐκλίπῃ,

235 475 423 531 τελείως
440 473 566 527 Θεὸν
582 474 667 526 οὐκ
681 471 927 542 ἐδόξασεν·
978 470 1055 523 διὰ
1080 469 1177 539 γὰρ
1191 473 1276 536 τῆς
1295 467 1502 538 Τριάδος
1525 467 1639 521 ταύ-

235 584 320 626 της·
354 557 526 628 Πατὴρ
564 556 824 628 δοξάζεται.

234 645 472 710 ἐποίησεν,
521 645 721 708 Πνεῦμα
767 641 1081 714 ἐφανέρωσεν.

907 555 1080 625 Πατὴρ
1117 555 1214 624 γὰρ
1244 555 1498 621 ἠθέλησεν,
1525 552 1644 610 Υἱὸς

1169 644 1339 693 Πᾶσαι
1386 640 1546 693 τοίνυν
1594 642 1642 690 αἱ

200 731 421 799 5γραφαὶ
445 730 550 797 περὶ
575 727 745 781 τούτου
769 726 1091 796 κηρύσσουσι.

420 813 566 866 ”Αλλ
599 813 693 882 ἐρεῖ
714 813 809 882 μοί
841 830 924 869 τις·
982 810 1136 869 Ξένον
1158 834 1240 876 μοι
1272 810 1447 880 φέρεις,
1479 808 1644 877 Λόγον

237 898 393 966 λέγων
429 897 564 951 Υὶόν.

644 896 867 963 Ἰωάννης
904 896 992 963 μὲν
1029 894 1125 964 γὰρ
1161 895 1288 963 λέγει
1320 893 1500 962 Λόγον,
1527 894 1642 946 ἀλλ

235 984 402 1040 ἄλλως
428 985 709 1052 ἀλληγορεῖ.
755 984 926 1039 Οὕτως
950 980 1062 1050 γὰρ.
1090 981 1210 1055 [fors.
1231 980 1346 1033 ἀλλ
1362 982 1642 1049 ἀλληγορεῖ.

237 1070 346 1122 Οὐκ
370 1070 648 1138 ἀλληγορεῖ.
703 1068 863 1124 Οὗτος
887 1066 984 1136 γὰρ
1002 1077 1090 1116 Vid.
1113 1065 1289 1140 notam]
1315 1066 1535 1119 δεικνύων
1558 1064 1644 1119 τὸν

176 1186 224 1211 10
239 1153 403 1220 Λόγον
427 1157 512 1207 τοῦ
541 1154 667 1206 Θεοῦ
698 1155 870 1206 τοῦτον
895 1152 1011 1205 ὄντα
1044 1152 1124 1205 ἀπ’
1151 1154 1302 1222 ἀρχῆς
1331 1154 1408 1203 καὶ
1439 1156 1524 1203 νῦν
1547 1152 1640 1203 ἀπ-

236 1237 547 1304 εσταλμένον,
573 1236 771 1302 ὑποβὰς,
796 1239 846 1290 ἐν
868 1239 928 1308 τῇ
953 1236 1308 1308 Ἀποκαλύψει,
1336 1237 1447 1307 ἔφη·

1508 1243 1521 1267 ‘
1548 1237 1644 1288 Καὶ

239 1331 252 1354 ⁴
267 1323 368 1375 ἴδον
392 1323 477 1376 τὸν
503 1323 704 1391 οὐρανὸν
723 1322 1037 1393 ἠνεῳγμένον,
1055 1325 1132 1375 καὶ
1159 1320 1259 1375 ἰδοὺ
1284 1322 1429 1378 ἵππος
1455 1319 1640 1376 λευκός·

240 1420 252 1437 ς
332 1410 346 1425 Κ
384 1411 394 1426 1
530 1407 544 1426 Ι
732 1408 742 1424 2
777 1406 789 1423 9
860 1408 872 1424 D
938 1413 959 1423 Α
1115 1407 1129 1423 ἱ
1248 1409 1263 1426 x
1310 1408 1322 1423 2
1472 1406 1486 1421 x
1629 1407 1643 1423 x

272 1431 349 1461 και
375 1432 400 1461 ο
425 1411 685 1474 καθημενος
718 1430 778 1460 επ
815 1430 960 1461 αυτου
989 1431 1163 1464 πιστος
1187 1430 1265 1460 και
1294 1410 1539 1472 αληθινος,
1567 1429 1646 1458 και

241 1500 255 1524 ‘
278 1494 329 1546 ἐν
352 1491 627 1562 δικαιοσύνῃ
655 1493 798 1561 κρίνει
823 1495 900 1545 καὶ
929 1498 1142 1559 πολεμεῖ.

1223 1495 1290 1546 oz
1324 1491 1374 1544 δὲ
1399 1493 1646 1562 ὀφθαλμοὶ

178 1602 222 1640 15
238 1586 251 1609 ‘
276 1580 421 1632 αὐτοῦ
446 1577 588 1651 φλὸξ
607 1577 774 1647 πυρὸς,
797 1577 1063 1645 διαδήματα
1087 1577 1258 1631 πολλὰ
1280 1579 1356 1631 ἐπὶ
1381 1576 1469 1643 τὴν
1494 1581 1642 1648 κεφα-

239 1674 251 1694 ‘
280 1662 375 1729 λὴν
399 1665 561 1717 αὑτοῦ·
608 1664 732 1734 ἔχων
757 1663 908 1728 ὄνομα
939 1663 1269 1732 γεγραμμένον
1295 1662 1321 1717 ὃ
1347 1664 1495 1719 οὐδεὶς
1524 1659 1646 1715 οἶδεν

239 1757 254 1780 ‘
272 1752 310 1801 εὶ
324 1746 390 1815 μὴ
398 1747 556 1811 αὐτὸς,
565 1751 643 1801 καὶ
656 1748 1062 1817 περιβεβλημένος
1078 1747 1264 1815 ἱμάτιον
1276 1747 1646 1818 ε’ῤῥαντισμένον

239 1842 252 1866 ‘
269 1833 446 1899 αἵματι·

239 1930 251 1952 ‘
272 1920 431 1974 Θεοῦ.’

234 2054 378 2094 Sancti.
437 2053 580 2092 Docuit
607 2053 680 2100 hic,
701 2053 804 2104 quod
828 2053 911 2104 qui-

235 2121 398 2171 cumque
416 2121 537 2146 unum
551 2107 644 2158 quid
663 2108 801 2145 horum
816 2108 911 2146 omi-

235 2162 340 2209 serit,
377 2162 411 2199 is
456 2162 623 2212 perfecte
661 2162 789 2200 Deum
835 2175 912 2200 non

235 2191 473 2266 glori'fieavit.
552 2216 625 2254 Per
668 2215 766 2254 hanc
809 2215 912 2254 enim

235 2270 465 2309 Trinitatem
504 2270 618 2309 Pater
663 2270 909 2321 glorificatur.

237 2324 350 2363 Pater
378 2324 481 2362 enim
505 2324 639 2372 voluit,
661 2324 783 2363 Filius
811 2324 911 2372 fecit,

236 2378 403 2430 Spiritus
453 2378 615 2418 Sanctus
667 2379 912 2417 manifestum

234 2433 324 2471 fecit
343 2447 352 2471 t
391 2445 522 2471 omnes
550 2432 670 2484 igitur
690 2433 909 2484 Scripturae

234 2487 283 2526 de
300 2487 373 2525 hoc
392 2487 623 2538 praedicant.

290 2541 375 2580 XV.
407 2541 482 2579 Sed
503 2541 604 2580 dicet
627 2540 721 2578 mihi
744 2541 882 2593 aliquis
901 2556 909 2579 :

235 2595 392 2634 Novum
430 2595 603 2634 Verbum
649 2595 744 2633 mihi
788 2595 909 2642 affers,

234 2663 354 2700 quum
387 2649 531 2687 Filium
557 2662 680 2687 vocas.
742 2649 767 2687 J
770 2662 912 2688 oannes

235 2704 335 2742 enim
357 2703 529 2742 Verbum
547 2702 703 2754 quidem
721 2703 826 2750 dicit,
845 2703 912 2741 sed

235 2758 347 2797 aliter
378 2771 447 2808 per
474 2757 695 2808 allegoriam
727 2756 913 2808 interpre-

234 2816 350 2852 tatur.
401 2812 528 2850 Immo
548 2825 623 2850 non
643 2811 755 2850 aliter
773 2824 842 2862 per
860 2811 913 2848 al-

510 1835 588 1886 καὶ
623 1833 846 1899 κέκληται
883 1832 939 1886 τὸ
973 1833 1125 1899 ὄνομα
1150 1834 1297 1886 αὐτοῦ
1322 1835 1348 1886 ὁ
1375 1832 1538 1900 Λόγος
1560 1838 1647 1885 τοῦ

508 1920 685 1989 Ὁρᾶτε
723 1920 825 1984 οὖν,
853 1921 1075 1991 ἀδελφοὶ,
1101 1924 1204 1975 πῶς
1240 1921 1290 1971 ἐν
1314 1918 1557 1991 συμβόλῳ
1590 1918 1646 1972 τὸ

966 2054 1151 2104 legoriam
1179 2053 1458 2104 interpretatur
1476 2067 1487 2100 ;
1525 2053 1578 2091 sic
1609 2067 1646 2091 e-

967 2108 1048 2145 nim
1067 2108 1272 2146 ostendens
1291 2108 1363 2146 hoc
1379 2108 1552 2146 Verbum
1572 2107 1646 2146 Dei

967 2163 1071 2213 quod
1108 2163 1157 2200 ab
1195 2162 1307 2201 initio
1345 2167 1438 2209 erat,
1469 2167 1507 2200 et
1544 2175 1646 2200 nune

967 2217 1127 2254 missum
1174 2223 1244 2264 est,
1282 2217 1384 2255 dixit
1424 2222 1567 2267 postea,
1605 2216 1645 2254 in

970 2270 1202 2322 Apocalypsi
1227 2285 1234 2309 :
1274 2279 1291 2298 ἃ
1306 2272 1361 2309 Et
1388 2271 1472 2309 vidi
1504 2270 1646 2309 coelum

968 2331 1155 2375 apertum,
1172 2331 1205 2363 et
1224 2339 1299 2363 ecoe
1318 2339 1437 2375 equus:
1455 2325 1566 2363 albus
1581 2340 1591 2363 .·
1613 2332 1646 2363 et

968 2379 1037 2429 qui
1065 2380 1211 2418 sedebat
1239 2381 1284 2418 in
1312 2379 1504 2430 00‚fideli8
1528 2386 1561 2417 et
1588 2393 1646 2417 ve·

965 2447 1050 2480 mx,
1085 2440 1119 2472 et
1156 2434 1202 2472 in
1228 2434 1392 2484 justitia
1418 2434 1576 2484 judicat
1613 2441 1647 2472 et

960 2495 1124 2538 qunat.
1159 2489 1271 2527 Oculi
1282 2489 1365 2539 ejus
1375 2488 1647 2538 simol-flamma

966 2542 1081 2592 iyniaet,
1110 2548 1144 2580 ec
1173 2543 1219 2580 in
1250 2543 1372 2593 capite
1404 2542 1485 2592 ejus
1514 2542 1647 2580 diade-

966 2603 1074 2634 mata·
1115 2597 1240 2634 multa
1259 2612 1276 2642 ,·
1323 2596 1466 2634 habens
1505 2610 1646 2635 nomen

965 2651 1152 2700 som’ptum
1170 2652 1275 2700 quod
1299 2664 1408 2689 nemo
1435 2651 1542 2689 ‘novit
1564 2651 1647 2689 nisi

968 2704 1056 2754 ipse.
1133 2705 1189 2742 Ec
1230 2705 1386 2743 vestitu-s
1427 2711 1510 2743 erat
1551 2712 1646 2744 veste

968 2771 1124 2808 aspersa
1146 2759 1337 2809 eanquine
1359 2774 1371 2797 .·
1415 2766 1448 2797 et
1470 2765 1646 2798 vocatum

969 2819 1020 2850 eet
1056 2826 1195 2851 nomen
1230 2813 1322 2864 ejus,
1366 2813 1527 2852 Verbum
1560 2814 1643 2852 Dei.

731 2929 744 2943 ὃ
770 2922 908 2964 Apocal.
926 2923 993 2953 xix.
1013 2932 1147 2963 ¹¹—13·
