1988 3216
876 561 938 598 IN

577 682 632 757 S.
702 679 1282 756 HIPPOLYTI

206 841 480 889 CONTRA
520 826 817 888 NoETUM
849 838 1026 886 opus
1052 835 1615 885 ANNorArloNES.

267 1079 387 1121 HOC
428 1077 504 1119 insi
537 1092 588 1119 ne
629 1075 963 1127 ἀποσπασμάτιον
1001 1090 1052 1117 ex
1094 1076 1243 1118 Latina
1279 1075 1486 1118 Francisci
1516 1075 1619 1116 Tor·

173 1136 340 1189 5rensis
379 1135 463 1178 sive
499 1092 694 1177 {urriani
731 1133 919 1175 versione
955 1133 1138 1190 vulgavit
1175 1133 1419 1176 Gerhardus
1451 1133 1620 1175 Vossius

209 1193 466 1260 Tungrensis
493 1193 545 1235 ad
576 1192 727 1234 calcem
756 1191 940 1247 Operum
974 1191 1168 1248 Gregorii
1190 1190 1507 1248 Thaumaturgi‚
1530 1191 1620 1233 Mo-

239 1259 379 1294 untlae
412 1251 482 1293 A0.
518 1263 664 1292 Muelv.
700 1264 740 1299 4.
817 1248 980 1290 Graeca
1014 1263 1121 1290 nunc
1157 1249 1334 1305 primum
1376 1249 1543 1306 profero
1578 1248 1619 1290 in

209 1267 340 1352 {icem
371 1308 568 1351 beneficio
598 1307 795 1355 e'usdem,
816 1320 842 1348 a
872 1320 953 1362 quo
984 1307 1237 1363 superiorem
1269 1309 1470 1359 ἀπόδειξιν
1501 1306 1619 1360 [haec

209 1374 273 1410 est
304 1367 346 1410 S.
370 1364 589 1423 Hippolyti
632 1363 891 1415 Αποδεικτικὴ
920 1364 1019 1416 πρὸς
1048 1363 1276 1412 Ἰουδαίους,
1298 1365 1621 1406 Βθπωηεῑνατὶο

150 1442 198 1468 10
210 1427 417 1468 adversus
455 1424 677 1476 Judaeos,]
716 1420 868 1478 accepi,
904 1420 981 1462 viri
1022 1421 1254 1464 eruditione
1294 1436 1341 1463 ac
1382 1421 1539 1464 meritis
1578 1421 1620 1463 in

211 1482 354 1526 literas
384 1488 428 1524 et
457 1480 607 1538 insigni
632 1479 785 1522 virtute
818 1478 1055 1528 venerandi,
1084 1479 1249 1521 domini.
1311 1480 1536 1521 Bnmunm
1567 1493 1621 1520 nu

213 1541 519 1588 Mourmucom
545 1538 615 1595 qui
642 1537 713 1579 illa
740 1551 791 1578 ex
825 1536 976 1579 Codice
1001 1537 1203 1580 Vaticano
1234 1537 1442 1594 descripta
1471 1538 1525 1579 ad
1556 1552 1622 1579 me

211 1597 334 1641 misit.
396 1596 517 1639 Notis
552 1594 760 1644 Turriani,
791 1608 894 1650 quas
930 1609 1079 1637 nomen
1113 1595 1201 1652 ejus
1236 1595 1477 1652 distinguet,
1508 1609 1621 1637 meas

212 1655 411 1713 adspersi.
471 1654 634 1696 Titulus
668 1658 760 1695 erat
790 1651 831 1693 in
862 1652 1057 1695 Turriani
1087 1653 1184 1695 edit.
1217 1654 1417 1695 Homilia
1448 1654 1500 1695 de
1531 1654 1622 1695 Deo

153 1721 199 1760 15
215 1715 328 1756 trino
349 1721 388 1756 et
415 1727 512 1761 uno,
534 1720 574 1754 et
593 1713 645 1754 de
673 1711 874 1767 mysterio
894 1711 1223 1754 Incarnaticmis
1243 1720 1395 1753 contra
1424 1712 1621 1754 haeresin

213 1771 356 1814 Noai.
418 1770 467 1811 In
498 1769 589 1812 MS.
612 1768 815 1811 Vaticano
845 1767 971 1810 etiam
1000 1767 1167 1820 Ὁμιλία
1193 1768 1434 1811 Ἱππολύτου
1466 1770 1521 1813 εἶς
1551 1769 1622 1821 τὴν

213 1829 367 1883 αἵρεσιν
387 1826 545 1879 Νοήτου
565 1827 682 1870 τινός.
745 1825 828 1869 Sed
850 1840 975 1882 quum
998 1826 1170 1869 Photius
1197 1832 1375 1869 testetur
1395 1841 1498 1883 opus
1519 1826 1624 1883 Hip-

168 1923 177 1929 .
212 1885 344 1952 polyti
381 1885 578 1928 adversus
613 1884 806 1926 haereses
836 1883 878 1925 in
909 1884 1218 1942 oppugnatione
1248 1885 1468 1926 haereseos
1499 1884 1624 1926 Noeti

212 1943 396 1994 desiisse,
425 1948 551 1999 atque
586 1941 747 1984 initium
783 1941 906 1998 hujus
940 1942 1081 1998 scripti
1117 1942 1334 1984 manifeste
1364 1942 1514 1998 prodat
1544 1942 1626 1984 alia

152 2017 202 2043 20
214 2000 470 2059 processisse,
511 2000 553 2042 in
597 2000 745 2056 quibus
795 1999 847 2041 de
897 1999 987 2041 aliis
1036 1999 1312 2057 dogmatibuS‚
1353 2000 1526 2042 aliorum
1578 2007 1625 2042 ut

213 2058 378 2102 videtur
418 2057 721 2100 haereticorum
762 2057 969 2106 disseruit,
1006 2072 1137 2114 eaque
1177 2058 1449 2115 oppugnavit,
1489 2058 1624 2100 habeo

213 2116 313 2159 illud
341 2130 418 2173 pro
438 2122 626 2158 extrema
652 2121 772 2172 parte
792 2114 886 2156 libri
910 2115 1153 2172 Hippolytei
1181 2116 1380 2158 adversus
1403 2116 1623 2165 Haereses,

213 2173 299 2216 sive
318 2175 532 2216 Memoria
553 2174 826 2221 Haereeium
848 2179 895 2215 ut
917 2173 959 2215 S.
986 2172 1174 2216 Gelasius
1201 2173 1398 2230 appellat,
1420 2173 1622 2230 quaedam

214 2246 266 2274 ex
296 2231 374 2273 hoc
406 2231 724 2286 ἀποσπασματίῳ
755 2229 940 2273 referens
959 2231 1013 2272 ad
1034 2232 1218 2279 verbum,
1241 2237 1299 2280 ut,
1321 2231 1374 2273 ad
1406 2238 1531 2288 eaput
1560 2235 1623 2278 18,

154 2298 202 2336 25
213 2288 420 2332 annotavi.
498 2288 645 2344 Neque
686 2288 823 2330 obstat
891 2288 973 2330 uod
1011 2288 1153 2331 fideles
1193 2289 1441 2345 quandoque
1478 2295 1624 2332 auctor

214 2346 452 2403 alloquitur,
490 2352 536 2388 ut
572 2346 614 2387 in
654 2345 830 2387 homiliis
861 2303 958 2388 {eri
999 2346 1126 2396 solet;
1167 2362 1261 2389 nam
1303 2347 1380 2388 hoc
1421 2346 1546 2389 etiam
1582 2347 1623 2388 in

215 2404 377 2461 scriptis
407 2403 544 2446 facere
566 2409 740 2452 veteres,
762 2410 805 2446 et
834 2403 889 2446 ad
918 2404 1093 2446 lectores
1123 2404 1342 2462 respicere,
1365 2405 1622 2448 tralatitium.

215 2462 244 2504 J
249 2461 300 2505 Ο.
314 2461 547 2504 ALBERT
570 2461 900 2504 FABRICIUS.
964 2462 1176 2505 Attulerat
1204 2462 1266 2504 vir
1295 2463 1553 2505 doctissimus
1582 2462 1624 2504 in

215 2519 294 2562 vol.
314 2519 455 2576 priore
477 2519 662 2576 Operum
685 2519 727 2562 S.
746 2519 977 2585 Hippolyti,
995 2520 1231 2578 Hamburgi
1257 2535 1366 2563 anno
1389 2523 1495 2574 1716
1511 2520 1625 2578 typis

154 2592 205 2628 30
216 2591 379 2627 excuso,
411 2591 450 2633 p.
484 2589 536 2620 22
539 2589 580 2633 5,
621 2591 672 2618 ex
709 2576 874 2620 Gelasm
905 2577 1109 2634 Episcopo
1130 2579 1318 2620 Romano
1358 2578 1411 2620 de
1452 2578 1626 2620 Duabus

217 2634 390 2677 Naturis
428 2634 471 2675 in
513 2633 692 2683 Christo,
733 2635 934 2699 quaedam
975 2650 1067 2678 cum
1109 2635 1329 2693 Hippolyti
1378 2635 1457 2677 illis
1502 2635 1625 2684 infra,

217 2706 306 2758 cap.
355 2693 417 2742 18,
457 2691 546 2733 fere
586 2692 882 2741 convenientia,
922 2692 1010 2744 sed,
1050 2699 1096 2735 ut
1135 2693 1192 2735 ibi
1237 2693 1410 2742 ostendi,
1452 2707 1503 2735 ex
1544 2693 1625 2735 alio

217 2748 438 2806 Hippolyti
467 2748 574 2791 libro
604 2748 832 2806 desumpta.
895 2750 1051 2792 Verum
1075 2751 1117 2793 S.
1141 2750 1399 2807 Epiphanius
1427 2750 1626 2793 adversus

219 2807 438 2855 Haereses,
469 2806 512 2848 in
533 2805 710 2848 Haeresi
739 2806 823 2856 lvii,
847 2806 960 2850 haud
989 2822 1123 2864 pauca
1152 2823 1308 2858 eorum,
1330 2822 1436 2864 quae
1466 2809 1534 2852 hic
1563 2823 1625 2851 se-

156 2873 206 2912 35
219 2870 415 2921 quuntur,
437 2864 548 2906 nullo
577 2869 747 2906 auctore
776 2864 985 2907 nominato
1013 2880 1089 2907 sua
1115 2865 1226 2908 fecit.
1290 2867 1484 2908 Ceterum
1512 2881 1626 2908 men-

219 2922 370 2964 tionem
411 2922 509 2963 facit
549 2921 805 2970 Galbmdius,
846 2922 916 2978 qui
957 2923 997 2964 in
1040 2923 1297 2965 Bibliotheca
1338 2939 1411 2966 sua
1453 2925 1622 2966 Patruin

215 3016 226 3029 ·
276 3005 369 3033 VOL.
396 3006 422 3031 1.
1134 3008 1159 3034 G
