<?xml version="1.0" encoding="UTF-8"?>
<!DOCTYPE html PUBLIC "-//W3C//DTD XHTML 1.0 Transitional//EN"
    "http://www.w3.org/TR/xhtml1/DTD/xhtml1-transitional.dtd">
<html xmlns="http://www.w3.org/1999/xhtml" xml:lang="en" lang="en">
 <head>
  <title>
</title>
<meta http-equiv="Content-Type" content="text/html;charset=utf-8" />
  <meta name='ocr-system' content='tesseract 3.04.00' />
  <meta name='ocr-capabilities' content='ocr_page ocr_carea ocr_par ocr_line ocrx_word'/>
</head>
<body>
  <div class='ocr_page' id='page_1' title='image "./scriptorumeccles01rout_0442.png"; bbox 0 0 2034 3204; ppageno 0'>
   <div class='ocr_carea' id='block_1_1' title="bbox 402 250 1641 295">
    <p class='ocr_par' dir='ltr' id='par_1_1' title="bbox 402 250 1641 295">
     <span class='ocr_line' id='line_1_1' title="bbox 402 250 1641 295; baseline 0 -1"><span class='ocrx_word' id='word_1_1' title='bbox 402 252 487 294; x_wconf 73' lang='lat'><strong>426</strong></span> <span class='ocrx_word' id='word_1_2' title='bbox 566 251 820 294; x_wconf 87' lang='lat' dir='ltr'><strong>ANNOTT.</strong></span> <span class='ocrx_word' id='word_1_3' title='bbox 854 251 920 293; x_wconf 91' lang='lat' dir='ltr'><strong>IN</strong></span> <span class='ocrx_word' id='word_1_4' title='bbox 953 250 1079 293; x_wconf 84' lang='lat' dir='ltr'><strong>CAN.</strong></span> <span class='ocrx_word' id='word_1_5' title='bbox 1115 250 1282 294; x_wconf 88' lang='lat' dir='ltr'><strong>CONC.</strong></span> <span class='ocrx_word' id='word_1_6' title='bbox 1319 251 1641 295; x_wconf 88' lang='lat' dir='ltr'><strong>CONSTANT.</strong></span> 
     </span>
    </p>
   </div>
   <div class='ocr_carea' id='block_1_2' title="bbox 400 356 1877 2420">
    <p class='ocr_par' dir='ltr' id='par_1_2' title="bbox 402 356 1808 472">
     <span class='ocr_line' id='line_1_2' title="bbox 402 356 1808 414; baseline -0.001 -14"><span class='ocrx_word' id='word_1_7' title='bbox 402 364 484 406; x_wconf 87' lang='lat' dir='ltr'><strong>tur,</strong></span> <span class='ocrx_word' id='word_1_8' title='bbox 498 357 607 400; x_wconf 89' lang='lat' dir='ltr'><strong>inter</strong></span> <span class='ocrx_word' id='word_1_9' title='bbox 623 357 725 399; x_wconf 86' lang='lat' dir='ltr'><strong>haec</strong></span> <span class='ocrx_word' id='word_1_10' title='bbox 740 356 990 414; x_wconf 87' lang='lat' dir='ltr'><strong>proferenda</strong></span> <span class='ocrx_word' id='word_1_11' title='bbox 1011 362 1131 406; x_wconf 83' lang='lat' dir='ltr'><strong>esset,</strong></span> <span class='ocrx_word' id='word_1_12' title='bbox 1148 356 1225 399; x_wconf 91' lang='lat' dir='ltr'><strong>nisi</strong></span> <span class='ocrx_word' id='word_1_13' title='bbox 1246 357 1493 400; x_wconf 79' lang='lat' dir='ltr'><strong>constitisset</strong></span> <span class='ocrx_word' id='word_1_14' title='bbox 1508 356 1703 413; x_wconf 83' lang='lat' dir='ltr'><strong>scriptam</strong></span> <span class='ocrx_word' id='word_1_15' title='bbox 1720 371 1808 399; x_wconf 89' lang='lat' dir='ltr'><strong>esse</strong></span> 
     </span>
     <span class='ocr_line' id='line_1_3' title="bbox 402 414 1604 472; baseline -0.001 -15"><span class='ocrx_word' id='word_1_16' title='bbox 402 415 615 472; x_wconf 87' lang='lat' dir='ltr'><strong>epistolam</strong></span> <span class='ocrx_word' id='word_1_17' title='bbox 636 429 745 456; x_wconf 83' lang='lat' dir='ltr'><strong>anno</strong></span> <span class='ocrx_word' id='word_1_18' title='bbox 765 414 953 471; x_wconf 86' lang='lat' dir='ltr'><strong>proximo</strong></span> <span class='ocrx_word' id='word_1_19' title='bbox 972 421 1066 471; x_wconf 88' lang='lat' dir='ltr'><strong>post</strong></span> <span class='ocrx_word' id='word_1_20' title='bbox 1085 414 1243 457; x_wconf 90' lang='lat' dir='ltr'><strong>finitum</strong></span> <span class='ocrx_word' id='word_1_21' title='bbox 1265 416 1343 456; x_wconf 92' lang='lat' dir='ltr'><strong>hoc</strong></span> <span class='ocrx_word' id='word_1_22' title='bbox 1365 415 1604 457; x_wconf 85' lang='lat' dir='ltr'>Concilium.</span> 
     </span>
    </p>

    <p class='ocr_par' dir='ltr' id='par_1_3' title="bbox 400 471 1877 1567">
     <span class='ocr_line' id='line_1_4' title="bbox 461 471 1809 529; baseline 0 -15"><span class='ocrx_word' id='word_1_23' title='bbox 461 473 508 514; x_wconf 93' lang='lat' dir='ltr'><strong>P.</strong></span> <span class='ocrx_word' id='word_1_24' title='bbox 529 474 630 529; x_wconf 84' lang='lat'><strong>398.</strong></span> <span class='ocrx_word' id='word_1_25' title='bbox 653 472 681 515; x_wconf 84' lang='lat' dir='ltr'><strong>l.</strong></span> <span class='ocrx_word' id='word_1_26' title='bbox 711 486 744 514; x_wconf 84' lang='grc' dir='ltr'><strong>ι.</strong></span> <span class='ocrx_word' id='word_1_27' title='bbox 773 473 1005 515; x_wconf 82' lang='lat' dir='ltr'><strong>SYMBOLUM</strong></span> <span class='ocrx_word' id='word_1_28' title='bbox 1027 471 1580 529; x_wconf 59' lang='lat' dir='ltr'><strong>Cowsmmmopommm]</strong></span> <span class='ocrx_word' id='word_1_29' title='bbox 1605 472 1809 528; x_wconf 88' lang='lat' dir='ltr'><strong>Desump-</strong></span> 
     </span>
     <span class='ocr_line' id='line_1_5' title="bbox 401 529 1806 586; baseline -0.001 -14"><span class='ocrx_word' id='word_1_30' title='bbox 401 536 489 572; x_wconf 90' lang='lat' dir='ltr'><strong>tum</strong></span> <span class='ocrx_word' id='word_1_31' title='bbox 521 537 585 573; x_wconf 86' lang='lat' dir='ltr'><strong>est</strong></span> <span class='ocrx_word' id='word_1_32' title='bbox 614 545 666 572; x_wconf 83' lang='lat' dir='ltr'><strong>cx</strong></span> <span class='ocrx_word' id='word_1_33' title='bbox 694 530 868 572; x_wconf 90' lang='lat' dir='ltr'><strong>Actione</strong></span> <span class='ocrx_word' id='word_1_34' title='bbox 899 529 1091 571; x_wconf 86' lang='lat' dir='ltr'><strong>Secunda</strong></span> <span class='ocrx_word' id='word_1_35' title='bbox 1120 529 1464 571; x_wconf 85' lang='lat' dir='ltr'><strong>Chalcedonensis</strong></span> <span class='ocrx_word' id='word_1_36' title='bbox 1497 529 1678 580; x_wconf 90' lang='lat' dir='ltr'><strong>Concilii,</strong></span> <span class='ocrx_word' id='word_1_37' title='bbox 1706 543 1806 586; x_wconf 88' lang='lat' dir='ltr'><strong>pag.</strong></span> 
     </span>
     <span class='ocr_line' id='line_1_6' title="bbox 404 587 1846 644; baseline -0.001 -14"><span class='ocrx_word' id='word_1_38' title='bbox 404 588 486 630; x_wconf 78' lang='lat'><strong>288</strong></span> <span class='ocrx_word' id='word_1_39' title='bbox 508 588 605 630; x_wconf 84' lang='lat' dir='ltr'><strong>edit.</strong></span> <span class='ocrx_word' id='word_1_40' title='bbox 627 587 833 629; x_wconf 87' lang='lat' dir='ltr'><strong>Harduin.</strong></span> <span class='ocrx_word' id='word_1_41' title='bbox 855 601 896 643; x_wconf 90' lang='lat' dir='ltr'><strong>p.</strong></span> <span class='ocrx_word' id='word_1_42' title='bbox 919 600 1002 642; x_wconf 84' lang='lat'><strong>342</strong></span> <span class='ocrx_word' id='word_1_43' title='bbox 1025 587 1123 629; x_wconf 87' lang='lat' dir='ltr'><strong>edit.</strong></span> <span class='ocrx_word' id='word_1_44' title='bbox 1146 587 1302 629; x_wconf 87' lang='lat' dir='ltr'><strong>Labbe.</strong></span> <span class='ocrx_word' id='word_1_45' title='bbox 1356 587 1441 630; x_wconf 92' lang='lat' dir='ltr'><strong>Ubi</strong></span> <span class='ocrx_word' id='word_1_46' title='bbox 1463 587 1705 644; x_wconf 81' lang='lat' dir='ltr'>Symbolum</span> <span class='ocrx_word' id='word_1_47' title='bbox 1731 587 1808 628; x_wconf 94' lang='lat' dir='ltr'><strong>hoc</strong></span> <span class='ocrx_word' id='word_1_48' title='bbox 1823 601 1846 640; x_wconf 90' lang='lat'>5</span> 
     </span>
     <span class='ocr_line' id='line_1_7' title="bbox 402 643 1810 688; baseline -0.001 0"><span class='ocrx_word' id='word_1_49' title='bbox 402 645 551 688; x_wconf 83' lang='lat' dir='ltr'><strong>dicitur</strong></span> <span class='ocrx_word' id='word_1_50' title='bbox 585 646 638 688; x_wconf 86' lang='lat' dir='ltr'><strong>ab</strong></span> <span class='ocrx_word' id='word_1_51' title='bbox 669 645 791 687; x_wconf 86' lang='lat' dir='ltr'><strong>Aetio</strong></span> <span class='ocrx_word' id='word_1_52' title='bbox 823 644 1031 686; x_wconf 83' lang='lat' dir='ltr'><strong>Ecclesiae</strong></span> <span class='ocrx_word' id='word_1_53' title='bbox 1067 644 1262 687; x_wconf 84' lang='lat' dir='ltr'><strong>CPtanae</strong></span> <span class='ocrx_word' id='word_1_54' title='bbox 1294 644 1479 686; x_wconf 85' lang='lat' dir='ltr'><strong>Diacono</strong></span> <span class='ocrx_word' id='word_1_55' title='bbox 1509 645 1635 687; x_wconf 81' lang='lat' dir='ltr'><strong>fuisse</strong></span> <span class='ocrx_word' id='word_1_56' title='bbox 1661 643 1810 686; x_wconf 83' lang='lat' dir='ltr'><strong>recita-</strong></span> 
     </span>
     <span class='ocr_line' id='line_1_8' title="bbox 401 701 1810 755; baseline 0 -9"><span class='ocrx_word' id='word_1_57' title='bbox 401 710 502 746; x_wconf 84' lang='lat' dir='ltr'><strong>tum.</strong></span> <span class='ocrx_word' id='word_1_58' title='bbox 561 702 716 746; x_wconf 82' lang='grc' dir='ltr'>Ἀέτιος</span> <span class='ocrx_word' id='word_1_59' title='bbox 743 703 764 743; x_wconf 86' lang='grc' dir='ltr'><em>ὃ</em></span> <span class='ocrx_word' id='word_1_60' title='bbox 795 701 1091 755; x_wconf 83' lang='grc' dir='ltr'>εὐλαβέστατος</span> <span class='ocrx_word' id='word_1_61' title='bbox 1124 702 1320 745; x_wconf 84' lang='grc' dir='ltr'>Διάκονος</span> <span class='ocrx_word' id='word_1_62' title='bbox 1351 703 1810 746; x_wconf 80' lang='grc' dir='ltr'>Κωνσταντινουπόλεως</span> 
     </span>
     <span class='ocr_line' id='line_1_9' title="bbox 402 758 1810 813; baseline -0.001 -11"><span class='ocrx_word' id='word_1_63' title='bbox 402 761 480 802; x_wconf 84' lang='grc' dir='ltr'><strong>ἀπὸ</strong></span> <span class='ocrx_word' id='word_1_64' title='bbox 519 761 688 812; x_wconf 87' lang='grc' dir='ltr'>βιβλίου</span> <span class='ocrx_word' id='word_1_65' title='bbox 724 758 877 813; x_wconf 82' lang='grc' dir='ltr'>ἀνέγνω</span> <span class='ocrx_word' id='word_1_66' title='bbox 913 760 1046 803; x_wconf 82' lang='grc' dir='ltr'>οὕτως·</span> <span class='ocrx_word' id='word_1_67' title='bbox 1085 758 1141 800; x_wconf 87' lang='lat' dir='ltr'><strong>‘H</strong></span> <span class='ocrx_word' id='word_1_68' title='bbox 1175 760 1270 813; x_wconf 82' lang='grc' dir='ltr'>ἆγία</span> <span class='ocrx_word' id='word_1_69' title='bbox 1304 761 1449 808; x_wconf 79' lang='grc' dir='ltr'>πίστις,</span> <span class='ocrx_word' id='word_1_70' title='bbox 1478 759 1528 811; x_wconf 87' lang='grc' dir='ltr'><strong>ἢν</strong></span> <span class='ocrx_word' id='word_1_71' title='bbox 1558 760 1739 811; x_wconf 80' lang='grc' dir='ltr'>ἐξέθεντο</span> <span class='ocrx_word' id='word_1_72' title='bbox 1771 761 1810 801; x_wconf 80' lang='grc' dir='ltr'><strong>οὶ</strong></span> 
     </span>
     <span class='ocr_line' id='line_1_10' title="bbox 402 816 1808 874; baseline -0.001 -14"><span class='ocrx_word' id='word_1_73' title='bbox 402 819 509 872; x_wconf 78' lang='grc' dir='ltr'>ἅγιοι</span> <span class='ocrx_word' id='word_1_74' title='bbox 541 817 717 870; x_wconf 85' lang='grc' dir='ltr'>Πάτερες</span> <span class='ocrx_word' id='word_1_75' title='bbox 746 816 804 870; x_wconf 89' lang='grc' dir='ltr'><strong>ρν’</strong></span> <span class='ocrx_word' id='word_1_76' title='bbox 827 820 1099 870; x_wconf 85' lang='grc' dir='ltr'>συμφωνοῦσα</span> <span class='ocrx_word' id='word_1_77' title='bbox 1118 820 1164 874; x_wconf 77' lang='grc' dir='ltr'><strong>τῇ</strong></span> <span class='ocrx_word' id='word_1_78' title='bbox 1185 817 1279 873; x_wconf 74' lang='grc' dir='ltr'>ἁγίᾳ</span> <span class='ocrx_word' id='word_1_79' title='bbox 1310 818 1372 859; x_wconf 85' lang='grc' dir='ltr'><strong>καὶ</strong></span> <span class='ocrx_word' id='word_1_80' title='bbox 1391 817 1548 873; x_wconf 84' lang='grc' dir='ltr'>μεγάλῃ</span> <span class='ocrx_word' id='word_1_81' title='bbox 1573 818 1732 872; x_wconf 83' lang='grc' dir='ltr'>Συνόδῳ</span> <span class='ocrx_word' id='word_1_82' title='bbox 1762 817 1808 874; x_wconf 83' lang='grc' dir='ltr'><strong>τῇ</strong></span> 
     </span>
     <span class='ocr_line' id='line_1_11' title="bbox 403 873 1876 931; baseline 0 -14"><span class='ocrx_word' id='word_1_83' title='bbox 403 877 448 917; x_wconf 84' lang='grc' dir='ltr'><strong>ἐν</strong></span> <span class='ocrx_word' id='word_1_84' title='bbox 468 877 627 931; x_wconf 76' lang='grc' dir='ltr'>Νικαίᾳ.</span> <span class='ocrx_word' id='word_1_85' title='bbox 689 875 745 916; x_wconf 82' lang='lat' dir='ltr'><strong>Et</strong></span> <span class='ocrx_word' id='word_1_86' title='bbox 766 874 956 916; x_wconf 89' lang='lat' dir='ltr'><strong>convenit</strong></span> <span class='ocrx_word' id='word_1_87' title='bbox 977 875 1078 916; x_wconf 87' lang='lat' dir='ltr'><strong>haec</strong></span> <span class='ocrx_word' id='word_1_88' title='bbox 1102 874 1280 916; x_wconf 80' lang='lat' dir='ltr'><strong>formula</strong></span> <span class='ocrx_word' id='word_1_89' title='bbox 1300 889 1392 916; x_wconf 90' lang='lat' dir='ltr'><strong>cum</strong></span> <span class='ocrx_word' id='word_1_90' title='bbox 1415 874 1601 931; x_wconf 87' lang='lat' dir='ltr'><strong>Symboli</strong></span> <span class='ocrx_word' id='word_1_91' title='bbox 1621 873 1810 931; x_wconf 88' lang='lat' dir='ltr'><strong>exemplo</strong></span> <span class='ocrx_word' id='word_1_92' title='bbox 1828 891 1876 917; x_wconf 91' lang='lat'><strong>10</strong></span> 
     </span>
     <span class='ocr_line' id='line_1_12' title="bbox 400 932 1811 989; baseline 0 -15"><span class='ocrx_word' id='word_1_93' title='bbox 400 933 443 974; x_wconf 93' lang='lat' dir='ltr'><strong>in</strong></span> <span class='ocrx_word' id='word_1_94' title='bbox 463 934 492 975; x_wconf 86' lang='lat' dir='ltr'><strong>J</strong></span> <span class='ocrx_word' id='word_1_95' title='bbox 495 932 673 975; x_wconf 90' lang='lat' dir='ltr'><strong>eremiae</strong></span> <span class='ocrx_word' id='word_1_96' title='bbox 701 932 970 974; x_wconf 86' lang='lat' dir='ltr'><strong>Patriarchae</strong></span> <span class='ocrx_word' id='word_1_97' title='bbox 993 932 1151 974; x_wconf 87' lang='lat' dir='ltr'><strong>CPtani</strong></span> <span class='ocrx_word' id='word_1_98' title='bbox 1176 933 1390 988; x_wconf 82' lang='lat' dir='ltr'><strong>Responso</strong></span> <span class='ocrx_word' id='word_1_99' title='bbox 1412 932 1552 974; x_wconf 88' lang='lat' dir='ltr'><strong>Primo</strong></span> <span class='ocrx_word' id='word_1_100' title='bbox 1572 932 1626 974; x_wconf 88' lang='lat' dir='ltr'><strong>ad</strong></span> <span class='ocrx_word' id='word_1_101' title='bbox 1647 932 1811 989; x_wconf 87' lang='lat' dir='ltr'><strong>Augus-</strong></span> 
     </span>
     <span class='ocr_line' id='line_1_13' title="bbox 400 989 1811 1055; baseline -0.001 -22"><span class='ocrx_word' id='word_1_102' title='bbox 400 997 542 1033; x_wconf 86' lang='lat' dir='ltr'><strong>tanam</strong></span> <span class='ocrx_word' id='word_1_103' title='bbox 564 989 872 1033; x_wconf 84' lang='lat' dir='ltr'><strong>Confessionem</strong></span> <span class='ocrx_word' id='word_1_104' title='bbox 888 989 1119 1046; x_wconf 88' lang='lat' dir='ltr'><strong>Tubingam</strong></span> <span class='ocrx_word' id='word_1_105' title='bbox 1140 989 1262 1031; x_wconf 86' lang='lat' dir='ltr'><strong>misso</strong></span> <span class='ocrx_word' id='word_1_106' title='bbox 1282 1004 1391 1032; x_wconf 88' lang='lat' dir='ltr'><strong>anno</strong></span> <span class='ocrx_word' id='word_1_107' title='bbox 1414 991 1536 1045; x_wconf 87' lang='lat'><strong>1576.</strong></span> <span class='ocrx_word' id='word_1_108' title='bbox 1577 989 1685 1032; x_wconf 89' lang='lat' dir='ltr'><strong>Vide</strong></span> <span class='ocrx_word' id='word_1_109' title='bbox 1705 1004 1746 1055; x_wconf 84' lang='lat' dir='ltr'><strong>p.</strong></span> <span class='ocrx_word' id='word_1_110' title='bbox 1761 1003 1811 1032; x_wconf 82' lang='grc' dir='ltr'><strong>ιο</strong></span> 
     </span>
     <span class='ocr_line' id='line_1_14' title="bbox 402 1047 1812 1105; baseline -0.002 -14"><span class='ocrx_word' id='word_1_111' title='bbox 402 1049 467 1091; x_wconf 90' lang='lat' dir='ltr'><strong>ed.</strong></span> <span class='ocrx_word' id='word_1_112' title='bbox 485 1048 599 1105; x_wconf 88' lang='lat' dir='ltr'><strong>Lips.</strong></span> <span class='ocrx_word' id='word_1_113' title='bbox 618 1049 742 1104; x_wconf 85' lang='lat'>1758.</span> <span class='ocrx_word' id='word_1_114' title='bbox 773 1048 952 1090; x_wconf 87' lang='lat' dir='ltr'><strong>Tantum</strong></span> <span class='ocrx_word' id='word_1_115' title='bbox 973 1047 1085 1104; x_wconf 88' lang='lat' dir='ltr'><strong>quod</strong></span> <span class='ocrx_word' id='word_1_116' title='bbox 1104 1047 1147 1089; x_wconf 92' lang='lat' dir='ltr'><strong>in</strong></span> <span class='ocrx_word' id='word_1_117' title='bbox 1167 1048 1196 1090; x_wconf 88' lang='lat' dir='ltr'>J</span> <span class='ocrx_word' id='word_1_118' title='bbox 1199 1047 1377 1090; x_wconf 89' lang='lat' dir='ltr'><strong>eremiae</strong></span> <span class='ocrx_word' id='word_1_119' title='bbox 1397 1047 1586 1104; x_wconf 88' lang='lat' dir='ltr'><strong>exemplo</strong></span> <span class='ocrx_word' id='word_1_120' title='bbox 1607 1047 1812 1104; x_wconf 80' lang='lat' dir='ltr'><strong>particula</strong></span> 
     </span>
     <span class='ocr_line' id='line_1_15' title="bbox 403 1104 1810 1162; baseline -0.001 -14"><span class='ocrx_word' id='word_1_121' title='bbox 403 1107 478 1155; x_wconf 86' lang='grc' dir='ltr'>καὶ,</span> <span class='ocrx_word' id='word_1_122' title='bbox 499 1106 542 1148; x_wconf 88' lang='lat' dir='ltr'><strong>in</strong></span> <span class='ocrx_word' id='word_1_123' title='bbox 565 1105 740 1148; x_wconf 86' lang='lat' dir='ltr'><strong>articulo</strong></span> <span class='ocrx_word' id='word_1_124' title='bbox 769 1106 822 1148; x_wconf 86' lang='lat' dir='ltr'><strong>de</strong></span> <span class='ocrx_word' id='word_1_125' title='bbox 854 1105 1014 1162; x_wconf 75' lang='lat' dir='ltr'><strong>Spiritu</strong></span> <span class='ocrx_word' id='word_1_126' title='bbox 1039 1105 1082 1148; x_wconf 85' lang='lat' dir='ltr'><strong>S.</strong></span> <span class='ocrx_word' id='word_1_127' title='bbox 1103 1105 1172 1146; x_wconf 86' lang='grc' dir='ltr'><strong>τὸν</strong></span> <span class='ocrx_word' id='word_1_128' title='bbox 1196 1106 1340 1159; x_wconf 85' lang='grc' dir='ltr'>Κύριον</span> <span class='ocrx_word' id='word_1_129' title='bbox 1362 1105 1425 1147; x_wconf 88' lang='grc' dir='ltr'><strong>καὶ</strong></span> <span class='ocrx_word' id='word_1_130' title='bbox 1448 1105 1494 1146; x_wconf 88' lang='grc' dir='ltr'><strong>τὸ</strong></span> <span class='ocrx_word' id='word_1_131' title='bbox 1514 1104 1718 1155; x_wconf 78' lang='grc' dir='ltr'>ζωοποιὸν,</span> <span class='ocrx_word' id='word_1_132' title='bbox 1740 1104 1810 1146; x_wconf 84' lang='lat' dir='ltr'><strong>de-</strong></span> 
     </span>
     <span class='ocr_line' id='line_1_16' title="bbox 401 1161 1875 1220; baseline -0.001 -14"><span class='ocrx_word' id='word_1_133' title='bbox 401 1163 621 1206; x_wconf 86' lang='lat' dir='ltr'><strong>sideratur.</strong></span> <span class='ocrx_word' id='word_1_134' title='bbox 659 1164 777 1214; x_wconf 80' lang='lat' dir='ltr'><strong>Quae</strong></span> <span class='ocrx_word' id='word_1_135' title='bbox 797 1163 963 1220; x_wconf 88' lang='lat' dir='ltr'><strong>quidem</strong></span> <span class='ocrx_word' id='word_1_136' title='bbox 984 1162 1188 1219; x_wconf 88' lang='lat' dir='ltr'><strong>particula</strong></span> <span class='ocrx_word' id='word_1_137' title='bbox 1203 1177 1337 1218; x_wconf 91' lang='lat' dir='ltr'><strong>neque</strong></span> <span class='ocrx_word' id='word_1_138' title='bbox 1357 1162 1594 1219; x_wconf 81' lang='lat' dir='ltr'><strong>agnoscitur</strong></span> <span class='ocrx_word' id='word_1_139' title='bbox 1613 1162 1656 1204; x_wconf 92' lang='lat' dir='ltr'><strong>in</strong></span> <span class='ocrx_word' id='word_1_140' title='bbox 1677 1161 1810 1204; x_wconf 86' lang='lat' dir='ltr'><strong>Marci</strong></span> <span class='ocrx_word' id='word_1_141' title='bbox 1829 1173 1875 1214; x_wconf 86' lang='lat'><strong>15</strong></span> 
     </span>
     <span class='ocr_line' id='line_1_17' title="bbox 402 1220 1810 1278; baseline -0.001 -15"><span class='ocrx_word' id='word_1_142' title='bbox 402 1221 602 1278; x_wconf 87' lang='lat' dir='ltr'><strong>Ephesini</strong></span> <span class='ocrx_word' id='word_1_143' title='bbox 623 1221 830 1263; x_wconf 84' lang='lat' dir='ltr'><strong>Praesulis</strong></span> <span class='ocrx_word' id='word_1_144' title='bbox 853 1220 1118 1264; x_wconf 88' lang='lat' dir='ltr'><strong>Confessione</strong></span> <span class='ocrx_word' id='word_1_145' title='bbox 1139 1220 1256 1262; x_wconf 88' lang='lat' dir='ltr'><strong>Fidei</strong></span> <span class='ocrx_word' id='word_1_146' title='bbox 1279 1220 1448 1267; x_wconf 86' lang='lat' dir='ltr'><strong>inedita,</strong></span> <span class='ocrx_word' id='word_1_147' title='bbox 1471 1235 1595 1276; x_wconf 91' lang='lat' dir='ltr'><strong>quam</strong></span> <span class='ocrx_word' id='word_1_148' title='bbox 1614 1234 1699 1262; x_wconf 89' lang='lat' dir='ltr'><strong>una</strong></span> <span class='ocrx_word' id='word_1_149' title='bbox 1718 1234 1810 1262; x_wconf 90' lang='lat' dir='ltr'><strong>cum</strong></span> 
     </span>
     <span class='ocr_line' id='line_1_18' title="bbox 402 1277 1808 1334; baseline -0.001 -13"><span class='ocrx_word' id='word_1_150' title='bbox 402 1279 492 1321; x_wconf 88' lang='lat' dir='ltr'><strong>aliis</strong></span> <span class='ocrx_word' id='word_1_151' title='bbox 524 1279 769 1322; x_wconf 86' lang='lat' dir='ltr'><strong>tractatibus</strong></span> <span class='ocrx_word' id='word_1_152' title='bbox 799 1279 926 1321; x_wconf 87' lang='lat' dir='ltr'><strong>habet</strong></span> <span class='ocrx_word' id='word_1_153' title='bbox 960 1278 1103 1321; x_wconf 83' lang='lat' dir='ltr'><strong>Codex</strong></span> <span class='ocrx_word' id='word_1_154' title='bbox 1136 1278 1229 1321; x_wconf 89' lang='lat' dir='ltr'><strong>MS.</strong></span> <span class='ocrx_word' id='word_1_155' title='bbox 1261 1277 1339 1319; x_wconf 88' lang='lat' dir='ltr'><strong>Dni</strong></span> <span class='ocrx_word' id='word_1_156' title='bbox 1371 1278 1557 1320; x_wconf 86' lang='lat' dir='ltr'><strong>Thomae</strong></span> <span class='ocrx_word' id='word_1_157' title='bbox 1591 1277 1808 1334; x_wconf 87' lang='lat' dir='ltr'><strong>Phillipps,</strong></span> 
     </span>
     <span class='ocr_line' id='line_1_19' title="bbox 403 1335 1811 1393; baseline -0.001 -14"><span class='ocrx_word' id='word_1_158' title='bbox 403 1337 635 1386; x_wconf 88' lang='lat' dir='ltr'><strong>Baronetti‚</strong></span> <span class='ocrx_word' id='word_1_159' title='bbox 656 1351 683 1378; x_wconf 82' lang='lat' dir='ltr'><strong>a</strong></span> <span class='ocrx_word' id='word_1_160' title='bbox 707 1352 774 1379; x_wconf 90' lang='lat' dir='ltr'><strong>me</strong></span> <span class='ocrx_word' id='word_1_161' title='bbox 798 1337 885 1393; x_wconf 88' lang='lat' dir='ltr'><strong>jam</strong></span> <span class='ocrx_word' id='word_1_162' title='bbox 916 1342 1014 1378; x_wconf 85' lang='lat' dir='ltr'><strong>ante</strong></span> <span class='ocrx_word' id='word_1_163' title='bbox 1043 1340 1397 1384; x_wconf 84' lang='lat' dir='ltr'><strong>commemoratus,</strong></span> <span class='ocrx_word' id='word_1_164' title='bbox 1418 1350 1515 1393; x_wconf 85' lang='lat' dir='ltr'>pag.</span> <span class='ocrx_word' id='word_1_165' title='bbox 1536 1349 1635 1388; x_wconf 81' lang='lat'>401,</span> <span class='ocrx_word' id='word_1_166' title='bbox 1666 1335 1738 1378; x_wconf 87' lang='lat' dir='ltr'><strong>ubi</strong></span> <span class='ocrx_word' id='word_1_167' title='bbox 1767 1340 1811 1378; x_wconf 85' lang='lat' dir='ltr'><strong>et</strong></span> 
     </span>
     <span class='ocr_line' id='line_1_20' title="bbox 402 1393 1812 1447; baseline 0 -11"><span class='ocrx_word' id='word_1_168' title='bbox 402 1410 483 1437; x_wconf 81' lang='lat' dir='ltr'><strong>vox</strong></span> <span class='ocrx_word' id='word_1_169' title='bbox 505 1395 668 1447; x_wconf 83' lang='grc' dir='ltr'>Πατέρα</span> <span class='ocrx_word' id='word_1_170' title='bbox 687 1401 784 1437; x_wconf 81' lang='lat' dir='ltr'><strong>ante</strong></span> <span class='ocrx_word' id='word_1_171' title='bbox 805 1393 1102 1447; x_wconf 83' lang='grc' dir='ltr'>παντοκράτορα</span> <span class='ocrx_word' id='word_1_172' title='bbox 1122 1393 1251 1436; x_wconf 78' lang='lat' dir='ltr'><strong>deest.</strong></span> <span class='ocrx_word' id='word_1_173' title='bbox 1311 1393 1395 1436; x_wconf 85' lang='lat' dir='ltr'><strong>Sed</strong></span> <span class='ocrx_word' id='word_1_174' title='bbox 1414 1393 1457 1435; x_wconf 87' lang='lat' dir='ltr'><strong>in</strong></span> <span class='ocrx_word' id='word_1_175' title='bbox 1477 1393 1642 1436; x_wconf 85' lang='lat' dir='ltr'><strong>vocibus</strong></span> <span class='ocrx_word' id='word_1_176' title='bbox 1661 1394 1812 1436; x_wconf 79' lang='lat' dir='ltr'><strong>Domi-</strong></span> 
     </span>
     <span class='ocr_line' id='line_1_21' title="bbox 400 1450 1877 1508; baseline -0.003 -14"><span class='ocrx_word' id='word_1_177' title='bbox 400 1468 504 1495; x_wconf 75' lang='lat' dir='ltr'><strong>num</strong></span> <span class='ocrx_word' id='word_1_178' title='bbox 533 1459 571 1495; x_wconf 77' lang='lat' dir='ltr'><strong>et</strong></span> <span class='ocrx_word' id='word_1_179' title='bbox 596 1454 884 1508; x_wconf 72' lang='lat' dir='ltr'><strong>vivzficantem</strong></span> <span class='ocrx_word' id='word_1_180' title='bbox 913 1451 1159 1508; x_wconf 79' lang='lat' dir='ltr'><strong>particulam</strong></span> <span class='ocrx_word' id='word_1_181' title='bbox 1188 1459 1228 1494; x_wconf 80' lang='lat' dir='ltr'><strong>et</strong></span> <span class='ocrx_word' id='word_1_182' title='bbox 1255 1457 1440 1507; x_wconf 81' lang='lat' dir='ltr'><strong>praestat</strong></span> <span class='ocrx_word' id='word_1_183' title='bbox 1466 1451 1681 1508; x_wconf 88' lang='lat' dir='ltr'><strong>antiquum</strong></span> <span class='ocrx_word' id='word_1_184' title='bbox 1707 1450 1810 1494; x_wconf 88' lang='lat' dir='ltr'><strong>illud</strong></span> <span class='ocrx_word' id='word_1_185' title='bbox 1827 1463 1877 1490; x_wconf 84' lang='lat'><strong>20</strong></span> 
     </span>
     <span class='ocr_line' id='line_1_22' title="bbox 404 1508 1486 1567; baseline -0.003 -14"><span class='ocrx_word' id='word_1_186' title='bbox 404 1510 589 1567; x_wconf 86' lang='lat' dir='ltr'><strong>Symboli</strong></span> <span class='ocrx_word' id='word_1_187' title='bbox 611 1510 824 1567; x_wconf 83' lang='lat' dir='ltr'><strong>exemplar</strong></span> <span class='ocrx_word' id='word_1_188' title='bbox 847 1510 1056 1554; x_wconf 80' lang='lat' dir='ltr'><strong>Latinum,</strong></span> <span class='ocrx_word' id='word_1_189' title='bbox 1079 1509 1189 1564; x_wconf 87' lang='lat' dir='ltr'><strong>quod</strong></span> <span class='ocrx_word' id='word_1_190' title='bbox 1211 1509 1276 1550; x_wconf 88' lang='lat' dir='ltr'><strong>hic</strong></span> <span class='ocrx_word' id='word_1_191' title='bbox 1296 1508 1486 1551; x_wconf 87' lang='lat' dir='ltr'><strong>sistimus.</strong></span> 
     </span>
    </p>

    <p class='ocr_par' dir='ltr' id='par_1_4' title="bbox 401 1564 1877 2420">
     <span class='ocr_line' id='line_1_23' title="bbox 462 1564 1811 1622; baseline -0.001 -13"><span class='ocrx_word' id='word_1_192' title='bbox 462 1568 568 1610; x_wconf 91' lang='lat' dir='ltr'><strong>Ibid.</strong></span> <span class='ocrx_word' id='word_1_193' title='bbox 591 1568 617 1609; x_wconf 90' lang='lat' dir='ltr'><strong>l.</strong></span> <span class='ocrx_word' id='word_1_194' title='bbox 637 1568 676 1609; x_wconf 91' lang='lat'><strong>8.</strong></span> <span class='ocrx_word' id='word_1_195' title='bbox 701 1572 785 1620; x_wconf 85' lang='grc' dir='ltr'><strong>φῶς</strong></span> <span class='ocrx_word' id='word_1_196' title='bbox 806 1569 848 1609; x_wconf 81' lang='grc' dir='ltr'><strong>ἐκ</strong></span> <span class='ocrx_word' id='word_1_197' title='bbox 869 1566 1015 1622; x_wconf 81' lang='grc' dir='ltr'>φῶτος]</span> <span class='ocrx_word' id='word_1_198' title='bbox 1039 1567 1117 1608; x_wconf 88' lang='lat' dir='ltr'><strong>His</strong></span> <span class='ocrx_word' id='word_1_199' title='bbox 1137 1566 1273 1609; x_wconf 87' lang='lat' dir='ltr'><strong>verbis</strong></span> <span class='ocrx_word' id='word_1_200' title='bbox 1296 1566 1384 1608; x_wconf 87' lang='lat' dir='ltr'><strong>fere</strong></span> <span class='ocrx_word' id='word_1_201' title='bbox 1405 1580 1568 1622; x_wconf 87' lang='lat' dir='ltr'><strong>semper</strong></span> <span class='ocrx_word' id='word_1_202' title='bbox 1587 1565 1630 1607; x_wconf 92' lang='lat' dir='ltr'><strong>in</strong></span> <span class='ocrx_word' id='word_1_203' title='bbox 1651 1564 1811 1608; x_wconf 88' lang='lat' dir='ltr'><strong>excusis</strong></span> 
     </span>
     <span class='ocr_line' id='line_1_24' title="bbox 403 1624 1811 1682; baseline -0.002 -14"><span class='ocrx_word' id='word_1_204' title='bbox 403 1625 685 1682; x_wconf 87' lang='lat' dir='ltr'><strong>praemittitur</strong></span> <span class='ocrx_word' id='word_1_205' title='bbox 715 1625 830 1675; x_wconf 90' lang='lat' dir='ltr'><strong>illud,</strong></span> <span class='ocrx_word' id='word_1_206' title='bbox 862 1624 973 1667; x_wconf 87' lang='grc' dir='ltr'>Θεὸν</span> <span class='ocrx_word' id='word_1_207' title='bbox 1007 1626 1049 1666; x_wconf 80' lang='grc' dir='ltr'><strong>ἐκ</strong></span> <span class='ocrx_word' id='word_1_208' title='bbox 1084 1628 1206 1672; x_wconf 82' lang='grc' dir='ltr'>Θεοῦ,</span> <span class='ocrx_word' id='word_1_209' title='bbox 1239 1624 1351 1680; x_wconf 89' lang='lat' dir='ltr'><strong>quod</strong></span> <span class='ocrx_word' id='word_1_210' title='bbox 1381 1624 1510 1666; x_wconf 88' lang='lat' dir='ltr'><strong>nescit</strong></span> <span class='ocrx_word' id='word_1_211' title='bbox 1540 1638 1622 1666; x_wconf 91' lang='lat' dir='ltr'><strong>non</strong></span> <span class='ocrx_word' id='word_1_212' title='bbox 1648 1629 1811 1666; x_wconf 86' lang='lat' dir='ltr'><strong>tantum</strong></span> 
     </span>
     <span class='ocr_line' id='line_1_25' title="bbox 405 1680 1813 1738; baseline -0.002 -12"><span class='ocrx_word' id='word_1_213' title='bbox 405 1682 726 1726; x_wconf 83' lang='lat' dir='ltr'><strong>Chalcedonium</strong></span> <span class='ocrx_word' id='word_1_214' title='bbox 757 1683 835 1724; x_wconf 91' lang='lat' dir='ltr'><strong>hoc</strong></span> <span class='ocrx_word' id='word_1_215' title='bbox 866 1682 1091 1738; x_wconf 80' lang='lat' dir='ltr'><strong>exemplar,</strong></span> <span class='ocrx_word' id='word_1_216' title='bbox 1113 1688 1155 1724; x_wconf 90' lang='lat' dir='ltr'><strong>et</strong></span> <span class='ocrx_word' id='word_1_217' title='bbox 1186 1688 1405 1738; x_wconf 86' lang='lat' dir='ltr'><strong>practerea</strong></span> <span class='ocrx_word' id='word_1_218' title='bbox 1426 1682 1539 1724; x_wconf 88' lang='lat' dir='ltr'><strong>aliud</strong></span> <span class='ocrx_word' id='word_1_219' title='bbox 1566 1681 1608 1723; x_wconf 89' lang='lat' dir='ltr'><strong>in</strong></span> <span class='ocrx_word' id='word_1_220' title='bbox 1631 1680 1813 1724; x_wconf 89' lang='lat' dir='ltr'><strong>Concilio</strong></span> 
     </span>
     <span class='ocr_line' id='line_1_26' title="bbox 403 1738 1876 1794; baseline 0 -11"><span class='ocrx_word' id='word_1_221' title='bbox 403 1741 599 1784; x_wconf 87' lang='lat' dir='ltr'><strong>Generali</strong></span> <span class='ocrx_word' id='word_1_222' title='bbox 630 1746 747 1783; x_wconf 86' lang='lat' dir='ltr'><strong>sexto</strong></span> <span class='ocrx_word' id='word_1_223' title='bbox 778 1740 1015 1789; x_wconf 82' lang='lat' dir='ltr'><strong>adductum,</strong></span> <span class='ocrx_word' id='word_1_224' title='bbox 1047 1754 1191 1781; x_wconf 90' lang='lat' dir='ltr'><strong>verum</strong></span> <span class='ocrx_word' id='word_1_225' title='bbox 1227 1739 1348 1782; x_wconf 86' lang='lat' dir='ltr'><strong>etiam</strong></span> <span class='ocrx_word' id='word_1_226' title='bbox 1383 1739 1465 1782; x_wconf 91' lang='lat' dir='ltr'><strong>duo</strong></span> <span class='ocrx_word' id='word_1_227' title='bbox 1501 1739 1571 1781; x_wconf 84' lang='lat' dir='ltr'><strong>illa</strong></span> <span class='ocrx_word' id='word_1_228' title='bbox 1603 1738 1812 1781; x_wconf 83' lang='lat' dir='ltr'><strong>Jeremiae</strong></span> <span class='ocrx_word' id='word_1_229' title='bbox 1827 1753 1876 1794; x_wconf 79' lang='lat'><strong>25</strong></span> 
     </span>
     <span class='ocr_line' id='line_1_27' title="bbox 404 1795 1811 1854; baseline -0.002 -13"><span class='ocrx_word' id='word_1_230' title='bbox 404 1799 673 1841; x_wconf 86' lang='lat' dir='ltr'><strong>Patriarchae</strong></span> <span class='ocrx_word' id='word_1_231' title='bbox 701 1803 743 1840; x_wconf 89' lang='lat' dir='ltr'><strong>et</strong></span> <span class='ocrx_word' id='word_1_232' title='bbox 774 1797 907 1839; x_wconf 87' lang='lat' dir='ltr'><strong>Marci</strong></span> <span class='ocrx_word' id='word_1_233' title='bbox 936 1796 1129 1854; x_wconf 82' lang='lat' dir='ltr'><strong>Episcopi</strong></span> <span class='ocrx_word' id='word_1_234' title='bbox 1161 1797 1281 1839; x_wconf 89' lang='lat' dir='ltr'><strong>modo</strong></span> <span class='ocrx_word' id='word_1_235' title='bbox 1302 1803 1631 1840; x_wconf 85' lang='lat' dir='ltr'><strong>commemorata.</strong></span> <span class='ocrx_word' id='word_1_236' title='bbox 1694 1795 1811 1838; x_wconf 86' lang='lat' dir='ltr'><strong>Idem</strong></span> 
     </span>
     <span class='ocr_line' id='line_1_28' title="bbox 401 1853 1813 1913; baseline -0.002 -14"><span class='ocrx_word' id='word_1_237' title='bbox 401 1858 521 1899; x_wconf 82' lang='lat' dir='ltr'><strong>abest</strong></span> <span class='ocrx_word' id='word_1_238' title='bbox 549 1857 603 1899; x_wconf 87' lang='lat' dir='ltr'><strong>ab</strong></span> <span class='ocrx_word' id='word_1_239' title='bbox 624 1855 864 1913; x_wconf 86' lang='lat' dir='ltr'><strong>exemplari,</strong></span> <span class='ocrx_word' id='word_1_240' title='bbox 886 1855 998 1911; x_wconf 91' lang='lat' dir='ltr'><strong>quod</strong></span> <span class='ocrx_word' id='word_1_241' title='bbox 1028 1854 1094 1897; x_wconf 89' lang='lat' dir='ltr'><strong>hic</strong></span> <span class='ocrx_word' id='word_1_242' title='bbox 1123 1855 1235 1904; x_wconf 81' lang='lat' dir='ltr'><strong>sisto,</strong></span> <span class='ocrx_word' id='word_1_243' title='bbox 1259 1855 1431 1905; x_wconf 84' lang='lat' dir='ltr'><strong>Latino3</strong></span> <span class='ocrx_word' id='word_1_244' title='bbox 1463 1855 1536 1897; x_wconf 91' lang='lat' dir='ltr'><strong>sed</strong></span> <span class='ocrx_word' id='word_1_245' title='bbox 1565 1854 1608 1896; x_wconf 90' lang='lat' dir='ltr'><strong>in</strong></span> <span class='ocrx_word' id='word_1_246' title='bbox 1633 1869 1682 1896; x_wconf 87' lang='lat' dir='ltr'><strong>eo</strong></span> <span class='ocrx_word' id='word_1_247' title='bbox 1702 1853 1813 1896; x_wconf 90' lang='lat' dir='ltr'><strong>istud</strong></span> 
     </span>
     <span class='ocr_line' id='line_1_29' title="bbox 402 1912 1814 1971; baseline -0.002 -14"><span class='ocrx_word' id='word_1_248' title='bbox 402 1929 567 1971; x_wconf 89' lang='lat' dir='ltr'><strong>quoque</strong></span> <span class='ocrx_word' id='word_1_249' title='bbox 594 1914 854 1956; x_wconf 84' lang='lat' dir='ltr'><strong>desideratur</strong></span> <span class='ocrx_word' id='word_1_250' title='bbox 886 1914 1019 1955; x_wconf 83' lang='lat' dir='ltr'><strong>lucem</strong></span> <span class='ocrx_word' id='word_1_251' title='bbox 1045 1928 1096 1955; x_wconf 76' lang='lat' dir='ltr'><strong>ex</strong></span> <span class='ocrx_word' id='word_1_252' title='bbox 1127 1913 1228 1956; x_wconf 79' lang='lat' dir='ltr'><strong>luce.</strong></span> <span class='ocrx_word' id='word_1_253' title='bbox 1281 1914 1414 1955; x_wconf 86' lang='lat' dir='ltr'><strong>Voces</strong></span> <span class='ocrx_word' id='word_1_254' title='bbox 1443 1918 1580 1955; x_wconf 86' lang='lat' dir='ltr'><strong>autem</strong></span> <span class='ocrx_word' id='word_1_255' title='bbox 1603 1913 1741 1955; x_wconf 83' lang='lat' dir='ltr'><strong>Deum</strong></span> <span class='ocrx_word' id='word_1_256' title='bbox 1760 1912 1814 1954; x_wconf 83' lang='lat' dir='ltr'><strong>de</strong></span> 
     </span>
     <span class='ocr_line' id='line_1_30' title="bbox 403 1969 1813 2027; baseline -0.002 -13"><span class='ocrx_word' id='word_1_257' title='bbox 403 1974 493 2015; x_wconf 79' lang='lat' dir='ltr'><strong>Deo</strong></span> <span class='ocrx_word' id='word_1_258' title='bbox 513 1973 656 2014; x_wconf 85' lang='lat' dir='ltr'><strong>abesse</strong></span> <span class='ocrx_word' id='word_1_259' title='bbox 677 1972 731 2014; x_wconf 83' lang='lat' dir='ltr'><strong>ab</strong></span> <span class='ocrx_word' id='word_1_260' title='bbox 753 1970 940 2013; x_wconf 88' lang='lat' dir='ltr'><strong>omnibus</strong></span> <span class='ocrx_word' id='word_1_261' title='bbox 961 1970 1140 2027; x_wconf 87' lang='lat' dir='ltr'><strong>antiquis</strong></span> <span class='ocrx_word' id='word_1_262' title='bbox 1163 1970 1381 2013; x_wconf 84' lang='lat' dir='ltr'><strong>Codicibus</strong></span> <span class='ocrx_word' id='word_1_263' title='bbox 1401 1969 1614 2014; x_wconf 79' lang='lat' dir='ltr'><strong>versionis</strong></span> <span class='ocrx_word' id='word_1_264' title='bbox 1640 1969 1813 2012; x_wconf 84' lang='lat' dir='ltr'><strong>Latinae</strong></span> 
     </span>
     <span class='ocr_line' id='line_1_31' title="bbox 402 2026 1877 2085; baseline -0.002 -13"><span class='ocrx_word' id='word_1_265' title='bbox 402 2031 607 2072; x_wconf 88' lang='lat' dir='ltr'><strong>Actorum</strong></span> <span class='ocrx_word' id='word_1_266' title='bbox 640 2028 1048 2078; x_wconf 86' lang='lat' dir='ltr'><strong>Chalcedonensium‚</strong></span> <span class='ocrx_word' id='word_1_267' title='bbox 1070 2034 1246 2070; x_wconf 84' lang='lat' dir='ltr'><strong>testatus</strong></span> <span class='ocrx_word' id='word_1_268' title='bbox 1277 2034 1339 2071; x_wconf 87' lang='lat' dir='ltr'><strong>est</strong></span> <span class='ocrx_word' id='word_1_269' title='bbox 1371 2028 1517 2085; x_wconf 86' lang='lat' dir='ltr'><strong>Steph.</strong></span> <span class='ocrx_word' id='word_1_270' title='bbox 1546 2027 1739 2070; x_wconf 86' lang='lat' dir='ltr'><strong>Baluzius</strong></span> <span class='ocrx_word' id='word_1_271' title='bbox 1769 2026 1811 2069; x_wconf 91' lang='lat' dir='ltr'><strong>in</strong></span> <span class='ocrx_word' id='word_1_272' title='bbox 1825 2042 1877 2081; x_wconf 83' lang='lat'><strong>30</strong></span> 
     </span>
     <span class='ocr_line' id='line_1_32' title="bbox 404 2085 1811 2143; baseline -0.003 -13"><span class='ocrx_word' id='word_1_273' title='bbox 404 2088 523 2130; x_wconf 84' lang='lat' dir='ltr'><strong>Nova</strong></span> <span class='ocrx_word' id='word_1_274' title='bbox 546 2087 796 2130; x_wconf 87' lang='lat' dir='ltr'><strong>Collectionc</strong></span> <span class='ocrx_word' id='word_1_275' title='bbox 818 2085 1106 2134; x_wconf 88' lang='lat' dir='ltr'><strong>Conciliorum‚</strong></span> <span class='ocrx_word' id='word_1_276' title='bbox 1128 2100 1169 2143; x_wconf 92' lang='lat' dir='ltr'><strong>p.</strong></span> <span class='ocrx_word' id='word_1_277' title='bbox 1195 2099 1240 2128; x_wconf 84' lang='lat'><strong>12</strong></span> <span class='ocrx_word' id='word_1_278' title='bbox 1245 2087 1315 2143; x_wconf 87' lang='lat'><strong>56.</strong></span> <span class='ocrx_word' id='word_1_279' title='bbox 1371 2086 1456 2129; x_wconf 88' lang='lat' dir='ltr'><strong>Sed</strong></span> <span class='ocrx_word' id='word_1_280' title='bbox 1477 2086 1579 2128; x_wconf 84' lang='lat' dir='ltr'><strong>haec</strong></span> <span class='ocrx_word' id='word_1_281' title='bbox 1599 2085 1811 2128; x_wconf 79' lang='lat' dir='ltr'><strong>hactenus.</strong></span> 
     </span>
     <span class='ocr_line' id='line_1_33' title="bbox 410 2142 1812 2200; baseline -0.003 -12"><span class='ocrx_word' id='word_1_282' title='bbox 410 2146 466 2188; x_wconf 86' lang='lat' dir='ltr'><strong>Ut</strong></span> <span class='ocrx_word' id='word_1_283' title='bbox 486 2146 540 2188; x_wconf 84' lang='lat' dir='ltr'><strong>ad</strong></span> <span class='ocrx_word' id='word_1_284' title='bbox 561 2145 682 2187; x_wconf 83' lang='lat' dir='ltr'><strong>aliam</strong></span> <span class='ocrx_word' id='word_1_285' title='bbox 703 2151 747 2187; x_wconf 89' lang='lat' dir='ltr'><strong>ct</strong></span> <span class='ocrx_word' id='word_1_286' title='bbox 766 2144 970 2186; x_wconf 86' lang='lat' dir='ltr'><strong>diversam</strong></span> <span class='ocrx_word' id='word_1_287' title='bbox 991 2158 1079 2185; x_wconf 91' lang='lat' dir='ltr'><strong>rem</strong></span> <span class='ocrx_word' id='word_1_288' title='bbox 1102 2144 1179 2186; x_wconf 93' lang='lat' dir='ltr'><strong>hoc</strong></span> <span class='ocrx_word' id='word_1_289' title='bbox 1206 2143 1295 2186; x_wconf 91' lang='lat' dir='ltr'><strong>loco</strong></span> <span class='ocrx_word' id='word_1_290' title='bbox 1315 2150 1518 2193; x_wconf 83' lang='lat' dir='ltr'><strong>revertar,</strong></span> <span class='ocrx_word' id='word_1_291' title='bbox 1541 2142 1706 2200; x_wconf 86' lang='lat' dir='ltr'><strong>collegit</strong></span> <span class='ocrx_word' id='word_1_292' title='bbox 1736 2142 1812 2185; x_wconf 85' lang='lat' dir='ltr'><strong>sibi</strong></span> 
     </span>
     <span class='ocr_line' id='line_1_34' title="bbox 403 2200 1813 2268; baseline -0.003 -22"><span class='ocrx_word' id='word_1_293' title='bbox 403 2203 611 2261; x_wconf 83' lang='lat' dir='ltr'><strong>Rigaltius</strong></span> <span class='ocrx_word' id='word_1_294' title='bbox 633 2202 695 2244; x_wconf 89' lang='lat' dir='ltr'><strong>vol</strong></span> <span class='ocrx_word' id='word_1_295' title='bbox 715 2218 765 2245; x_wconf 87' lang='lat' dir='ltr'><strong>ex</strong></span> <span class='ocrx_word' id='word_1_296' title='bbox 788 2201 1021 2268; x_wconf 85' lang='lat' dir='ltr'><strong>disparibus</strong></span> <span class='ocrx_word' id='word_1_297' title='bbox 1051 2201 1129 2243; x_wconf 87' lang='lat' dir='ltr'><strong>illis</strong></span> <span class='ocrx_word' id='word_1_298' title='bbox 1156 2201 1265 2244; x_wconf 90' lang='lat' dir='ltr'><strong>inter</strong></span> <span class='ocrx_word' id='word_1_299' title='bbox 1293 2216 1336 2244; x_wconf 84' lang='lat' dir='ltr'><strong>se</strong></span> <span class='ocrx_word' id='word_1_300' title='bbox 1364 2200 1684 2251; x_wconf 81' lang='lat' dir='ltr'><strong>narrationibus,</strong></span> <span class='ocrx_word' id='word_1_301' title='bbox 1706 2214 1813 2257; x_wconf 85' lang='lat' dir='ltr'><strong>quae</strong></span> 
     </span>
     <span class='ocr_line' id='line_1_35' title="bbox 402 2258 1814 2316; baseline -0.003 -12"><span class='ocrx_word' id='word_1_302' title='bbox 402 2262 456 2304; x_wconf 88' lang='lat' dir='ltr'><strong>dc</strong></span> <span class='ocrx_word' id='word_1_303' title='bbox 479 2260 689 2303; x_wconf 81' lang='lat' dir='ltr'><strong>Marcione</strong></span> <span class='ocrx_word' id='word_1_304' title='bbox 709 2260 751 2302; x_wconf 90' lang='lat' dir='ltr'><strong>in</strong></span> <span class='ocrx_word' id='word_1_305' title='bbox 773 2260 886 2302; x_wconf 81' lang='lat' dir='ltr'><strong>libris</strong></span> <span class='ocrx_word' id='word_1_306' title='bbox 907 2274 1033 2316; x_wconf 85' lang='lat' dir='ltr'><strong>supra</strong></span> <span class='ocrx_word' id='word_1_307' title='bbox 1048 2259 1253 2301; x_wconf 85' lang='lat' dir='ltr'><strong>collocatis</strong></span> <span class='ocrx_word' id='word_1_308' title='bbox 1276 2259 1327 2302; x_wconf 91' lang='lat' dir='ltr'><strong>de</strong></span> <span class='ocrx_word' id='word_1_309' title='bbox 1349 2258 1679 2316; x_wconf 85' lang='lat' dir='ltr'><strong>Praescriptione</strong></span> <span class='ocrx_word' id='word_1_310' title='bbox 1701 2258 1814 2300; x_wconf 86' lang='lat' dir='ltr'><strong>Hae-</strong></span> 
     </span>
     <span class='ocr_line' id='line_1_36' title="bbox 403 2315 1876 2373; baseline -0.002 -12"><span class='ocrx_word' id='word_1_311' title='bbox 403 2319 625 2362; x_wconf 87' lang='lat' dir='ltr'><strong>reticorum</strong></span> <span class='ocrx_word' id='word_1_312' title='bbox 655 2323 699 2360; x_wconf 87' lang='lat' dir='ltr'><strong>ct</strong></span> <span class='ocrx_word' id='word_1_313' title='bbox 727 2324 874 2360; x_wconf 81' lang='lat' dir='ltr'><strong>contra</strong></span> <span class='ocrx_word' id='word_1_314' title='bbox 904 2316 1122 2359; x_wconf 85' lang='lat' dir='ltr'><strong>Hereticos</strong></span> <span class='ocrx_word' id='word_1_315' title='bbox 1152 2324 1405 2373; x_wconf 79' lang='lat' dir='ltr'><strong>comparent,</strong></span> <span class='ocrx_word' id='word_1_316' title='bbox 1436 2318 1593 2360; x_wconf 85' lang='lat' dir='ltr'><strong>huncce</strong></span> <span class='ocrx_word' id='word_1_317' title='bbox 1629 2315 1809 2359; x_wconf 86' lang='lat' dir='ltr'><strong>libellum</strong></span> <span class='ocrx_word' id='word_1_318' title='bbox 1824 2328 1876 2369; x_wconf 83' lang='lat'><strong>35</strong></span> 
     </span>
     <span class='ocr_line' id='line_1_37' title="bbox 402 2374 1305 2420; baseline -0.001 -1"><span class='ocrx_word' id='word_1_319' title='bbox 402 2382 549 2420; x_wconf 83' lang='lat' dir='ltr'><strong>contra</strong></span> <span class='ocrx_word' id='word_1_320' title='bbox 571 2376 814 2419; x_wconf 76' lang='lat' dir='ltr'><strong>Hacroticos</strong></span> <span class='ocrx_word' id='word_1_321' title='bbox 833 2389 915 2418; x_wconf 91' lang='lat' dir='ltr'><strong>non</strong></span> <span class='ocrx_word' id='word_1_322' title='bbox 939 2389 1027 2418; x_wconf 84' lang='lat' dir='ltr'><strong>esse</strong></span> <span class='ocrx_word' id='word_1_323' title='bbox 1048 2374 1305 2418; x_wconf 81' lang='lat' dir='ltr'><strong>Tcrtulliani.</strong></span> 
     </span>
    </p>
   </div>
  </div>
 </body>
</html>
