1988 3216
660 238 737 280 AD
772 235 1206 279 PHILIPPENSES.
1579 234 1633 274 15

228 367 314 401 τας
349 344 613 410 ἐλεήμονες,
654 343 1018 416 ἐπιστρέφοντες
1055 343 1141 396 ’τὰ
1179 342 1632 407 ἁποπεπλανημένα,

227 428 613 495 ἐπισκεπτόμενοι
649 429 832 485 πάντας
863 431 1092 492 ἀσθενεῖς,
1125 427 1192 494 μὴ
1228 430 1513 492 ἀμελοῦντες
1544 425 1632 496 χή-

228 536 332 581 ρας,
373 511 402 579 ἦ
441 515 673 582 ὀρφανοῦ,
713 513 744 579 ἢ
781 514 996 580 πένητος·
1045 513 1179 565 ἀλλὰ
1216 517 1529 580 προνοοῦντες
1568 513 1635 562 ἀεὶ
1649 531 1746 592 Rfm.
1767 530 1822 560 xii.

229 603 314 650 τοῦ
352 604 505 650 καλοῦ
541 598 740 651 ἐνώπιον
767 602 894 651 Θεοῦ
932 599 1009 650 καὶ
1046 596 1328 666 ἀνθρώπων,
1358 595 1636 666 ἀπεχόμενοι
1654 585 1701 615 ¹‘'

191 681 393 748 5πάσης
430 685 598 751 ὀργῆς,
626 684 1068 754 προσωποληψίας,
1098 683 1298 751 κρίσεως
1322 682 1501 734 ἀδίκου·
1543 705 1635 747 μα-

229 767 349 836 κρὰν
381 767 512 823 ὄντες
545 766 710 833 πάσης
745 769 1084 839 φιλαργυρίας·
1125 766 1191 832 μὴ
1225 766 1406 836 ταχέως
1440 766 1636 820 πιστεύ-

230 874 360 907 οντες
393 851 514 905 κατά
546 873 689 909 τινος·
731 852 798 918 μὴ
823 852 1055 918 ἀπότομοι
1088 854 1137 904 ἐν
1162 854 1331 920 κρίσει,
1361 850 1531 907 εἰδότες
1569 851 1639 904 ὅτι

229 935 402 992 πάντες
437 937 674 1007 ὀφειλέται
711 937 856 1003 ἐσμὲν
894 938 1143 1006 ἁμαρτίας.

229 1029 314 1074 τοῦ
344 1023 540 1090 Κυρίου,
568 1023 645 1074 ἵνα
670 1023 781 1087 ἡμῖν
810 1024 930 1092 ἀφῇ,
961 1023 1217 1093 ὀφείλομεν
1250 1024 1326 1074 καὶ
1362 1023 1491 1087 ἡμεῖς
1524 1023 1638 1092 ἀφι-

171 1134 218 1159 10
230 1129 340 1159 evou
408 1107 663 1160 Ἀπέναντι
689 1108 785 1175 γὰρ
812 1112 907 1160 τῶν
932 1114 1017 1160 τοῦ
1044 1109 1223 1176 Κυρίου
1247 1131 1323 1160 και
1347 1109 1521 1160 Θεοῦ’
1497 1130 1642 1172 εσμεν

1227 941 1286 990 Εῑ
1325 938 1409 989 οὖν
1447 936 1641 1003 δεόμεθα

231 1194 519 1263 ὀφθαλμῶν,
561 1194 637 1244 καὶ
676 1192 859 1248 πάντας
898 1195 967 1245 δεῖ
1005 1196 1311 1260 παραστῆναι
1353 1196 1418 1264 τῷ
1462 1193 1750 1259 βήματιιῑοω.
1771 1212 1836 1244 xiv.

231 1283 315 1330 τοῦ
342 1281 575 1345 Χριστοῦ,
603 1281 678 1329 καὶ
710 1278 916 1329 ἕκαστον
943 1278 1060 1345 ὑπερ
1084 1279 1252 1330 ἑαυτοῦ
1281 1277 1433 1345 λόγον
1459 1281 1636 1330 δοῦναι.
1654 1266 1758 1333 ιἰοκ»τ
1773 1257 1848 1288 eor.

232 1363 403 1418 Οὕτως
437 1362 520 1414 οὖν
546 1361 881 1426 δουλεύσωμεν
914 1364 1043 1432 αὐτῷ
1076 1363 1196 1427 μετὰ
1231 1363 1392 1433 φόβου
1430 1366 1505 1415 καὶ
1544 1362 1637 1415 πά-

232 1470 326 1513 σης
362 1447 627 1509 εὐλαβείας,
668 1445 823 1502 καθὼς·
861 1446 1004 1502 αὐτὸς
1047 1448 1325 1512 ἐνετείλατο,
1367 1450 1443 1500 καὶ
1484 1452 1525 1500 οὶ
1564 1450 1639 1500 εὑ-

171 1560 188 1585 ι
197 1557 219 1596 5
232 1530 605 1599 αγγελισάμενοι
632 1530 787 1596 ὺὴμᾶς
821 1532 1110 1596 ἀπόστολοι,
1139 1535 1215 1585 καὶ
1251 1536 1291 1584 οἱ
1327 1535 1572 1603 προφῆται
1599 1536 1858 1594 oZAct.vii.52.

234 1615 622 1686 προκηρύξαντες
645 1614 732 1681 τὴν
755 1616 946 1669 ἕλευσιν
970 1623 1055 1670 τοῦ
1084 1618 1264 1685 Κυρίου
1290 1619 1440 1683 ἡμῶν·
1485 1617 1639 1685 ζηλω-

232 1705 308 1756 ταὶ
345 1705 451 1770 περὶ
488 1700 544 1754 τὸ
582 1701 749 1764 καλὸν,
784 1700 1063 1771 ἀπεχόμενοι
1101 1707 1198 1755 τῶν
1236 1703 1528 1756 σκανδάλων
1565 1706 1642 1755 καὶ

231 1792 328 1840 τῶν
365 1786 730 1858 ψευδαδέλφων,
772 1788 848 1838 καὶ
892 1791 1004 1839 τῶν’
1026 1789 1075 1838 ἐν
1117 1789 1360 1856 ὑποκρίσει
1400 1789 1642 1858 φερόντων

233 1942 322 1988 sint,
354 1941 393 1979 in
425 1941 602 1980 omnibus
635 1942 909 1988 misericordes,

234 2008 366 2034 omnes
398 1996 447 2033 ab
477 2009 605 2034 errore
633 2001 910 2042 convertentes,

234 2062 366 2088 omnes
398 2049 571 2088 infirmos
601 2050 827 2097 visitantem
856 2050 911 2087 vi-

234 2104 328 2142 duas
340 2108 380 2142 et
398 2104 565 2155 pupillos
580 2109 619 2142 et
633 2117 820 2155 pauperes
834 2117 910 2142 non

236 2157 497 2209 negligentes:
527 2157 594 2196 sed
623 2171 775 2208 semper
803 2165 911 2208 cpro·

235 2211 403 2250 videntes
421 2211 521 2250 bom
535 2224 663 2250 coram
684 2212 767 2250 Deo
787 2216 826 2250 et
845 2213 911 2251 ho-

235 2265 412 2304 minibus.
453 2264 658 2305 Abstinete
677 2279 745 2304 vos
763 2266 812 2304 ab
831 2279 911 2304 om-

235 2319 275 2358 ni
303 2319 510 2367 iracundia,
534 2333 558 2358 a
576 2320 723 2371 judicio
742 2320 885 2371 injusto
903 2335 910 2358 ε

234 2374 348 2425 longe
375 2374 424 2412 ab
449 2374 554 2412 omni
587 2374 749 2414 avaritia
776 2380 909 2413 estote.

236 2427 328 2467 Non
356 2428 433 2467 cito
458 2428 705 2468 consentiatis
729 2429 912 2467 adversus

231 2482 414 2533 aliquem,
447 2495 495 2521 ne
524 2483 839 2534 praevaricemini
871 2483 911 2521 in

230 2536 398 2587 judicio:
436 2536 608 2584 scientes,
641 2537 732 2588 quia
764 2537 912 2576 debito-

236 2603 297 2629 res
315 2603 447 2628 sumus
466 2591 622 2640 peccati.
676 2591 716 2630 Si
737 2605 829 2642 ergo
848 2592 912 2630 de-

237 2657 437 2695 precamur
470 2644 692 2692 Dominum,
726 2650 771 2683 ut
803 2645 913 2683 nobis

966 1941 1149 1989 dimittat,
1183 1940 1391 1981 ddebemus
1424 1943 1539 1981 etiam
1574 1957 1643 1981 uos

967 1996 1172 2034 dimittere.
1238 1996 1344 2035 Ante
1395 2002 1642 2048 conspectum

967 2050 1069 2088 enim
1089 2050 1286 2088 oculorum
1306 2051 1464 2089 Domini
1484 2065 1615 2089 sumus
1632 2066 1642 2098 ;
1663 2072 1669 2077 ·

967 2109 1006 2142 et
1040 2112 1192 2142 θοσηηοε
1224 2112 1365 2155 oportet
1395 2112 1522 2143 astare
1555 2112 1644 2144 ame

967 2158 1144 2196 tribunal
1162 2158 1319 2206 Christi,
1336 2164 1375 2198 et
1389 2173 1643 2211 unumquem-

967 2225 1041 2263 que
1073 2226 1144 2263 pro
1178 2226 1218 2252 se
1250 2213 1439 2252 rationem
1472 2214 1640 2252 reddere.

968 2266 1031 2305 Sic
1060 2280 1152 2318 ergo
1180 2267 1390 2306 serviamus
1416 2268 1451 2306 ei
1480 2281 1567 2306 cum
1595 2268 1644 2307 ti—

968 2334 1085 2368 more,
1120 2327 1159 2360 et
1192 2322 1297 2360 omni
1330 2322 1554 2370 reverentia,
1587 2336 1644 2361 se-

968 2375 1136 2413 cundum
1154 2376 1258 2427 quod
1287 2376 1644 2427 evangelizaverunt

968 2429 1078 2468 nobis
1106 2430 1269 2481 apostoli
1299 2431 1469 2478 Domini,
1490 2436 1529 2470 et
1557 2445 1644 2482 pro-

967 2483 1106 2534 phetae
1143 2485 1472 2524 annunciaverunt
1504 2485 1645 2523 adven-

967 2543 1053 2576 tum
1065 2538 1223 2576 Domini
1236 2539 1358 2578 nostri
1369 2539 1395 2577 J
1398 2553 1464 2577 esu
1471 2539 1616 2578 Christi
1634 2554 1643 2586 ;

968 2592 1135 2631 zelantes
1162 2593 1262 2631 bona
1278 2607 1288 2640 ;
1316 2593 1555 2632 abstinentes
1578 2607 1646 2632 vos

968 2659 990 2683 a
1023 2646 1220 2694 scandalis,
1250 2652 1289 2685 et
1321 2647 1425 2685 falsis
1453 2647 1645 2695 fratribus,

803 2759 855 2790 Ex
870 2758 990 2790 Smithi
1005 2759 1081 2791 edit.

282 2830 297 2846 ⁸
313 2825 405 2857 Fors.
424 2825 498 2858 τοὺς
514 2825 836 2863 ἆποπεπλανημένους
850 2825 875 2856 J
877 2825 985 2856 unius.

239 2867 254 2891 ‘²
270 2867 356 2900 Mat.
375 2869 419 2901 vi.
440 2879 488 2901 12.

1130 2824 1145 2846 ¹²
1160 2824 1243 2863 ἡμῖν.
1374 2834 1387 2848 ‘'
1403 2827 1501 2859 Rom.
1522 2828 1576 2859 xii.
1599 2837 1646 2868 17.

603 2874 615 2889 ⁸
631 2868 729 2900 Rom.
749 2869 814 2900 xiv.
836 2879 883 2901 10.
911 2878 927 2900 2
945 2869 1020 2900 Cor.
1036 2879 1066 2900 v.
1087 2879 1134 2901 ro.
