1988 3216
600 266 681 308 AD
714 265 1148 308 PHILIPPENSES
1522 262 1578 304 17

176 374 280 427 ἐστι
301 371 519 442 Χριστὸς
536 373 797 440 Ἰησοῦς·ι
812 397 864 429 ος
888 371 1142 439 ἀνήνεγκεν
1162 371 1297 436 ἡμῶν
1317 369 1404 426 τὰς
1421 372 1576 437 ἁμαρ·
1596 385 1687 416 1Pet
1699 383 1731 414 ii
1746 392 1795 421 24,

179 460 319 515 ‘rasas
343 482 411 530 τῳ
390 459 531 530 ἰδίῳ
551 458 743 525 σώματι
767 460 843 511 ἐπὶ
861 456 917 511 τὸ
942 455 1114 526 ξύλον·
1159 456 1210 512 ὃς
1234 455 1470 523 ἁμαρτίαν
1496 438 1632 506 οὐκ22

179 546 456 610 ιε’ποιησεν,
486 511 591 597 άὺδὲ
618 544 782 613 εὑρέθη
817 542 1008 600 δόλος’
984 565 1034 595 εν
1066 545 1136 614 τῷ
1161 540 1367 607 στόματι
1399 541 1580 593 αὐτοῦ’

178 627 314 680 ἀλλὰ
353 629 410 681 δι’
448 629 590 694 ἡμᾶς,
631 628 709 681 ἵνα
754 627 972 696 ζήσωμεν
1014 628 1063 680 ἐν
1100 627 1246 697 αὐτῷ,
1272 623 1432 678 πάντα
1469 624 1579 677 ὑπέ-

143 729 166 767 5
177 736 317 779 μεινε.
399 717 619 779 Μιμηταὶ
655 714 739 766 οὖν
763 712 1006 780 γενώμεθα
1041 715 1126 778 τῆς
1151 713 1393 777 ὑπομονῆς
1417 710 1580 762 αὑτοῦ·

179 802 257 852 καὶ
291 798 373 851 ἐὰν
408 797 675 869 πάσχωμεν
712 797 789 850 διὰ
826 796 883 851 τὸ
920 797 1071 864 ὄνομα
1107 798 1270 860 αὐτοῦ,
1311 793 1586 864 δοξάζωμεν

179 882 340 938 αὐτόν·
390 890 561 938 τοῦτον
598 882 694 952 γὰρ
730 884 842 949 ἡμῖν
878 882 963 935 τὸν
1001 881 1319 950 ὑπογραμμὸν
1354 879 1488 946 ἔθηκε
1525 879 1582 932 δι’
1602 891 1798 924 1Pet-ii-21·

178 970 362 1034 ἑαυτοῦ,
390 971 467 1022 καὶ
489 969 618 1034 ἡμεῖς
643 974 784 1021 τοῦτο
804 968 922 1042 [fors.
937 966 1092 1039 τούτῳ
1107 977 1246 1018 ΒιηὶιῘι.
1267 982 1300 1015 ec
1319 966 1582 1040 kalaaul]

179 1051 544 1118 ἐπιστεύσαμεν.

122 1159 169 1185 ιο
255 1134 314 1190 θ’.
365 1143 384 1164 “
402 1139 683 1204 Παρακαλῶ
722 1137 806 1189 οὖν
843 1136 1028 1193 πάντας
1067 1138 1187 1201 ὑμᾶς
1214 1139 1483 1205 πειθαρχεῖν
1519 1137 1588 1205 τῷ

182 1221 318 1293 λόγῳ
351 1224 436 1286 τῆς
467 1219 785 1287 δικαιοσύνης,
810 1224 889 1275 καὶ
925 1224 1091 1274 ἀσκεῖν
1125 1226 1293 1274 πᾶσαν
1329 1220 1587 1287 ὑπομονὴν,

183 1305 277 1372 ι’ἢν
302 1308 379 1358 καὶ
417 1306 533 1359 ἴδετε
570 1306 670 1358 κατ’
699 1306 1000 1377 ὀφθαλμους,
1030 1308 1085 1359 οὐ
1118 1306 1267 1370 μόνον
1291 1329 1340 1358 εν
1363 1311 1461 1362 τοῖς
1497 1329 1589 1371 μα-

182 1391 359 1460 καρίοις
395 1390 615 1462 Ἰγνατιῳ
653 1393 730 1444 καὶ
759 1392 972 1463 Ζωσίμω
1002 1393 1079 1443 καὶ
1103 1389 1316 1462 Ῥούφῳ,
1344 1389 1479 1444 ἀλλὰ
1512 1391 1589 1443 καὶ

182 1477 231 1528 ἐν
267 1475 441 1533 αλλοις
483 1480 582 1532 τοῖς
617 1474 676 1544 ἐξ
713 1478 858 1542 ὑμῶν,
897 1478 974 1528 καὶ
1015 1499 1065 1528 εν
1102 1477 1231 1546 αὐτῷ
1272 1475 1477 1547 Παύλω,
1514 1477 1591 1528 καὶ

123 1585 170 1624 15
182 1585 280 1618 τοις
317 1565 502 1617 λοιποῖς
537 1559 880 1618 Ἀποστόλοις·
948 1560 1316 1626 οπεπεισμένους·
1354 1561 1426 1614 ὅτι
1464 1585 1592 1614 ουτοι

181 1645 356 1703 πάντες
380 1648 465 1699 οὐκ
494 1649 558 1703 εἰς
587 1669 723 1700 κενον
745 1645 970 1715 ἔδραμον,
997 1645 1113 1698 ἀλλ’
1139 1647 1189 1698 ἐν
1213 1647 1371 1700 πίστει
1407 1648 1484 1698 καὶ
1519 1649 1588 1698 δι·
1604 1662 1691 1738 {131
1699 1661 1740 1737 iiii
1754 1660 1806 1736 ζό.

184 1732 427 1801 καιοσύνῃ·
467 1734 544 1784 καὶ
579 1731 650 1785 ὅτι
684 1735 748 1788 εἰς
779 1755 865 1785 τον
902 1730 1214 1803 ὀφειλόμενον
1247 1733 1406 1788 αὐτοῖς
1443 1733 1593 1786 τόπον

184 1819 277 1871 εἶσὶ
303 1816 322 1846 ‘¹
337 1816 469 1885 παρὰ
493 1818 562 1888 τῷ
591 1817 767 1889 Κυρίῳ,
794 1814 833 1889 ᾦ
858 1820 936 1870 καὶ
962 1817 1250 1870 συνέπαθον·
1307 1820 1363 1870 οὐ
1388 1817 1484 1887 γὰρ
1508 1817 1594 1872 τὸν

184 1976 210 2016 J
212 1989 298 2016 esus
303 1975 480 2016 Christus
491 1990 498 2014 z
512 1983 529 2004 e
535 1976 604 2026 qui
613 1976 861 2027 mtumpec-

186 2037 274 2070 cata
291 2037 426 2070 mewa
444 2030 489 2069 in
501 2044 653 2081 corpore
664 2044 734 2069 ouo
747 2044 862 2081 super

186 2085 339 2135 liquam
353 2100 365 2123 :
394 2085 465 2135 qm·
488 2091 685 2135 peccabam
702 2097 784 2123 non
798 2084 862 2134 fh-

186 2139 248 2187 eit,
259 2152 328 2178 noc
344 2139 525 2177 iuvemus
543 2145 595 2178 est
613 2138 725 2177 dolus
741 2139 788 2177 im
800 2151 864 2177 ore

187 2193 270 2244 ‹37⁸qu
279 2208 297 2239 ‚·
334 2191 423 2231 ‘sed
451 2197 611 2243 propter
637 2205 707 2231 nos
736 2193 865 2231 omnia

187 2246 382 2294 sustinuit,
415 2251 462 2285 ut
488 2247 664 2285 vivamus
693 2246 734 2284 in
766 2247 860 2298 ipso.

188 2301 410 2340 Imitatores
433 2314 524 2352 ergo
544 2300 752 2340 efficiamur
769 2301 864 2340 tole-

187 2355 334 2394 rantiae
361 2355 470 2406 ejus3
498 2359 538 2394 et
565 2355 598 2393 si
626 2355 727 2406 passi
750 2355 865 2394 fueri-

187 2422 274 2448 mus
305 2422 377 2461 pro
409 2409 565 2448 nomine
597 2410 690 2461 ejus,
720 2409 863 2461 glorifi—

186 2476 317 2502 cemus
346 2477 445 2502 eum.
504 2463 592 2502 Hoc
621 2464 725 2503 enim
754 2464 865 2503 nobis

186 2517 372 2556 indicium
398 2518 529 2569 posuit
556 2518 632 2557 &de
650 2518 802 2570 seips0;
826 2523 865 2558 et

187 2585 257 2611 nos
275 2571 348 2610 hoc
366 2572 608 2611 credidimus.

971 1976 1042 2014 IX.
1075 1976 1185 2028 Rogo
1213 1976 1333 2028 igitur
1361 1990 1429 2015 vos
1461 1989 1594 2015 omnes

916 2030 1092 2069 insistere
1110 2031 1228 2069 verbo
1251 2030 1415 2082 justitiae
1434 2035 1474 2068 et
1496 2030 1594 2082 pati-

917 2085 1042 2132 entiae,
1061 2098 1177 2136 quam
1205 2090 1246 2124 et
1273 2084 1424 2124 oculata
1445 2084 1521 2123 fide
1539 2084 1595 2123 vi-

917 2139 1039 2186 distis,
1059 2152 1137 2177 non
1155 2138 1282 2177 solum
1299 2139 1340 2176 in
1365 2138 1597 2178 beatissimis

918 2192 995 2231 illis
1015 2192 1170 2244 Ignatio
1189 2198 1229 2232 et
1246 2191 1266 2220 ¹¹
1278 2193 1434 2232 Zosimo
1459 2198 1498 2231 et
1517 2193 1596 2231 Ru-

919 2246 958 2285 fo
975 2261 987 2295 3
1015 2247 1082 2286 sed
1101 2252 1140 2286 et
1159 2248 1199 2285 in
1225 2247 1309 2285 aliis
1328 2247 1394 2298 qui
1420 2261 1469 2286 ex
1487 2248 1597 2286 vobis

919 2306 1020 2349 sunt,
1041 2306 1080 2340 et
1108 2301 1148 2339 in
1175 2301 1260 2353 ipso
1280 2301 1410 2349 Paulo,
1430 2307 1470 2340 et
1497 2306 1596 2340 cete-

918 2355 972 2393 ris
991 2355 1192 2406 Apostolis
1212 2371 1219 2394 :
1249 2356 1484 2394 confidentes
1506 2356 1597 2407 quia

918 2409 959 2448 hi
978 2423 1110 2448 omnes
1129 2423 1206 2449 non
1225 2410 1266 2448 in
1279 2423 1443 2449 vacuum
1462 2423 1595 2449 cucur-

919 2469 1064 2512 rerunt,
1084 2465 1151 2503 sed
1179 2464 1219 2503 in
1247 2465 1322 2503 fide
1350 2470 1390 2504 et
1411 2464 1595 2516 justitium

920 2523 960 2557 et
996 2519 1046 2556 ad
1077 2519 1251 2558 debitum
1283 2519 1357 2557 sibi
1390 2519 1517 2557 locum
1548 2517 1595 2556 ia

921 2572 1101 2620 Domino,
1121 2573 1182 2611 cui
1211 2578 1250 2612 et
1277 2573 1464 2623 compassi
1492 2577 1594 2620 sunt,

748 2675 802 2707 Ex
816 2675 937 2708 Smithi
953 2675 1031 2708 edit.

233 2748 251 2767 α
267 2740 505 2774 Producuntur
519 2741 584 2772 ista
598 2740 641 2772 ab
657 2740 812 2779 Eusebio,
830 2740 888 2773 lib.
897 2748 951 2773 111.
960 2740 1052 2773 Eiet.
1066 2740 1257 2773 Eoolesiast.
1271 2753 1308 2772 κε

832 2789 849 2808 0
860 2784 918 2816 Al.
929 2782 1144 2822 πεπεισμένα.

542 2827 622 2869 [Sed
637 2827 714 2860 vide
729 2827 870 2870 notam]

188 2783 228 2821 ἣν
238 2783 291 2816 καὶ
301 2785 413 2816 εἴδετε.
443 2784 566 2815 Euseb.
579 2783 619 2821 ἣν
630 2785 741 2816 εἴδετε.

188 2827 285 2913 2222
296 2827 494 2913 samt-

190 2914 284 2947 Dom.
299 2914 359 2957 [sic
372 2915 433 2947 Ed.
447 2914 627 2957 princeps]

537 2869 556 2894 h
568 2871 648 2903 vid.
658 2871 881 2914 Martyrolog.
890 2871 1081 2904 Romanum
1093 2871 1136 2903 ad
1149 2879 1242 2903 xvm
1255 2871 1336 2903 Dee.

1309 2747 1344 2781 φ.
1356 2740 1418 2774 λς’.
1481 2741 1499 2765 b
1514 2741 1590 2774 MS.

1233 2783 1252 2809 (ἲ
1268 2784 1368 2816 Adde
1379 2783 1593 2825 πορευόμενοι,

1336 2827 1350 2852 f
1367 2839 1379 2861 1
1393 2828 1467 2861 Pet.
1485 2829 1518 2860 ii.
1539 2838 1591 2861 η.

1429 2871 1508 2905 iAl.
1521 2882 1594 2906 cum

972 2833 989 2852 θ
1009 2837 1022 2859 1
1035 2827 1110 2860 Pet.
1128 2828 1161 2859 ii.
1179 2837 1230 2868 ²4·
