2034 3204
732 509 1184 576 CANONES

461 660 723 704 CONCILII
757 660 1386 704 CONSTANTINOPOLITA
1395 660 1457 701 NI

783 740 1131 784 GENERALIS.

258 975 448 1027 Κανόνες·
477 980 563 1024 τῶν
593 978 749 1024 ἕκατον
780 979 1051 1031 πεντήκοντα
1081 976 1220 1037 α’γῖων
1254 975 1467 1039 Πατέρων
1499 976 1584 1020 τῶν
1616 973 1657 1018 ἐν

216 1065 240 1104 5
551 1054 1021 1101 Κωνσταντινουπόλει
1046 1054 1355 1100 συνελθόντων.

255 1141 408 1173 Canones
438 1144 628 1174 sanctorum
658 1145 794 1174 centum
825 1142 1071 1184 quinquaginta
1101 1142 1252 1177 Patrum,
1282 1141 1340 1183 qui
1367 1137 1658 1180 Constantinopoli

835 1200 1073 1228 convenerunt.

493 1274 672 1325 Epistola
689 1274 841 1324 Sy‘rwdi
860 1274 916 1312 ad
931 1274 1183 1313 Theodosium
1204 1274 1253 1311 M
1252 1286 1409 1323 aqnum

328 1358 742 1426 Προσφωνητικος
786 1362 872 1425 τῆς
917 1361 1062 1425 αὐτῆς
1101 1360 1240 1426 ἁγίας
1286 1356 1497 1411 Συνόδου
1536 1379 1659 1423 προς·

192 1470 241 1496 10
253 1467 337 1496 τον
368 1443 725 1506 εὐλαβέστατον
756 1444 972 1497 Βασιλέα
1002 1444 1268 1498 Θεοδόσιον
1300 1468 1385 1496 τον
1418 1442 1589 1510 μέγαν,
1618 1439 1657 1512 ᾧ

253 1527 494 1598 ὑπέταξαν
517 1527 627 1585 τοὺς
650 1530 762 1598 παρ’
790 1531 946 1582 αὐτῶν
970 1530 1235 1586 ἐκτεθέντας
1261 1528 1476 1584 κανόνας.

307 1637 491 1688 Ejusdem
519 1637 640 1676 sancti
660 1638 822 1676 Concilii
851 1639 899 1677 ad
927 1639 1143 1690 piissimum
1173 1639 1453 1689 Imperatorem
1482 1638 1656 1675 Theodo-

250 1701 351 1740 sium
379 1702 567 1754 Magnum
596 1705 884 1756 nuncupatoria,
915 1705 976 1743 cui
1004 1706 1264 1756 adjunxerunt
1289 1718 1312 1742 a
1336 1717 1377 1742 se
1400 1709 1566 1742 statutos
1597 1717 1657 1741 ca-

251 1780 380 1806 nones.

192 1889 239 1928 15
254 1876 333 1936 Τῷ
366 1877 678 1938 εὗσεβεστᾶτῳ
703 1879 894 1925 Βασιλεῖ
919 1878 1141 1938 Θεοδοσῖῳ
1170 1881 1192 1932 ἧ
1221 1879 1330 1939 άγιά
1357 1878 1542 1928 Σύνοδος
1569 1882 1655 1925 τῶν

315 1955 604 2002 Ἐπισ-κόπων
627 1961 713 2004 τῶν
732 1958 776 2003 ἐκ
801 1957 1024 2021 διαφόρων
1047 1959 1270 2020 ἐπαρχιῶν
1294 1957 1590 2004 συνελθόντων
1614 1958 1656 2002 ἐν

320 2032 805 2082 Κωνσταντινουπόλει.

254 2109 479 2186 ΑΡΧΗ
503 2131 588 2199 μὲν
614 2134 723 2199 ἡμῖν
747 2141 832 2187 τοῦ
855 2133 977 2204 πρὸς
1001 2133 1088 2200 τὴν
1114 2132 1210 2200 σὴν
1228 2133 1472 2197 εὐσέβειαν
1496 2134 1653 2204 γράμ-

250 2241 418 2284 ματος,
458 2219 734 2289 εὐχαριστία
769 2219 891 2288 πρὸς
930 2219 1013 2272 τὸν
1051 2219 1178 2272 Θεὸν
1215 2219 1300 2273 τὸν
1339 2218 1656 2289 ἀναδείξαντα

189 2330 240 2355 20
252 2306 337 2370 τῆς
362 2302 582 2373 ὑμετέρας·
610 2305 851 2368 εὐσεβείας
879 2303 966 2370 τὴν
989 2306 1264 2370 βασιλείαν,
1291 2307 1366 2358 ἐπὶ
1401 2311 1533 2375 κοινῇ
1558 2310 1655 2358 τῶν

250 2388 558 2455 Ἐκκλησ-ιῶν
577 2388 734 2459 εἰρήνῃ
760 2392 837 2442 καὶ
861 2393 946 2456 τῆς
970 2392 1130 2457 ὑγιοῦς
1152 2391 1359 2447 πίστεως
1385 2394 1652 2462 στηριγμῷ·

250 2472 550 2530 ἀποδιδόντες
591 2474 641 2527 δὲ
677 2477 746 2545 τῷ
787 2478 896 2546 Θεῷ
935 2473 1023 2540 τὴν
1067 2476 1383 2545 ὀφειλομένην
1426 2478 1650 2546 εὐχαρισ-

196 2646 201 2651 .
252 2619 406 2651 Piissimo
418 2619 619 2662 Imperatori
628 2621 821 2662 Theodosio,
834 2634 925 2655 sanc-
980 2622 1130 2671 {gamus
1146 2609 1240 2657 Deo
1256 2623 1321 2660 qm
1336 2616 1485 2649 vegtme
1500 2612 1654 2662 P¹et³tls

295 2666 369 2695 tum
392 2664 576 2696 Concilium
599 2665 848 2708 Episcoporum,
868 2667 926 2709 qui
981 2662 1185 2712 imperium
1223 2665 1422 2702 constituit
1463 2666 1511 2703 ad
1553 2679 1655 2704 com-

295 2707 491 2782 Oxudwerssifl
505 2709 682 2750 provinons
694 2711 926 2743 C⁰¹¹⁸¹²a¹¹t¹¹²ffi
981 2730 1137 2754 munem
1166 2731 1298 2768 pacem
1328 2719 1595 2767 Ecclesiarmn,
1616 2726 1654 2759 et

294 2761 338 2792 ΡΟ
378 2755 617 2784 ⁰⁰¹¹v⁰¹¹⁰m¹²t
980 2784 1092 2809 sanae
1111 2771 1198 2810 fidei
1219 2773 1558 2813 confirmationem.
1600 2775 1655 2812 A—

306 2817 444 2880 Im'l'lo
494 2819 650 2870 quidem
699 2821 822 2860 nostri
877 2823 925 2860 ad
979 2830 1112 2875 gentes
1138 2831 1267 2865 autem
1286 2827 1370 2866 Deo
1395 2828 1542 2867 debitas
1570 2843 1656 2880 gra-

250 2876 358 2910 tuam
394 2877 578 2923 pietatem
610 2875 754 2926 scripti,
783 2877 924 2927 gratias
979 2879 1064 2926 tias,
1083 2881 1294 2919 necessario
1317 2895 1468 2933 quoque
1494 2897 1538 2921 eo
1558 2897 1655 2934 quae

1063 2958 1174 2986 002
