2034 3204
441 254 692 298 ANNOTT.
723 255 786 296 IN
817 255 860 298 S.
887 254 1051 298 CYPR.
1077 255 1155 296 DE
1187 254 1445 297 MORTAL.
1559 255 1642 296 841

247 361 470 427 stipulante
507 367 710 404 tractatus
743 360 869 404 totius
902 366 1061 410 tenore,
1093 361 1422 418 pronunciamus.
1491 360 1647 418 Scripti

246 419 368 476 huJus
397 419 582 462 meminit
608 419 790 469 Pontius,
818 418 889 476 qui
919 425 962 461 et
990 418 1203 476 egregiam
1233 433 1260 461 a
1287 418 1499 475 Cypriano
1527 424 1650 474 peste

245 476 527 520 laborantibus
558 482 601 519 et
635 477 785 520 exinde
820 475 993 519 mortuis
1027 481 1219 519 navatam
1254 491 1278 518 o
1332 490 1423 518 ram
1457 475 1647 532 pluribus

245 534 497 590 exsequitur.
558 534 826 592 Augustinus,
842 534 911 577 lib.
929 534 983 577 de
997 533 1254 576 Praedestin.
1336 539 1420 576 nct.
1441 533 1513 582 ait,
1535 539 1546 557 ‘
1562 533 1646 590 Cy-

210 596 232 635 5
247 597 256 614 ‘
275 591 408 647 priani
434 591 583 634 librum
605 592 657 634 de
678 591 948 642 Mortalitate,
968 591 1107 634 multis
1132 605 1181 634 ac
1207 605 1341 648 paene
1366 590 1555 633 omnibus
1573 590 1646 647 qui

246 655 256 672 ⁶
273 649 565 692 ecclesiasticas
584 649 726 692 literas
745 655 898 699 amant,
915 649 1176 693 laudabiliter
1192 651 1360 692 notum.'
1393 648 1506 691 Citat
1520 647 1644 691 etiam

244 706 322 762 Ep.
346 716 439 761 107,
460 707 515 749 ad
535 707 661 750 Vital.
683 722 758 750 nec
787 722 870 749 non
900 707 969 750 lib.
993 721 1024 749 11
1044 707 1137 750 adv.
1158 706 1311 749 Julian.
1333 712 1441 749 cont.
1465 718 1488 747 2
1511 705 1646 763 Epist.

244 763 387 821 Pelag.
409 764 477 806 lib.
501 779 556 815 1v,
578 780 612 807 c.
635 766 673 808 8.
735 765 899 808 Pariter
926 765 1069 807 laudat
1094 765 1245 807 Euseb.
1267 770 1341 807 aut
1370 764 1516 806 saltem
1544 764 1646 806 Hie-

243 835 334 863 ron.
365 821 408 864 in
443 822 595 865 Chron.
634 823 872 866 FELLUS.
945 822 1082 878 Hujus
1115 822 1210 865 libri
1245 837 1336 864 cum
1374 821 1498 864 laude
1532 835 1647 863 men-

183 891 231 916 10
243 878 396 921 tionem
431 894 554 936 saepe
587 880 685 923 facit
718 886 884 922 sanctus
914 879 1183 938 Augustinus,
1215 879 1258 922 in
1291 879 1435 936 primis
1470 893 1568 922 vero
1603 878 1647 921 in

147 945 151 949 ’
244 936 348 978 libro
379 937 432 979 de
463 937 848 980 praedestinatione
880 937 1138 987 Sanctorum,
1164 952 1198 980 c.
1225 951 1290 991 14,
1315 936 1504 993 inquiens
1532 936 1647 979 illum

242 994 381 1036 multis
414 1009 462 1036 ac
496 1010 629 1052 paene
662 996 850 1038 omnibus
879 995 950 1051 qui
983 995 1276 1038 ecclesiasticas
1309 995 1470 1037 litteras
1503 1000 1646 1037 amant

242 1051 504 1095 laudabiliter
535 1059 690 1096 notum.
750 1053 868 1095 Idem
903 1053 946 1095 in
981 1053 1154 1110 epistola
1183 1052 1237 1095 ad
1265 1052 1446 1095 Vitalem
1475 1051 1535 1094 ait
1561 1052 1645 1109 Cy-

242 1109 375 1165 priani
402 1109 445 1152 in
472 1111 549 1152 hoc
575 1110 663 1152 loco
687 1116 818 1153 totam
843 1110 1112 1153 intentionem
1141 1125 1230 1152 esse
1255 1116 1302 1152 ut
1327 1110 1500 1152 sciamus
1527 1109 1645 1152 bonis

182 1175 228 1215 15
239 1166 427 1210 fidelibus
453 1168 745 1226 gratulandum
767 1183 855 1211 esse
882 1168 1163 1218 morientibus,
1185 1167 1350 1224 quando
1371 1167 1480 1210 vitae
1506 1172 1644 1210 tenta-

238 1224 417 1267 tionibus
445 1226 704 1274 auferuntur,
725 1226 917 1282 deinceps
941 1226 983 1274 in
1011 1225 1248 1268 beatissima
1275 1225 1497 1268 securitate
1526 1239 1641 1267 man-

240 1282 337 1324 suri.
400 1283 594 1340 Ejusdem
617 1283 710 1327 libri
730 1283 915 1326 meminit
935 1283 1137 1326 Eusebius
1157 1283 1198 1325 in
1222 1283 1451 1326 Chronico:
1487 1289 1497 1306 ‘
1513 1282 1644 1325 Pesti-

242 1341 357 1382 ‘lens
384 1341 580 1389 morbus,’
600 1341 745 1398 inquit,
769 1341 943 1384 ‘multas
970 1341 1096 1383 totius
1123 1341 1235 1383 orbis
1263 1340 1494 1398 provincias
1524 1354 1644 1382 occu-

241 1403 251 1421 ‘
270 1397 394 1454 pavit,
431 1399 688 1455 maximeque
724 1398 1018 1441 Alexandriam
1053 1404 1096 1441 et
1127 1399 1383 1455 Aegyptum,
1420 1403 1467 1440 ut
1500 1397 1644 1440 scribit

179 1462 251 1489 20⁴
270 1455 505 1512 Dionysius,
527 1461 570 1498 et
591 1456 791 1513 Cypriani
811 1456 863 1498 de
884 1456 1142 1499 Mortalitate
1162 1456 1279 1498 testis
1299 1462 1363 1498 est
1382 1456 1512 1498 liber.'
1561 1455 1644 1498 Ubi

240 1512 333 1555 vide
353 1518 471 1555 notas
486 1514 660 1570 Josephi
683 1513 896 1570 Scaligeri.
943 1514 1101 1556 Eadem
1121 1514 1248 1556 habet
1267 1513 1392 1556 etiam
1407 1513 1645 1556 Jornandes

238 1569 281 1612 in
307 1570 412 1612 libro
433 1571 486 1613 de
506 1571 648 1613 Rebus
671 1571 839 1621 Geticis,
860 1571 930 1614 ubi
955 1571 1097 1614 scribit
1122 1571 1229 1613 hanc
1255 1571 1413 1613 cladem
1441 1571 1644 1628 lacryma-

238 1627 376 1670 biliter
396 1628 622 1685 expositam
642 1643 668 1671 a
689 1629 902 1685 Dionysio,
924 1635 936 1654 ⁶
949 1643 1071 1685 quam
1097 1635 1140 1672 et
1166 1629 1334 1676 noster?
1354 1628 1501 1685 inquit,
1524 1635 1535 1652 ⁴
1549 1642 1644 1670 con-

240 1691 251 1709 ‘
268 1685 430 1742 scripsit
451 1686 693 1729 venerabilis
718 1687 887 1742 Martyr
908 1686 1063 1729 Christi
1089 1686 1316 1743 Episcopus
1338 1686 1572 1743 Cyprianus
1602 1686 1645 1728 in

178 1746 226 1786 25
241 1749 250 1767 ‘
267 1743 374 1786 libro
394 1743 458 1786 cui
478 1743 622 1787 titulus
642 1750 705 1787 est
725 1744 777 1786 de
798 1744 1084 1787 Mortalitate?
1138 1745 1242 1787 Eam
1263 1743 1538 1800 pestilentiam
1560 1744 1644 1785 Eu·

239 1800 374 1843 sebius
394 1801 510 1858 ponit
530 1807 623 1857 post
649 1808 822 1844 mortem
845 1802 984 1858 Papae
1006 1802 1211 1851 Cornelii;
1244 1802 1452 1848 Petavius‚
1473 1801 1542 1844 lib.
1565 1815 1644 1843 xm

239 1858 292 1900 de
313 1858 514 1901 Doctrina
534 1859 798 1916 Temporum‚
819 1874 927 1902 anno
948 1859 1173 1916 superiore.
1222 1860 1276 1901 Et
1296 1865 1435 1901 tamen
1457 1859 1644 1901 Christo-

240 1915 395 1971 phorus
424 1916 601 1959 Sandius
627 1917 736 1959 hunc
763 1916 962 1974 Cypriani
989 1922 1211 1959 tractatum
1243 1916 1407 1973 reponit
1435 1916 1545 1959 inter
1573 1931 1644 1958 eos

240 1973 310 2072 {lui
340 1974 538 2030 suppositi
568 1980 664 2016 sunt
693 1980 833 2016 sancto
855 1974 1050 2031 Martyri.
1113 1974 1297 2031 Egregie
1318 1989 1416 2016 vero
1437 1974 1551 2016 illum
1578 1988 1644 2016 re-

176 2043 227 2079 30
257 2036 349 2074 utat
373 2031 620 2073 clarissimus
647 2031 894 2074 Pearsonius
916 2031 959 2074 in
983 2031 1216 2074 Annalibus
1238 2031 1509 2089 Cyprianicis.
1568 2031 1644 2073 Ni-

239 2088 322 2130 mia
347 2089 511 2131 miseria
531 2095 594 2132 est
613 2089 808 2132 audacem
829 2104 918 2132 esse
938 2089 1143 2131 hominem
1170 2089 1299 2131 nimis.
1334 2089 1640 2132 BALUZIUS.

240 2146 371 2188 Recte
401 2146 587 2188 additum
617 2147 741 2190 fuisse
771 2162 797 2190 a
823 2147 1056 2190 doctissimo
1081 2147 1194 2189 Fello
1221 2147 1332 2203 quod
1361 2147 1430 2189 ille
1459 2147 1513 2188 de
1543 2146 1644 2189 Hie-

238 2218 414 2261 ronymo
445 2204 581 2270 posuit
610 2211 733 2247 notae
762 2220 860 2247 suae
889 2205 984 2256 fine,
1015 2204 1195 2246 ostendit
1219 2205 1367 2247 Vei-sio
1400 2204 1644 2247 Armeniaca

241 2261 462 2304 Eusebiam
479 2261 684 2312 Chronici‚
701 2277 808 2319 quae
829 2262 892 2304 bis
912 2262 1076 2305 demum
1098 2262 1351 2319 temporibus
1371 2261 1522 2319 publici
1535 2262 1644 2318 juris

176 2328 226 2368 35
240 2318 350 2361 facta
379 2325 454 2370 est,
475 2319 546 2361 ubi
573 2320 730 2362 nullum
759 2326 896 2362 exstat
916 2320 1136 2362 verborum
1163 2320 1216 2362 ab
1238 2320 1496 2377 Hieronymo
1525 2319 1643 2362 addi-

239 2381 376 2418 torum
397 2376 626 2434 vestigium.
667 2377 775 2420 Vide
796 2377 1018 2420 Eusebiani
1040 2377 1234 2420 Chronici
1254 2378 1351 2421 edit.
1368 2379 1438 2421 Jo.
1454 2377 1645 2434 Baptista

240 2434 425 2483 Aucher,
442 2434 628 2477 Venetiis
648 2449 714 2477 an.
735 2436 857 2484 1818,
874 2435 954 2477 vol.
971 2449 1015 2484 11,
1035 2450 1077 2491 p.
1097 2447 1193 2490 299.

298 2492 344 2534 P.
369 2502 466 2546 277.
488 2492 515 2533 l.
537 2506 548 2534 1
559 2506 600 2548 3.
621 2492 806 2535 veritatis
826 2492 990 2558 errore]
1023 2493 1165 2535 Habet
1185 2492 1364 2541 Tacitus,
1387 2491 1495 2534 Hist.
1512 2491 1553 2541 ii,
1571 2504 1640 2543 72,

239 2564 382 2592 errore
410 2551 513 2599 veri,
535 2550 578 2591 h.
598 2564 635 2592 e.
657 2549 894 2606 ignorantia
921 2565 983 2592 rei
1014 2550 1079 2592 vel
1108 2549 1219 2592 facti.
1281 2550 1403 2592 cons.
1422 2550 1457 2591 F
1458 2549 1643 2592 orcellini

176 2620 227 2654 40
241 2606 422 2648 Lexicon
444 2607 534 2649 Lat.
553 2621 652 2650 voce
671 2608 826 2650 Error.

298 2665 345 2706 P.
370 2665 466 2719 278.
489 2664 516 2706 l.
538 2677 600 2720 15.
622 2671 825 2722 perpetua
843 2664 1017 2720 laetitia]
1045 2666 1196 2707 Exstat
1215 2663 1258 2706 in
1278 2669 1397 2706 textu
1417 2663 1642 2706 Baluziano

230 2730 446 2778 perpetua
473 2723 696 2774 securitas,
722 2722 794 2764 sed
821 2722 1028 2764 invenitur
1055 2721 1175 2764 lectio
1203 2721 1348 2769 altera,
1371 2735 1494 2777 quam
1523 2735 1642 2763 revo-

239 2779 341 2828 cavi,
363 2794 454 2821 cum
474 2778 516 2820 in
537 2779 724 2822 omnibus
750 2779 865 2822 libris
892 2780 1024 2829 editis,
1045 2786 1134 2822 tum
1154 2779 1197 2820 in
1224 2778 1398 2835 scriptis,
1419 2793 1523 2834 quos
1546 2793 1642 2821 con-

238 2836 373 2878 sulere
399 2836 500 2878 mihi
526 2836 652 2887 licuit,
674 2837 833 2879 duobus
852 2851 1000 2894 nempe
1020 2837 1130 2879 Novi
1152 2836 1324 2893 Collegii
1346 2835 1576 2885 Codicibus,
1597 2842 1641 2879 et

175 2902 224 2940 45
239 2900 416 2950 quatuor
435 2909 561 2951 penes
582 2909 646 2937 me
667 2895 952 2945 membraneis,
970 2909 994 2938 e
1009 2894 1156 2952 quibus
1173 2895 1522 2937 Meermannanus
1541 2894 1641 2936 duo-
