2034 3204
428 218 515 261 3792

978 219 1278 263 CANONES

941 395 1215 445 ΚΑΝΩΝ
1262 396 1320 444 Γ.

502 492 863 562 Ἀπηγόρευσεν
900 493 1111 546 καθόλου
1149 493 1179 558 ἡ
1221 491 1410 560 μεγάλη
1451 490 1676 557 Σύνοδος,
1717 492 1834 559 μήτε

426 576 727 649 Ἐπισκόπῳ,
763 578 881 645 μήτε
918 577 1257 649 Πρεσβυτέρῳ,
1285 576 1403 644 μήτε
1441 574 1681 649 Διακόνῳ,
1716 576 1834 644 μήτε

427 663 554 719 ολως
596 665 687 715 τινὶ
731 668 827 716 τῶν
868 665 918 714 ἐν
963 665 1032 733 τῷ
1077 661 1258 766 κλήρω,
1303 660 1474 730 ἐξεῖναι
1518 663 1834 715 συνείσακτον

425 748 564 817 ἔχειν,
597 747 730 813 πλὴν
767 751 804 799 εἱ
841 746 907 813 μὴ
942 747 1036 816 ἄρα
1072 747 1270 816 μητέρα,
1298 770 1328 812 η
1367 744 1654 818 ἀδελφὴν,
1629 770 1660 812 η
1685 747 1830 810 θείαν,
1847 767 1870 806 5

425 831 455 897 ἢ
481 831 512 884 ἃ
536 830 661 898 μόνα
684 830 928 901 πρόσωπα
952 837 1121 885 πᾶσαν
1144 832 1360 903 ὑποψίαν
1385 829 1713 902 διαπέφευγεν.

939 987 1208 1037 ΚΑΝΩΝ
1257 988 1321 1036 Δ.

501 1088 803 1141 Ἐπίσκοπον
841 1086 1074 1155 προσήκει
1117 1084 1337 1152 μάλιστα
1376 1085 1463 1152 μὲν
1506 1083 1599 1138 ὑπὸ
1640 1082 1835 1138 πάντων

426 1178 523 1226 τῶν
547 1174 596 1225 ἐν
623 1175 682 1242 τῇ
709 1173 911 1243 ἐπαρχίᾳ
940 1172 1281 1225 καθίστασθαι·

1335 1175 1373 1223 εἱ
1412 1171 1461 1224 δὲ
1499 1169 1729 1240 δυσχερὲς
1765 1169 1834 1236 ε’ίη

425 1257 482 1311 τὸ
517 1264 722 1320 τοιοῦτο,
748 1256 778 1323 ἢ
806 1257 883 1309 διὰ
916 1257 1292 1324 κατεπείγουσαν
1317 1255 1546 1324 ἀνάγκην,
1573 1254 1604 1322 ἢ
1628 1254 1705 1307 διὰ
1738 1259 1830 1322 μῆ·
1851 1286 1899 1312 10

426 1367 510 1400 κος
536 1346 664 1408 ὁδοῦ,
683 1342 742 1412 ἐξ
763 1342 973 1399 ἅπαντος
996 1347 1119 1411 τρεῖς
1143 1343 1219 1395 ἐπὶ
1247 1341 1303 1395 τὸ
1322 1340 1438 1396 αὐτὸ
1464 1338 1834 1409 συναγομένους,

426 1428 716 1500 συμψήφων
741 1426 1004 1496 γινομένων
1029 1430 1106 1480 καὶ
1139 1431 1237 1480 τῶν
1262 1425 1485 1480 ἀπόντων
1510 1429 1587 1479 καὶ
1612 1430 1830 1479 συντιθε-

425 1513 581 1580 μένων
619 1512 695 1566 διὰ
710 1536 714 1539 ·
732 1511 1046 1582 γραμμάτων,
1088 1509 1197 1565 τότε
1233 1509 1322 1577 τὴν
1359 1511 1651 1581 χειροτονίαν
1687 1515 1832 1564 ποιεῖ-

426 1603 560 1652 σθαι·
601 1597 657 1651 τὸ
693 1597 742 1650 δὲ
766 1604 908 1667 κῦρος
931 1602 1028 1651 τῶν
1053 1594 1319 1664 γινομένων
1343 1597 1561 1650 δίδοσθαι
1586 1597 1697 1649 καθ’
1724 1595 1831 1649 ἑκά·

426 1708 552 1751 στην
574 1684 806 1754 ἐπαρχίαν
831 1688 899 1755 τῷ
922 1682 1292 1751 Μητροπολίτῃ.

940 1837 1209 1887 ΚΑΝΩΝ
1263 1837 1322 1886 Ε.

504 1941 623 2008 Περὶ
656 1943 754 1992 τῶν
778 1936 1106 2004 ἀκοινωνήτων
1134 1934 1418 2005 γενομένων,
1446 1935 1534 1990 εἴτε
1566 1941 1664 1990 τῶν
1686 1938 1738 1990 ἐν
1766 1940 1835 2009 τῷ

613 2081 806 2121 OANON
837 2081 916 2119 ΙΙΙ.

481 2154 693 2193 Interdixit
718 2167 787 2204 per
809 2153 938 2192 omnia
965 2165 1105 2203 magna

428 2208 616 2259 Synodus,
658 2222 735 2246 non
784 2207 987 2258 Episcopo,
1025 2220 1102 2245 non

427 2263 667 2314 Presbytero,
701 2276 777 2300 non
816 2261 999 2308 Diacono,
1034 2274 1103 2299 nee

426 2317 539 2355 alicui
568 2317 724 2356 omnino
753 2316 818 2367 qui
848 2316 887 2354 in
912 2315 1013 2354 clero
1033 2319 1102 2363 est,

425 2371 539 2410 licere
585 2370 917 2409 subintroductam
964 2369 1102 2407 habero

427 2426 637 2472 mulierem,
676 2424 748 2463 nisi
782 2424 880 2463 forte
926 2428 1100 2471 matrem,

426 2485 493 2518 aut
525 2492 706 2526 sororem,
737 2483 804 2517 aut
840 2477 1010 2525 amitam,
1040 2477 1101 2515 vel

427 2548 489 2572 eus
516 2539 668 2573 tuntum
691 2546 882 2584 personas,
902 2545 998 2584 quae
1021 2545 1101 2571 sus-

426 2588 595 2639 piciones
615 2587 812 2639 effugiunt.

617 2670 810 2710 CANON
841 2670 910 2709 IV.

482 2742 713 2794 Episcopum
734 2741 912 2781 convenit
936 2740 1102 2779 maxime

426 2796 580 2847 quidem
615 2797 663 2834 nb
697 2796 874 2834 omnibus
907 2795 972 2846 qui
1011 2800 1102 2834 sunt

428 2851 463 2888 ἰιι
488 2850 680 2901 proviin-in
701 2849 900 2900 Episcopis
920 2849 1098 2887 ordinari.

1161 2063 1203 2103 Si
1240 2067 1370 2102 autem
1410 2063 1482 2102 hoc
1519 2063 1670 2103 difficile
1706 2063 1834 2113 fuerit,

1159 2123 1227 2156 aut
1255 2123 1414 2169 propter
1438 2118 1646 2157 instantem
1673 2118 1834 2158 necessi-

1159 2177 1291 2220 tatem,
1311 2177 1378 2211 aut
1399 2177 1558 2224 propter
1576 2172 1724 2212 itineris
1751 2173 1833 2212 lon-

1157 2226 1384 2277 gitudinem,
1421 2227 1546 2266 tribus
1585 2231 1716 2266 tamen
1752 2241 1833 2267 om-

1158 2280 1323 2319 nimodis
1353 2281 1393 2319 in
1418 2281 1586 2332 idipsum
1608 2281 1834 2321 convenien-

1157 2334 1273 2383 tibus,
1321 2340 1360 2374 et
1415 2335 1635 2375 absentibus
1681 2349 1834 2388 quoque

1156 2389 1239 2440 pari
1262 2389 1377 2427 modo
1392 2389 1694 2438 decernentibus,
1707 2395 1746 2430 et
1765 2404 1834 2442 per

1156 2442 1299 2494 scripta.
1353 2443 1689 2492 consentientibus,
1740 2449 1834 2484 tune

1157 2497 1348 2537 ordinatio
1385 2497 1625 2546 celebratum
1672 2498 1834 2538 firmitas

1157 2556 1288 2590 autem
1330 2564 1462 2590 eorum
1501 2565 1597 2603 quae
1634 2558 1832 2603 gematur,

1158 2619 1227 2657 per
1252 2619 1558 2658 unamquamque
1585 2606 1832 2657 provinciam,

1158 2659 1458 2712 Metropolituno
1505 2660 1699 2701 tribuatur
1741 2661 1833 2713 Epi-

1157 2728 1282 2766 scopo.

1359 2778 1552 2818 CANON
1581 2779 1628 2819 V.

1219 2849 1278 2887 De
1329 2849 1399 2897 bis,
1447 2849 1513 2900 qui
1565 2849 1832 2889 communione

1852 1696 1899 1736 15
