1950 3210
533 227 613 270 DE
644 226 931 270 EPISTOLA
963 227 1005 270 S.
1031 226 1376 270 POLYCARPI.
1628 228 1656 268 5

634 337 804 385 Photius,
825 337 1074 385 Bibliotheca,
1091 336 1186 375 cod.
1206 349 1221 374 1
1232 338 1294 375 26.

310 414 565 470 Ἀνεγνώσθη
593 418 655 459 καὶ
683 417 950 471 Πολυκάρπου
975 416 1198 469 Ἐπιστολὴ
1224 417 1322 469 πρὸς
1349 415 1656 468 Φιλιππησίονς,

258 481 319 538 [in
352 484 496 526 eodem
530 485 680 528 Codice
709 485 855 542 juncta
884 499 977 526 cum
1007 491 1184 541 utraque
1214 483 1402 541 Epistola
1432 483 1657 526 Clementis

252 551 451 609 Romani]
474 553 654 606 γέμουσα
674 556 827 605 πολλῆς
848 553 1058 598 νουθεσίας
1075 554 1176 606 μετὰ
1196 553 1418 607 σαφηνείας
1446 553 1510 594 καὶ
1533 554 1658 594 ἄπλο-

214 632 238 672 5
252 637 378 673 τητος,
402 623 500 663 κατὰ
519 621 590 663 τὸν
610 621 937 675 ἐκκλησιαστικὸν
957 624 1025 674 τῆς
1045 622 1252 675 ἑρμηνείας
1272 622 1405 663 τύπον.
1463 620 1588 675 Λέγει
1613 622 1657 663 δὲ

254 690 399 734 καὶτὰς
411 687 659 734 Ἐπιστολὰς
675 691 807 734 αὐτοῖς
822 691 1017 744 ’[γνατίου
1030 693 1100 732 τοῦ
1117 691 1330 744 Θεοφόρου
1346 689 1655 737 ἀπεσταλκέναι,

253 758 317 801 καὶ
332 760 498 800 αἰτεῖται
517 758 829 812 ἀναδιδαχθῆναι
843 756 932 811 παρ’
956 757 1097 810 αὐτῶν,
1114 759 1153 800 εἴ
1163 775 1201 800 τι
1220 757 1308 812 περὶ
1331 758 1483 800 ἐκείνου
1503 757 1656 799 διακού·

251 843 377 869 σαιεν.
439 829 539 884 [cap.
559 844 619 880 13.
643 831 682 870 S.
705 830 905 882 Polycarpi
925 828 1069 884 Epist]

306 939 423 979 Lecta
454 953 606 991 quoque
638 944 697 979 est
725 939 924 991 Polycarpi
978 938 1096 978 tionis
1131 939 1308 978 formam.
1370 938 1478 977 Dicit
1513 942 1656 984 autem,

190 994 299 1032 mad
313 994 574 1046 Philippenses
594 993 778 1044 Epistola,
793 993 926 1032 multis
980 1006 1021 1031 se
1057 997 1098 1032 et
1134 993 1314 1044 epistolas
1351 992 1497 1044 Ignatii
1534 991 1657 1030 Theo-

250 1048 390 1087 referta
441 1048 780 1096 admonitionibus,
837 1060 926 1086 cum
980 1047 1092 1099 phori
1117 1047 1166 1086 ad
1191 1061 1255 1086 eos
1280 1047 1453 1094 misisse3
1482 1046 1664 1098 petitque·

249 1102 520 1154 perspicuitate
575 1116 619 1141 ac
668 1101 923 1153 simplicitate,
979 1102 1028 1140 ab
1052 1101 1156 1152 ipsis,
1176 1101 1208 1140 si
1227 1102 1320 1153 quid
1342 1102 1391 1140 de
1415 1101 1483 1140 illo
1507 1099 1655 1139 inaudi-

243 1157 359 1207 juxta
383 1157 674 1196 ecclesiasticam
698 1157 925 1208 interpreta—
980 1155 1092 1203 erint,
1111 1156 1272 1195 edoceri.
