2034 3204
422 247 485 290 IN
516 247 558 291 S.
586 246 867 291 CYPRIANI
899 246 978 289 DE
1009 246 1446 290 MORTALITATE.
1549 248 1638 290 343

234 358 301 396 ter
322 352 620 396 Tertullianum
641 367 768 410 supra
787 352 972 403 allatum,
995 352 1216 396 Constitut.
1234 354 1378 409 Apost.
1395 366 1469 394 vu.
1484 366 1536 408 3;
1564 352 1636 394 Fr.

235 410 426 453 Balduin.
447 411 500 454 de
521 410 703 477 Legibus
724 409 982 454 Constantini
1003 410 1063 452 M.
1084 410 1153 453 lib.
1173 423 1217 459 11,
1239 424 1281 466 p.
1302 422 1400 464 209,
1416 409 1482 452 ed.
1499 409 1636 466 Lips.;

237 468 438 524 Optatum
474 468 526 511 de
562 468 791 511 Schismate
825 467 1032 510 Donatist.
1066 467 1136 510 lib.
1167 481 1212 518 11,
1242 482 1277 510 c.
1311 480 1379 517 22,
1415 481 1455 523 p.
1480 480 1536 522 45
1568 466 1635 509 ed.

235 525 402 582 Dupin;
435 526 478 569 S.
502 525 751 592 Gregorium
778 525 881 567 Naz.
902 524 1090 582 Epistola
1118 537 1214 581 219.
1278 524 1479 568 conferas
1509 530 1552 567 et
1583 524 1637 567 de

200 592 224 631 5
237 583 380 626 eadem
415 598 463 625 re
494 583 537 626 S.
562 583 803 640 Scripturae
837 583 947 625 locos
981 597 1084 639 quos
1116 582 1184 625 hic
1218 582 1469 630 memorabo,
1505 582 1636 639 Apoc.

236 655 278 691 x,
295 641 347 690 6,
370 641 479 683 Heb.
496 640 548 691 vi,
570 642 631 692 16,
655 653 722 695 173
751 641 928 683 1Thess.
943 656 982 690 v,
1006 650 1074 695 27.

293 698 341 740 P.
366 708 462 753 279.
482 698 510 741 l.
534 711 600 752 29.
622 704 666 741 et
685 698 865 740 delectat
884 698 951 740 hic
972 698 1074 763 δια]
1090 697 1412 752 Ἐρωτηματικῶς
1431 696 1470 739 le
1501 695 1622 738 enda.

294 755 342 797 P.
365 755 462 799 280.
489 755 516 798 l.
542 769 608 811 23.
641 755 852 798 Christum
892 755 1147 799 credentium
1186 754 1446 824 magistrum]
1471 711 1638 810 Qulgo,

241 813 457 856 (amrinum
487 815 748 856 credentium
771 814 1005 855 Dominum
1034 821 1074 856 et
1102 815 1372 869 mayistvum.
1434 811 1519 855 Sed
1538 825 1638 854 vero

176 869 509 914 nonesc1ent1bus
547 871 626 913 hoc
663 870 990 913 additamentum
1029 876 1115 913 tam
1155 870 1402 913 editionibus
1439 868 1639 927 Cypriani

235 927 539 978 vetustioribus,
560 942 685 984 quam
708 928 823 970 libris
843 928 1012 994 scriptis
1031 943 1134 985 quos
1159 928 1247 985 ipse
1277 927 1444 974 contuli,
1468 932 1640 984 praeter

235 985 336 1028 alios
370 1000 529 1035 novem,
557 1000 734 1051 quorum
765 985 943 1028 varietas
978 985 1020 1028 in
1051 986 1149 1029 edit.
1182 986 1317 1028 Oxou.
1347 985 1528 1028 adducta
1561 990 1638 1034 est,

234 1043 345 1086 idem
378 1042 491 1085 istud
523 1043 717 1100 expunxi.
780 1043 910 1086 Simili
943 1043 995 1085 de
1027 1058 1150 1086 causa
1180 1058 1319 1086 vocem
1351 1043 1514 1086 scilicet
1620 1047 1639 1085 t

235 1102 399 1151 docem,
420 1100 490 1143 lin.
514 1111 582 1156 27,
603 1100 821 1144 delendam
848 1100 1000 1143 censui.
1060 1101 1177 1144 Idem
1204 1115 1334 1166 porro
1349 1106 1526 1156 utroque
1565 1114 1639 1142 oco

176 1170 223 1209 15
235 1158 278 1200 in
298 1157 477 1200 editione
497 1173 630 1215 nuper
650 1158 805 1201 factum
826 1173 914 1201 esse
935 1158 1053 1201 video
1076 1159 1117 1202 S.
1138 1158 1338 1216 Cypriani
1358 1157 1640 1215 Epistolarum

235 1216 292 1259 ad
312 1216 527 1273 Martyres
547 1221 590 1258 et
612 1216 887 1265 Confessores,
909 1215 951 1258 in
981 1231 1099 1259 usum
1122 1216 1411 1260 Confessorum
1434 1215 1641 1258 Ecclesiae

237 1273 487 1323 Gallicanae,
510 1273 640 1316 Lond.
663 1286 787 1339 1792.
849 1273 933 1316 Ubi
953 1274 1051 1316 edit.
1078 1274 1355 1317 Oxoniensem
1381 1279 1566 1316 secutum
1593 1287 1639 1315 se

235 1345 337 1383 esse,
358 1331 431 1373 sed
450 1337 590 1374 tamen
611 1331 820 1374 variantes
843 1331 1038 1374 lectiones
1058 1331 1192 1374 eidem
1219 1331 1424 1388 subjectas
1451 1344 1639 1373 nonnun-

235 1403 359 1445 quam
379 1388 587 1446 selegisse,
608 1389 743 1431 editor
763 1389 996 1445 profitetur.

173 1458 224 1485 20
293 1446 341 1488 P.
365 1446 511 1488 281.1.
535 1459 603 1489 20.
626 1452 669 1489 et
690 1445 869 1502 Spiritus
896 1461 970 1488 nos
996 1446 1198 1503 perducat
1216 1445 1271 1488 ad
1293 1446 1427 1488 Deum
1449 1446 1635 1499 Patrem]

233 1504 296 1546 Et
314 1504 510 1547 Christus
528 1518 604 1547 nos
619 1505 833 1560 perducat
852 1505 914 1546 ad
928 1505 1067 1546 Deum
1081 1505 1275 1546 Patrem.
1334 1503 1402 1546 Sic
1421 1502 1565 1559 scripsi
1586 1517 1639 1545 ex

233 1561 316 1604 fido
336 1566 514 1617 quatuor
535 1566 721 1604 veterum
747 1561 1044 1618 exemplarium
1070 1575 1160 1626 pro
1171 1575 1220 1603 eo
1241 1561 1352 1616 quod
1377 1566 1502 1603 antea
1528 1561 1640 1618 lege-

232 1618 357 1662 batur
376 1619 583 1674 Spirith.
644 1619 694 1660 In
721 1618 881 1661 duobus
907 1625 1045 1662 autem
1071 1634 1123 1661 ex
1151 1618 1199 1660 iis
1219 1625 1398 1675 quatuor
1420 1618 1640 1661 Codicibus

234 1676 432 1733 scriptum
462 1682 526 1719 est
551 1677 746 1719 Christus
773 1691 822 1718 eo
850 1676 971 1719 modo
990 1691 1072 1733 quo
1131 1691 1178 1718 er
1205 1676 1490 1733 compendium
1510 1690 1639 1732 quan-

173 1741 222 1781 25
236 1734 372 1790 doque
391 1733 496 1777 solet
515 1734 637 1776 scribi
657 1735 865 1790 Spiritu-9,
886 1739 929 1776 et
949 1749 1128 1800 suprai
1100 1691 1250 1776 lineam
1271 1734 1470 1791 scriptum
1491 1740 1555 1776 est
1574 1735 1642 1776 vel

162 1801 180 1812 ⁴
235 1792 443 1848 Spiritus.
503 1792 635 1834 Porro
666 1806 790 1856 saepe
819 1791 862 1833 in
891 1791 1071 1848 antiquis
1102 1791 1320 1834 Codicibus
1351 1791 1640 1857 manuscriptis

236 1863 410 1914 operum
437 1848 568 1891 sancti
590 1848 790 1915 Cypriani
817 1855 860 1891 et
885 1849 1059 1891 aliorum
1079 1855 1265 1892 veterum
1297 1848 1543 1905 scriptorum
1575 1863 1641 1890 ec-

237 1905 554 1948 clesiasticorum
576 1906 659 1949 vidi
687 1906 884 1963 scriptum
904 1907 1100 1963 Spiritus
1123 1921 1200 1963 pro
1224 1907 1420 1949 Christus
1439 1912 1483 1948 et
1502 1921 1526 1948 e
1546 1921 1641 1948 con-

237 1978 369 2013 verso,
389 1963 576 2020 inprimis
599 1978 698 2006 vero
728 1964 840 2020 apud
869 1970 1079 2006 auctorem
1110 1964 1203 2006 libri
1234 1964 1286 2006 de
1294 1963 1640 2030 Rebaptismate,

172 2038 224 2077 30
237 2020 321 2077 qui,
342 2035 438 2087 pag.
456 2022 554 2077 364,
575 2021 761 2063 referens
790 2021 921 2063 locum
948 2036 1000 2064 ex
1025 2021 1212 2078 Epistola
1241 2021 1375 2078 prima
1393 2022 1422 2063 J
1425 2036 1568 2064 oanms
1597 2020 1641 2063 in

237 2093 319 2134 quo
339 2079 378 2120 le
409 2078 492 2121 tur
517 2080 714 2122 Christus
732 2087 793 2122 est
811 2081 985 2128 veritas,
1007 2079 1143 2136 posuit
1162 2080 1358 2135 Spiritus
1384 2088 1445 2122 est
1463 2080 1638 2122 veritae.

239 2136 387 2179 ScioC
420 2135 565 2178 ristum
585 2135 683 2178 alibi
703 2136 841 2178 vocari
863 2136 1076 2193 Spiritum,
1094 2137 1216 2179 etiam
1237 2137 1347 2193 apud
1371 2136 1639 2194 Cyprianum.

239 2193 324 2236 Sed
345 2208 470 2250 quum
491 2194 716 2236 habeamus
735 2193 857 2236 aliam
877 2194 1093 2236 lectionem
1113 2194 1351 2245 faciliorem,
1374 2209 1538 2236 neeesse
1558 2209 1643 2236 non

237 2257 300 2294 est
329 2266 421 2294 eam
447 2251 629 2294 retinere
653 2265 759 2308 quae
788 2258 925 2308 potest
954 2252 1110 2294 habere
1141 2252 1419 2294 difficultatem
1451 2258 1494 2294 et
1522 2251 1643 2294 indu-

172 2317 331 2358 35cere
361 2309 664 2351 obscuritatem.
725 2309 841 2351 Haec
869 2309 1177 2352 BALUZIUS.
1236 2310 1295 2352 At
1324 2315 1496 2366 propter
1525 2315 1642 2352 ante-

237 2366 426 2408 cedentia
464 2367 593 2408 verba
630 2371 812 2409 veterem
852 2367 1000 2409 reduxi
1039 2367 1268 2418 lectionem,
1304 2382 1410 2423 quae
1450 2367 1640 2409 firmatur

237 2423 398 2480 scriptis
430 2423 660 2473 codicibus,
690 2438 793 2480 quos
822 2424 959 2472 sciam,
991 2424 1178 2467 omnibus
1207 2432 1375 2481 praeter
1404 2439 1556 2481 paucos
1586 2439 1638 2467 ex

237 2481 330 2538 plus
356 2481 530 2538 triginta
551 2481 798 2524 Baluzianis.
861 2482 1110 2533 Quinetiam,
1133 2482 1230 2524 dum
1258 2483 1367 2524 hunc
1388 2482 1554 2547 quidem
1581 2482 1640 2524 lo-

237 2553 330 2605 cum
356 2544 502 2587 mutat,
524 2539 674 2581 oblitus
695 2545 758 2582 est
777 2539 841 2582 vir
862 2539 1118 2582 doctissimus
1144 2540 1311 2582 canonis
1337 2539 1440 2582 artis
1459 2539 1639 2589 criticae,

172 2615 225 2650 40
238 2595 308 2652 qui
335 2596 629 2695 lobscuriorem,
661 2596 926 2653 caeteroquin
955 2598 1143 2654 probam,
1173 2597 1390 2640 lectionem
1415 2597 1537 2654 jubet
1566 2611 1640 2639 nos

236 2668 305 2696 am
352 2653 429 2695 ecti

296 2668 344 2753 11³).
369 2711 464 2753 282.
492 2710 520 2752 l.
542 2724 583 2766 3.
618 2709 835 2767 Scriptura
864 2711 1015 2761 divina,
1047 2711 1185 2754 dicens
1210 2711 1303 2767 &c.]
1340 2710 1502 2753 Videsis
1530 2711 1641 2754 infra

237 2782 345 2868 (filiae
380 2769 432 2811 de
466 2768 559 2879 1ιοοᾷ
578 2767 684 2810 libro
716 2768 1014 2869 Essesiastico,
1044 2769 1099 2812 ad
1129 2769 1310 2812 libellum
1341 2768 1393 2811 de
1428 2769 1568 2825 Opere
1598 2775 1641 2811 et

293 2839 514 2883 eemosyna
567 2839 632 2875 .1,
653 2840 761 2868 anno
808 2841 949 2869 vimus.
