2034 3204
915 361 983 404 IN

547 479 1341 546 TERTULLIANI

807 606 845 654 L
852 606 876 654 I
884 605 926 654 B
935 605 982 654 R
989 605 1093 654 ΠΜ

304 731 393 779 DE
441 726 1014 778 PRAESCRIPTIONE
1063 723 1593 775 HAERETICORUM

621 852 724 904 AN
736 850 788 904 N
796 848 1272 904 OTATlONES.

309 1070 601 1111 Tuscum-mm
633 1081 735 1123 quos
764 1067 842 1109 edo
874 1065 1116 1108 Tertulliani
1144 1066 1259 1121 prior
1280 1064 1348 1106 ille
1378 1063 1431 1106 de
1454 1063 1654 1105 Oratione

249 1127 407 1170 auctori
438 1133 535 1168 ante
569 1126 726 1182 lapsum
758 1124 846 1181 ejus
880 1124 933 1166 ad
966 1123 1286 1166 Montanismum
1317 1120 1489 1164 attribui
1520 1120 1654 1170 solet;

250 1185 323 1227 sed
343 1185 450 1227 alter
470 1184 647 1230 libellus,
665 1182 716 1224 de
734 1181 1062 1238 Praescriptione
1085 1180 1414 1227 Haereticorum,
1431 1185 1655 1235 propterea

251 1243 362 1299 quod
392 1243 445 1284 ab
476 1257 524 1284 eo
554 1241 596 1283 in
628 1241 732 1282 libro
762 1239 895 1297 primo
925 1254 998 1280 suo
1029 1245 1173 1281 contra
1208 1237 1461 1280 Marcionem
1491 1235 1654 1278 videtur

192 1319 238 1342 10
251 1300 474 1358 promissus
505 1299 642 1345 fuisse,
671 1312 797 1354 quum
830 1296 1084 1339 Montanista
1111 1296 1199 1352 jam
1236 1295 1369 1337 factus
1396 1300 1515 1344 esset,
1545 1293 1655 1335 inter

251 1373 379 1415 opera
409 1357 496 1414 ejus
526 1355 750 1412 composita
784 1360 877 1412 post
906 1360 1116 1411 susceptos
1147 1367 1311 1395 errores
1342 1350 1654 1394 Montanisticos

251 1429 543 1471 nonnunquam
571 1418 776 1463 censetur,
797 1412 930 1470 magis
950 1426 1073 1468 quam
1095 1417 1267 1468 propter
1288 1423 1507 1466 perperam
1529 1408 1652 1456 dicta,

250 1488 357 1530 quae
391 1474 434 1515 in
465 1472 552 1528 ipso
583 1476 764 1514 tractatu
797 1470 1073 1536 reperiantur.
1136 1469 1262 1511 Certe
1303 1482 1382 1522 ego
1422 1466 1534 1509 nulla
1569 1481 1655 1508 om-

251 1531 347 1573 nino
387 1530 509 1587 hujus
549 1528 730 1572 haeresis
762 1527 936 1585 vestigia
970 1527 1011 1569 in
1048 1527 1126 1569 hoc
1162 1525 1357 1583 opusculo
1397 1524 1654 1581 deprehendi

192 1602 238 1641 15
252 1603 369 1646 posse
398 1587 599 1636 existimo,
620 1592 693 1629 aut
720 1585 774 1628 ibi
801 1599 1006 1642 apparere
1032 1584 1271 1641 cujusquam
1293 1582 1506 1626 doctrinae
1535 1581 1655 1624 semi-

251 1654 315 1690 tas
347 1646 401 1688 ab
433 1645 616 1688 Ecclesia
654 1658 736 1686 non
771 1643 958 1686 calcatas.
1021 1643 1156 1685 Ponas
1187 1641 1296 1684 enim
1337 1640 1450 1683 haud
1490 1646 1656 1682 exstare

250 1704 474 1761 quidquam
496 1701 772 1745 Montanismo
793 1701 947 1743 discors
968 1700 1009 1742 in
1030 1700 1165 1757 capite
1182 1699 1246 1742 vel
1270 1711 1338 1751 22,
1351 1698 1416 1741 vel
1432 1701 1503 1754 36,
1519 1697 1657 1740 omnia

250 1769 389 1805 tamen
409 1760 609 1804 catholico
629 1773 744 1801 more
772 1759 973 1815 modoque
999 1758 1149 1814 ubique
1170 1756 1341 1814 exponit
1361 1755 1655 1798 Tertullianus.

253 1820 410 1863 Verum
440 1818 550 1861 enim
579 1831 678 1860 vero
708 1816 797 1858 fleri
829 1822 978 1873 potest,
1010 1821 1057 1858 ut
1086 1830 1168 1872 quo
1203 1821 1391 1871 tempore
1423 1814 1501 1856 hoc
1536 1828 1656 1870 opus-

192 1899 241 1925 20
252 1877 387 1920 culum
415 1882 559 1918 auctor
585 1875 798 1923 scriberet,
823 1873 857 1915 is
878 1888 1004 1916 novas
1034 1873 1274 1930 prophetias
1302 1886 1436 1928 neque
1464 1870 1657 1927 rejiceret

252 1949 327 1977 nec
347 1933 580 1991 reciperet;
611 1932 724 1974 hand
751 1937 889 1974 tamen
920 1937 1144 1988 propterea
1167 1929 1400 1972 haereticus
1420 1928 1657 1971 existiman-

252 1992 342 2042 dus,
363 1991 434 2048 qui
462 1991 586 2034 fidem
612 1989 820 2032 Ecclesiae
850 1988 1081 2031 retinuerit.
1144 1988 1209 2030 Ad
1239 1987 1373 2029 locum
1403 1986 1516 2028 illum
1546 1986 1657 2043 quod

251 2050 402 2093 attinet
423 2048 516 2091 libri
575 2047 667 2090 rimi
695 2053 840 2089 contra
860 2046 1126 2095 Marcionem,
1149 2046 1191 2087 in
1211 2060 1293 2102 quo
1313 2044 1558 2101 promissum
1580 2044 1658 2086 hoc

252 2122 355 2165 opus
394 2106 548 2149 nonnul
566 2106 598 2148 's
633 2105 810 2154 videtur,
850 2119 925 2147 nos
964 2103 1195 2146 meminisse
1235 2103 1444 2151 debemus,
1485 2101 1658 2144 diversis

193 2180 241 2218 ²⁵
253 2165 419 2266 affl
438 2164 1101 2269 ῑΐᾼᾙΡῗᾶῗὲἰεέἔῗαῗὲἲῑοὲἓῖἶθ
1115 2159 1658 2274 ἱζὲὶῖῗᾞρεὲὃῗωῗΐιῗῖἒιῖο

253 2280 369 2323 initio
389 2279 496 2323 libri.
559 2280 689 2321 Immo
710 2278 821 2335 quod
850 2278 955 2321 bene
984 2276 1324 2335 perpendendum
1355 2281 1430 2324 est,
1453 2275 1582 2317 verba
1606 2275 1659 2317 de

254 2338 402 2395 quibus
425 2337 599 2395 agimus,
620 2342 668 2379 ut
687 2337 787 2379 Ant.
809 2336 878 2378 Fr.
901 2335 1071 2378 Vezzosi
1101 2335 1155 2377 ad
1187 2333 1419 2377 Cardinalis
1449 2333 1658 2375 Thomasii

255 2395 539 2439 Institutiones
559 2394 703 2437 Theol.
725 2393 803 2436 vol.
826 2407 853 2435 1.
878 2408 918 2450 p.
937 2394 975 2442 8,
998 2392 1217 2459 suggessit,
1238 2406 1342 2448 opus
1361 2390 1528 2447 aliquod
1548 2396 1659 2447 post-

192 2471 244 2508 30
255 2453 333 2496 hac
352 2452 556 2495 edendum
577 2452 690 2495 haud
709 2451 939 2494 necessario
959 2451 1202 2508 significant.
1239 2450 1382 2492 Verba
1395 2462 1661 2505 apponam—

257 2517 272 2554 ‘.
291 2510 376 2553 Sed
397 2510 502 2552 alius
528 2509 713 2559 libellus,'
734 2508 867 2566 inquit
887 2508 1180 2556 Tertullianus,
1203 2514 1215 2534 ‘
1231 2507 1341 2549 hunc
1368 2505 1545 2564 gradum
1571 2520 1659 2548 sus-

256 2575 267 2591 ‘
289 2567 436 2611 tinebit
456 2567 654 2610 adversus
673 2566 915 2615 haereticos,
936 2566 1061 2609 etiam
1088 2565 1176 2607 sine
1203 2570 1432 2607 retractatu
1453 2563 1660 2606 doctrina·-

257 2632 267 2651 ‘
288 2641 380 2668 rum
401 2624 683 2674 revincendos,
697 2623 808 2680 quod
827 2624 906 2666 hoc
925 2622 1140 2678 [haeresis]
1162 2622 1244 2664 sint
1264 2622 1316 2664 de
1336 2621 1660 2678 praescriptione

257 2688 276 2725 ‘.
289 2683 494 2726 novitatis.
555 2682 597 2724 N
599 2696 677 2724 unc
707 2686 911 2737 quatenus
945 2680 1203 2723 admittenda
1237 2679 1472 2736 congressio
1503 2684 1566 2720 est
1598 2678 1661 2720 in-

193 2751 243 2792 35
259 2747 270 2765 ⁸
289 2741 467 2789 terdum‚
490 2755 542 2782 ne
573 2738 859 2796 compendium
884 2737 1218 2795 praescriptionis
1238 2737 1391 2793 ubique
1414 2737 1658 2779 advocatum

259 2805 270 2822 ⁶
290 2797 540 2841 diffidentiae
561 2797 796 2854 deputetur,
811 2796 998 2854 regulam
1013 2795 1240 2838 adversarii
1261 2795 1375 2852 prius
1390 2798 1660 2852 praetexam!

259 2856 328 2898 lib.
346 2871 372 2898 1.
390 2871 424 2898 c.
447 2870 460 2896 1
473 2887 483 2897 .
518 2863 527 2878 ‘
544 2855 690 2903 Soleo‚’
704 2854 845 2897 scribit
862 2860 904 2897 et
917 2853 1027 2903 alibi,
1046 2853 1111 2894 ‘in
1127 2853 1449 2910 praescriptione
1461 2852 1661 2895 adversus
