2034 3204
661 247 746 289 DE
782 245 1270 290 MORTALITATE.
1579 248 1666 290 283

262 356 333 402 At
367 355 447 402 ille
480 356 606 403 circa
639 356 859 403 timorem
883 356 976 402 Dei
1011 355 1197 402 stabilis
1232 361 1280 402 et
1314 354 1496 411 firmuS,
1520 362 1569 402 et
1603 357 1663 402 ad

259 448 448 479 omnem
471 433 772 480 tolerantiam
796 433 1030 494 passionis
1053 433 1144 479 fide
1168 432 1413 495 religionis
1435 440 1663 487 armatus,

260 510 514 557 tentationi
545 511 709 558 uxoris
738 511 974 557 invalidae
1004 510 1056 558 in
1087 511 1247 556 dolore
1280 526 1375 557 non
1404 510 1557 565 cessit,
1582 512 1664 556 sed

259 586 414 649 magis
460 588 620 634 Deum
664 588 898 648 patientia
943 588 1126 650 majore
1171 587 1466 648 promeruit;
1520 603 1664 647 quem

221 666 562 724 5postmodum
611 665 828 725 Raphael
875 665 1094 727 Angelus
1139 664 1393 719 collaudat,
1439 670 1488 710 et
1532 663 1664 717 dicit,

261 739 416 803 Opera
433 740 528 787 Dei
550 740 750 788 revelare
773 747 814 788 et
837 741 1043 804 confiteri
1065 739 1367 803 honorificum
1392 746 1470 787 est.
1540 738 1662 787 Nam
1675 755 1757 787 rob.
1775 754 1832 787 xii.

259 818 441 881 quando
489 817 651 865 orabas
697 824 747 865 tu
791 824 833 866 et
871 818 1026 867 Sarra
1071 834 1217 865 nurus
1263 823 1358 874 tua,
1399 833 1479 881 eyo
1524 816 1666 864 obtuli

258 897 526 943 memoriam
566 896 796 943 orationis
837 902 1012 944 vestrae
1057 896 1108 942 in
1154 901 1392 958 conspectu
1438 894 1665 942 claritatis

257 972 366 1021 Dei.
449 973 516 1021 Et
555 989 692 1036 quum
731 973 945 1037 sepelires
978 980 1026 1021 tu
1062 980 1264 1022 mortuos
1298 972 1586 1037 simpliciter,
1623 979 1666 1020 et

197 1071 245 1099 10
259 1051 371 1114 quia
395 1066 486 1098 non
510 1067 556 1097 es
580 1057 818 1098 cunctatus
840 1067 1085 1116 eoesuryere
1112 1058 1154 1100 et
1185 1050 1498 1114 derelinquere
1520 1067 1666 1114 pran-

258 1128 386 1175 dium
422 1134 564 1184 tuum,
600 1134 642 1175 et
675 1127 826 1183 abisti,
861 1135 903 1176 et
937 1128 1191 1177 condidisti
1224 1135 1470 1182 mortuum,
1499 1128 1665 1175 missus

256 1222 357 1253 sum
382 1212 555 1254 tentare
586 1212 639 1261 te,
664 1212 706 1253 et
738 1207 903 1254 iterum
937 1223 1006 1255 me
1035 1207 1163 1254 misit
1185 1206 1327 1254 Deus
1356 1222 1521 1254 curare
1552 1212 1593 1253 te
1623 1212 1666 1254 et

255 1283 455 1332 Sarrum
483 1300 652 1332 nurum
686 1290 824 1332 tuam.
893 1284 997 1350 qu
1019 1286 1141 1333 enim
1169 1302 1270 1333 sum
1294 1284 1521 1348 Raphael,
1547 1301 1665 1333 unus

257 1377 316 1408 ea·
348 1366 511 1424 septem
548 1361 743 1426 Anyelis
783 1363 954 1410 sanetis
989 1364 1071 1426 qui
1104 1364 1362 1411 assistimus
1402 1369 1444 1411 et
1478 1379 1665 1410 conver-

196 1451 242 1492 15
256 1453 416 1486 samur
439 1444 544 1485 ante
567 1437 818 1486 claritatem
844 1438 959 1486 Dei.

322 1517 438 1564 V11.
477 1517 617 1563 Hanc
652 1518 956 1564 tolerantiam
985 1519 1109 1580 justi
1150 1535 1336 1580 semper
1374 1520 1850 1586 habueruntyljoleqm·

254 1595 378 1640 hanc
412 1593 635 1654 Apostoli
681 1595 985 1655 disciplinam
1030 1597 1090 1642 de
1135 1596 1335 1643 Domini
1381 1599 1484 1659 lege
1526 1604 1663 1647 tenu·
1674 1582 1853 1664 fflpffn

254 1677 410 1722 erunt.
434 1687 528 1718 non
557 1672 812 1719 mussitare
843 1673 893 1719 in
912 1673 1139 1727 adversis»,
1161 1676 1242 1720 sed
1265 1690 1577 1736 quaecunque
1609 1676 1660 1722 in
1673 1666 1874 1698 habuerunt.

254 1751 441 1796 saeculo
464 1749 686 1797 accidunt
708 1750 897 1797 fortiter
919 1756 967 1797 et
989 1751 1229 1811 patienter
1251 1753 1484 1812 accipere3
1511 1769 1661 1813 quum

192 1838 242 1864 20
255 1824 287 1870 J
289 1826 550 1872 udaeorum
575 1828 780 1886 populus
805 1827 917 1874 hinc
940 1843 1127 1888 semper
1149 1828 1402 1876 offenderit
1424 1832 1552 1890 quod
1581 1831 1664 1876 ad-

255 1916 420 1948 versus
444 1902 602 1949 Deum
625 1904 923 1964 frequentius
947 1912 1284 1961 murmuraret,
1308 1906 1433 1953 sicut
1455 1914 1663 1955 testatur

255 1979 306 2026 in
331 1979 561 2027 Numeris
584 1980 823 2029 Dominus
854 1982 1002 2037 DeuS,
1026 1983 1201 2037 dicens,
1225 1982 1426 2031 Desinat
1455 2000 1661 2032 murmu-
1672 1999 1778 2030 Num.
1790 1998 1880 2030 xviii.

254 2056 378 2103 ratio
402 2071 556 2104 eorum
581 2073 610 2104 a
635 2074 715 2113 me,
733 2064 775 2105 et
793 2075 884 2106 non
908 2060 1180 2108 morientur.
1250 2062 1660 2111 Murmurandum
1677 2053 1726 2075 ιο·

255 2149 352 2181 non
399 2140 472 2181 est
517 2135 568 2181 in
614 2137 842 2192 adversiS,
882 2137 1055 2184 fratres
1102 2138 1415 2194 dilectissimi,
1457 2141 1538 2187 sed
1579 2157 1663 2202 pa-

192 2226 241 2266 ²5
256 2211 430 2259 tienter
464 2219 512 2259 et
545 2212 736 2260 fortiter
774 2214 1003 2275 quicquid
1044 2215 1270 2263 acciderit
1311 2217 1663 2273 sustinendum,

255 2304 405 2348 quum
440 2290 671 2350 scriptum
703 2290 780 2344 sit,
807 2289 1101 2354 Sacrificium
1127 2291 1230 2339 Deo
1263 2294 1459 2355 spiritus
1493 2296 1883 2355 contri-Psal.1i.17.

255 2365 448 2421 balatus,
487 2382 567 2414 cor
601 2369 847 2416 contritum
885 2376 927 2417 et
960 2368 1252 2417 humiliatum
1287 2370 1418 2418 Deus
1455 2388 1547 2420 non
1588 2373 1664 2420 de-

254 2444 407 2505 spicit.
477 2445 535 2491 In
555 2445 929 2493 Deuteronomio
953 2463 1142 2508 quoque
1165 2455 1327 2496 monet
1350 2466 1439 2510 per
1458 2451 1661 2512 Moysen

257 2521 468 2581 Spiritus
504 2522 720 2576 Sanctus,
753 2530 800 2570 et
835 2525 968 2579 dicit,
992 2524 1227 2572 Dominus
1255 2525 1386 2573 Deus
1421 2533 1525 2574 tuus
1556 2544 1662 2574 vem·
1673 2549 1778 2582 Dent.
1796 2550 1866 2582 ἢῆ,

190 2611 242 2648 30
255 2597 354 2646 abit
377 2604 431 2651 te,
455 2604 496 2645 et
504 2598 686 2662 famem
716 2600 891 2662 injiciet
925 2600 1019 2658 tibi,
1045 2609 1087 2649 et
1118 2609 1410 2667 coynoscetur
1442 2604 1494 2650 in
1527 2605 1662 2652 corde
1675 2603 1703 2625 ²·

256 2682 334 2723 tuo
363 2676 407 2723 si
440 2675 547 2724 bene
581 2676 851 2724 custodieris
877 2686 1124 2742 praecepta
1157 2680 1264 2741 qus,
1288 2681 1382 2727 sive
1416 2697 1522 2728 non.
1592 2683 1663 2730 Et

255 2753 450 2807 iterum,
481 2751 644 2799 Tentat
679 2769 755 2801 vos
788 2753 1022 2802 Dominus
1052 2755 1182 2804 Deus
1216 2762 1371 2813 vester,
1397 2764 1447 2804 ut
1478 2758 1596 2806 sciat
1619 2759 1663 2805 si
1674 2784 1776 2817 Dea„
1795 2785 1865 2817 xiii.

257 2829 454 2894 diliyitz's
477 2829 733 2878 Dominum
757 2831 908 2879 Deum
934 2838 1130 2880 vestrum
1155 2850 1214 2881 ea:
1241 2841 1333 2882 toto
1357 2835 1493 2883 corde
1515 2842 1660 2884 vestro
1675 2837 1704 2868 3·
