2034 3204
423 232 487 274 IN
519 232 650 276 CAN.
684 232 851 276 CONC.
885 232 1433 275 CONSTANTINOPOL.
1554 232 1640 274 425

230 341 409 392 πικρῖδας
440 339 501 380 καὶ
521 339 644 391 ἄζυμα
667 338 868 382 ἐσθίοντες
899 339 998 380 κατὰ
1017 338 1089 390 τὴν
1109 341 1179 379 τοῦ
1208 343 1382 381 παλαιοῦ
1413 339 1536 391 νόμου
1557 338 1640 380 διά-

230 401 352 448 ταξιν.
415 396 551 447 Quum
573 395 810 438 obscuriora
829 395 932 438 haec
957 394 1051 444 sint,
1074 410 1150 438 nec
1171 395 1395 452 quidquam
1417 396 1470 438 de
1489 399 1640 448 Τετρα·

231 454 354 497 δίταις
382 453 642 496 adnotaverit
666 454 773 496 alter
804 453 1012 510 interpres
1043 453 1240 502 Zonaras,
1272 454 1350 496 hac
1380 468 1479 495 voce
1502 453 1640 510 potius

231 510 452 567 significari
483 517 623 568 putem
645 510 748 560 illos,
769 511 839 567 qui
866 511 908 553 in
933 510 1193 554 hebdomada
1212 510 1495 568 antepaschali
1526 511 1639 554 haud

194 571 216 610 5
231 574 469 624 exspectato
504 568 816 611 resurrectionis
850 569 970 618 festo,
1005 568 1117 625 quod
1151 568 1317 625 quidem
1353 568 1477 611 aliter
1513 574 1640 625 atque

233 625 595 677 Quartadecimani
623 626 689 669 die
720 626 936 670 Dominica
955 641 1119 683 semper
1139 626 1419 677 celebrabant,
1435 626 1638 683 jejunium

230 683 600 741 quadragesimale,
631 698 703 729 seu
738 684 1042 742 antepaschale,
1075 684 1241 727 tetrade
1276 684 1436 727 solvere
1470 698 1640 726 consue-

230 740 379 783 verint.
442 741 574 792 Quem
597 741 762 797 quidem
788 757 956 791 morem,
978 747 1025 785 ut
1044 741 1088 783 in
1114 741 1193 784 vol.
1214 755 1230 784 ι
1256 748 1300 784 et
1329 756 1377 784 111
1410 742 1637 798 Reliquiar.

233 798 349 840 Sacr.
372 799 545 848 ostendi,
570 799 805 856 improbant
837 800 1005 842 Canone
1036 814 1109 841 suo
1129 798 1469 856 quinquagesimo
1491 800 1640 843 Laodi-

171 868 218 893 10
232 855 319 898 ceni
342 856 501 905 Patres,
523 863 566 899 et
588 857 755 900 Canone
776 857 964 900 vicesimo
985 871 1093 899 nono
1115 857 1316 899 Trullani.

291 914 337 956 P.
359 915 456 969 396.
490 914 515 956 l.
544 928 605 968 ¹4·
641 915 909 967 Εὗνομιανοὺς
927 914 1003 967 μέν
1021 915 1103 970 τοι]
1128 915 1239 957 Ante
1261 915 1362 957 haec
1382 915 1512 957 verba
1531 915 1639 972 posi-

231 976 320 1013 tum
341 978 404 1013 est
429 971 541 1014 istud
570 971 613 1013 in
635 972 785 1015 Codice
806 973 930 1016 MSto
951 972 1071 1015 Bodl.
1099 972 1192 1028 158,
1215 973 1318 1025 Περὶ
1344 974 1388 1015 δὲ
1415 977 1494 1015 τῶν
1525 976 1635 1015 Παυ-

231 1032 433 1070 λανιστῶν
457 1032 522 1081 τῆς
553 1033 760 1082 καθολικῆς
778 1029 1020 1081 Ἑκκλησίας
1049 1030 1139 1083 ὅρος
1169 1029 1395 1079 ἑκτέθειται,
1416 1031 1639 1082 ἅναβαπτί-

234 1087 370 1184 (flereat
391 1086 528 1131 αὐτοὺς
556 1088 597 1139 ἐξ
622 1087 805 1132 ἅπαντος.
867 1087 1132 1145 significatur
1154 1087 1299 1131 Canon
1328 1087 1502 1131 Nicaeni
1531 1088 1638 1131 Con-

171 1153 217 1192 15
232 1158 266 1185 ci
285 1158 311 1184 11
331 1157 420 1186 x1X.

295 1201 397 1243 [bid.
423 1201 449 1243 l.
478 1212 541 1267 15.
565 1202 628 1244 καὶ
650 1201 951 1258 Μοντανιστᾶς]
974 1202 1337 1251 Montanistarum,
1359 1202 1429 1268 qui
1450 1202 1528 1245 hoc
1549 1203 1637 1246 loco

231 1258 340 1301 inter
361 1258 590 1301 haereticos
610 1259 662 1301 de
694 1260 736 1302 S.
759 1259 964 1302 Trinitate
985 1260 1119 1302 minus
1148 1267 1262 1303 recte
1286 1267 1510 1303 sentientes
1530 1276 1639 1303 com-

233 1322 526 1366 memorantur,
547 1331 645 1374 pars
665 1322 778 1359 certe
798 1317 949 1360 dicitur
969 1318 1113 1374 eadem
1143 1324 1270 1374 atque
1301 1318 1525 1361 Sabelliani
1555 1326 1638 1362 sta-

232 1373 370 1415 tuisse.
422 1374 488 1416 Ita
507 1380 651 1416 auctor
671 1374 796 1417 libelli
819 1375 1034 1417 Adversus
1058 1376 1267 1417 Haereses
1287 1376 1341 1418 ad
1362 1376 1513 1418 calcem
1535 1377 1638 1418 Ter-

169 1443 219 1470 20
233 1430 390 1473 tulliani
425 1432 478 1474 de
509 1431 756 1489 Praescript.
787 1433 916 1474 Haer.
950 1439 960 1456 ‘
978 1432 1216 1480 Privatam.'
1247 1433 1393 1489 inquit,
1427 1434 1639 1492 ‘blasphe-

233 1494 243 1512 ‘
260 1488 382 1530 miam
405 1489 460 1531 illi
486 1490 603 1555 [pars
633 1489 934 1532 haereticorum
959 1491 1200 1532 Secundum
1221 1492 1428 1546 Phryqas
1456 1492 1638 1548 appella-

232 1553 242 1570 ‘
260 1547 416 1601 torum]
447 1561 517 1602 qul
547 1554 644 1590 sunt
673 1548 775 1589 kata
805 1547 1065 1596 Aeschinem,
1095 1548 1202 1591 hanc
1230 1548 1397 1599 habent,
1427 1563 1510 1605 qua
1535 1550 1638 1606 adji-

231 1603 369 1646 ‘ciunt
398 1604 522 1646 etiam
552 1605 643 1653 hoc,
666 1612 713 1647 ut
738 1605 878 1647 dicant
899 1605 1111 1648 Christum
1139 1607 1271 1662 ipsum
1297 1621 1388 1648 esse
1420 1607 1569 1649 Filium
1594 1613 1638 1650 et

231 1668 241 1685 ‘
260 1662 455 1704 Patrem.'
485 1677 519 1704 c.
535 1662 615 1711 viii,
638 1677 678 1719 p.
701 1675 789 1716 171.
824 1663 880 1706 Et
894 1669 991 1705 ante
1008 1663 1114 1705 hanc
1136 1664 1351 1720 Synodum
1369 1665 1422 1706 ba
1451 1665 1638 1707 tizandos

169 1727 218 1767 25
232 1733 320 1761 esse
343 1719 635 1777 Cataphrygas
655 1735 726 1762 seu
749 1721 1025 1763 Montanistas
1045 1721 1229 1777 jusserat
1251 1722 1394 1764 Canon
1416 1679 1637 1765 {aodieeni

234 1776 401 1819 Concilii
443 1783 622 1819 octavus.
685 1778 776 1819 Hoc
817 1778 977 1820 interca
1015 1792 1092 1835 pro
1131 1785 1248 1821 recta
1286 1779 1457 1822 alterius
1505 1781 1638 1836 partis

230 1834 579 1876 Montanistarum
599 1835 681 1877 fide
700 1835 956 1878 afferendum
981 1842 1059 1886 est,
1079 1836 1395 1886 Tertullianum,
1410 1837 1498 1894 jam
1519 1839 1639 1881 Mon-

231 1891 426 1934 tanistam
446 1892 612 1940 factum,
637 1893 840 1935 Praxeam
862 1893 1253 1936 Antimontanistam
1283 1901 1456 1952 propter
1475 1910 1640 1939 errores

232 1949 362 1991 dictos
383 1949 572 1992 usitatius
593 1950 848 1993 Sabellianos
869 1951 1183 2008 oppugnavisse.

168 2019 220 2056 30
291 2007 337 2049 P.
359 2018 457 2063 397.
491 2006 519 2049 l.
551 2020 589 2050 2.
631 2011 820 2060 ποιοῦμεν
860 2009 999 2053 αὐτοὺς
1038 2010 1317 2063 Χριστιανοὺς]
1363 2010 1557 2054 Suicerus
1595 2011 1639 2054 in

232 2064 446 2106 Thesauro
466 2079 538 2106 seu
570 2065 722 2107 Lexico
753 2066 988 2108 Ecclesiast.
1011 2081 1109 2109 voce
1140 2067 1392 2119 Χριστιανὸς,
1413 2069 1539 2111 allato
1559 2070 1639 2112 hoc

234 2123 401 2164 Canone
431 2122 501 2170 ait,
532 2130 543 2147 ⁶
560 2123 609 2164 In
639 2123 883 2179 quibusdam
915 2124 1108 2166 Ecclesiis
1131 2124 1406 2174 Graecanicis,
1427 2126 1551 2168 immo
1572 2127 1639 2170 vel

232 2188 241 2202 ‘
262 2179 304 2220 in
325 2179 511 2236 plurimis
541 2180 675 2236 prima
696 2180 762 2222 die
792 2181 947 2224 fiebant
967 2188 1010 2224 et
1033 2182 1276 2224 dicebantur
1296 2182 1533 2231 Christiani,
1556 2199 1641 2241 qua

233 2244 242 2260 ‘
258 2237 534 2287 crediderant,
556 2244 598 2280 et
627 2253 671 2280 se
703 2238 874 2281 credere
903 2239 1076 2295 professi
1107 2246 1251 2289 erant;
1283 2243 1471 2296 sequenti
1498 2242 1565 2284 die
1595 2243 1639 2285 in

170 2303 220 2342 35
235 2302 244 2315 ‘
263 2295 577 2337 catechumenos
597 2295 971 2339 conscribebantur.
1092 2330 1100 2338 .
1133 2297 1185 2339 In
1207 2298 1431 2341 Occidente
1452 2299 1640 2343 similiter

234 2358 243 2375 ‘
266 2352 399 2408 prima
429 2353 624 2394 credendi
653 2353 906 2410 professione
935 2355 1091 2396 fiebant
1113 2355 1351 2404 Christiani,
1374 2371 1497 2412 quam
1531 2358 1640 2400 Con-

235 2409 398 2451 ‘cilium
431 2410 702 2459 Eliberinum,
734 2411 902 2454 Canone
937 2426 1039 2462 xml,
1062 2414 1196 2467 fidem
1223 2415 1420 2469 primam
1455 2417 1641 2459 creduli-

234 2473 244 2489 ‘
268 2469 375 2509 tatis
404 2468 597 2524 appellat,
659 2468 799 2510 Prima
828 2469 898 2511 illa
931 2469 1026 2511 fidei
1060 2469 1316 2520 credulitate,
1348 2486 1438 2513 cum
1472 2472 1640 2530 imposi-

235 2531 244 2547 ‘
262 2524 374 2566 tione
394 2524 516 2567 etiam
539 2540 745 2575 manuum,
763 2526 879 2582 quasi
895 2527 1190 2577 benedictione,
1206 2528 1513 2585 recipiebantur
1528 2531 1640 2574 inter

171 2589 244 2633 40‘
262 2582 589 2632 catechumenos,
621 2590 664 2625 et
695 2583 919 2626 Christiani
950 2590 1037 2626 tum
1066 2585 1232 2627 demum
1260 2586 1338 2628 dici
1373 2587 1636 2644 incipiebant,

235 2645 246 2662 ⁶
263 2645 309 2682 ut
328 2639 458 2696 liquot
477 2655 529 2682 ex
551 2640 733 2696 ejusdem
752 2641 919 2683 Concilii
938 2642 1105 2684 Canone
1127 2646 1253 2692 xmv,'
1274 2649 1370 2686 tom.
1386 2658 1430 2694 11,
1452 2660 1491 2702 p.
1515 2658 1634 2702 1540.

292 2693 396 2739 Ibid.
419 2697 444 2739 l.
466 2710 503 2752 7.
524 2698 788 2755 βαπτίζομεν]
812 2699 998 2756 Epistola
1022 2700 1329 2757 Episcoporum,
1347 2702 1417 2758 qui
1436 2703 1637 2747 Constan-

232 2753 432 2810 tinopolin
462 2761 754 2804 convenerunt,
776 2756 830 2798 ad
863 2756 1160 2807 Occidentales,
1186 2759 1298 2813 apud
1329 2760 1636 2804 Theodoretum

233 2817 412 2862 exstans,
437 2826 624 2868 quaeque
654 2812 696 2854 in
719 2813 869 2856 Codice
898 2815 1111 2857 Canonum
1137 2830 1163 2857 a
1190 2816 1408 2859 Ballerinis
1437 2818 1638 2862 fratribus

173 2883 223 2922 45
234 2869 288 2912 ad
309 2869 459 2912 calcem
482 2870 666 2927 Operum
695 2871 737 2914 S.
762 2871 909 2914 Leonis
930 2873 988 2915 M.
1010 2872 1187 2929 primum
1208 2873 1319 2917 edito
1341 2875 1489 2919 Latine
1510 2877 1637 2921 verti-
