1988 3216
426 295 489 336 IN
521 295 562 338 S.
590 294 908 337 HIPPOLYTI
939 293 1178 336 CONTRA
1208 293 1473 336 NOETUM.
1596 295 1654 336 87

251 400 432 449 Patrem,
464 399 702 466 priusquam
739 399 916 442 mundus
949 397 1186 448 exstitisset,
1213 398 1308 440 xvii.
1329 412 1386 453 5³
1425 399 1522 440 dum
1552 398 1655 440 Filio

250 457 330 499 Dei
365 457 477 500 haud
508 457 795 500 aserlbendum
830 471 919 499 esse
952 457 1131 499 initium
1161 457 1344 505 dierum,
1376 455 1581 513 significat
1611 456 1654 498 S.

251 514 404 557 Paulus
423 515 466 556 in
486 515 673 572 Epistola
691 515 746 557 ad
767 515 983 557 Hebraeos
1004 513 1071 555 vii.
1091 528 1130 569 3.

271 630 289 672 τ
318 572 365 615 Ρ.
391 573 460 614 61.
491 572 517 614 l.
544 584 608 628 17.
654 573 722 617 Εἷς
760 575 837 626 γὰρ
878 571 987 626 νοῦς]
1052 571 1204 615 Melius
1249 571 1358 613 foret
1403 571 1490 613 ἔστι
1531 584 1655 627 quam

250 647 270 672 ε
287 647 317 674 ς.

213 646 236 685 ⁵
307 687 417 730 Ibid.
435 687 462 729 l.
478 701 542 742 19.
564 689 663 730 οὕτω
683 687 937 743 πιστεύομεν]
956 687 1118 744 Legere
1137 686 1260 742 τούτῳ
1275 700 1352 743 pro
1368 687 1468 728 οὕτω
1485 691 1657 743 propter

248 759 368 787 voces
387 751 607 802 sequentes
625 744 777 788 malim.
820 743 916 787 Vid.
939 750 982 786 et
1000 745 1070 786 fin.
1091 750 1190 786 sect.
1212 743 1281 786 xii.

306 803 354 845 P.
376 805 444 846 62.
466 803 492 845 l.
517 816 550 845 1.
583 803 788 858 ἐπερωτᾷν
805 802 896 855 περὶ
920 800 1099 858 [Ἰατρὸς]
1141 801 1359 844 Postulare
1384 800 1549 843 videtur
1578 800 1656 843 loci

247 874 402 959 3ensus,
435 866 482 903 ut
517 862 771 914 ἐπερωτῶντα
806 859 871 901 hic
905 859 1123 908 scribatur,
1153 858 1500 916 quemadmodum
1532 858 1659 902 vertit

186 935 235 962 10
273 926 367 960 nter
397 932 476 960 res.

306 975 352 1018 P.
368 933 444 1031 163.
466 975 492 1017 l.
513 988 553 1030 5.
576 975 761 1030 ἀπολύει]
796 974 974 1017 Videtur
1002 975 1156 1016 ἐπιλύει
1185 973 1460 1022 scribendum,
1488 979 1532 1016 et
1561 988 1657 1016 mox

247 1033 493 1085 σημαίνοντα
511 1046 588 1089 pro
610 1034 881 1085 σημαίνονται.

306 1090 413 1132 Ibid.
435 1090 462 1132 l.
483 1103 548 1146 13.
579 1091 700 1134 οὕτως
722 1089 830 1147 τρία]
868 1089 1056 1147 Legebat
1079 1090 1215 1139 ὄντως,
1241 1103 1348 1138 vere,
1370 1089 1480 1145 quod
1511 1089 1657 1131 melius

247 1153 322 1196 est,
345 1148 570 1205 Interpres.

186 1222 233 1261 15
306 1205 414 1248 Ibid.
437 1206 463 1248 l.
486 1216 549 1261 17.
571 1204 725 1260 τριχὴς]
766 1204 1012 1261 Corrigend.
1031 1206 1158 1258 τριχῆ,
1180 1204 1246 1246 vel
1268 1203 1416 1260 potius,
1437 1207 1590 1259 τριχῶς.

306 1263 352 1305 Ρ.
375 1266 444 1317 64.
468 1263 495 1305 l.
513 1276 554 1318 3.
583 1263 635 1306 ὣς
656 1261 783 1318 θέλει]
822 1262 1066 1319 Βθςθηᾱυω
1097 1276 1188 1303 cum
1211 1262 1460 1318 Interprete‚
1483 1267 1656 1319 propter

246 1320 289 1362 id
309 1321 421 1376 quod
441 1320 640 1377 sequitur,
661 1320 687 1361 ἃ
707 1320 831 1362 θέλει.

305 1379 352 1420 Ρ.
379 1380 449 1420 66.
476 1378 502 1420 l.
529 1391 571 1433 3.
606 1377 801 1431 προτέραν
841 1375 980 1429 φωνὴν
1020 1376 1313 1432 φθεγγόμενος]
1365 1377 1481 1418 Tunc
1521 1376 1657 1418 emisit

247 1436 374 1478 Pater
409 1435 589 1492 priorem
622 1449 775 1483 vocem,
809 1448 936 1490 quum
971 1433 1101 1476 dixit:
1138 1435 1229 1476 Hic
1262 1442 1323 1476 est
1359 1434 1507 1476 Filius
1540 1450 1657 1477 meus

183 1513 232 1538 20
245 1494 441 1543 dilectus,
473 1493 625 1535 Matth.
654 1491 709 1534 iii.
782 1492 853 1533 Ita
885 1491 1126 1533 Turrianus.
1189 1491 1273 1534 Sed
1307 1491 1525 1548 Hippolyti
1565 1507 1655 1534 sen-

244 1551 376 1594 tentia
405 1565 486 1593 non
509 1550 592 1592 alia
610 1564 732 1606 quam
755 1548 1014 1599 Tertulliani,
1036 1563 1124 1606 cap.
1147 1563 1197 1604 13
1230 1549 1282 1591 de
1312 1549 1562 1606 Praescript.
1584 1549 1656 1592 do·

245 1608 374 1651 centis
405 1615 415 1632 ‘
431 1609 599 1651 Patrem
630 1607 768 1649 omnia
797 1606 1026 1649 condidisse
1056 1622 1132 1663 per
1153 1607 1339 1649 Verbum
1368 1622 1487 1649 suum
1519 1607 1653 1664 primo

246 1673 256 1690 ⁴
273 1666 453 1708 omnium
479 1666 683 1708 emissum.
746 1664 797 1707 Id
818 1665 1004 1707 Verbum
1028 1665 1175 1707 Filium
1204 1664 1292 1721 ejus
1317 1665 1585 1721 appellatum,
1608 1665 1652 1707 in

245 1731 255 1748 ‘
273 1724 436 1766 nomine
465 1724 545 1766 Dei
571 1723 686 1766 varie
714 1722 845 1765 visum
875 1737 902 1764 a
930 1722 1199 1771 Patriarchis,
1227 1723 1269 1764 in
1298 1723 1519 1779 Prophetis
1548 1737 1653 1765 sem-

181 1799 230 1839 25
245 1789 255 1806 ‘
272 1797 348 1839 per
378 1781 578 1833 auditum,
608 1787 817 1846 postremo
848 1780 1029 1822 delatum
1060 1795 1112 1822 ex
1145 1780 1304 1837 Spiritu
1333 1780 1471 1823 Patris
1498 1780 1577 1823 Dei
1607 1788 1652 1823 et

244 1846 255 1863 ‘
273 1839 427 1882 virtute
442 1839 484 1881 in
499 1839 714 1896 Virgmem
730 1838 921 1887 Mariam,
938 1852 1103 1880 carnem
1126 1837 1280 1880 factum
1295 1837 1338 1880 in
1357 1845 1474 1881 utero
1491 1838 1526 1894 ej
1533 1853 1592 1887 us,
1610 1845 1652 1880 et

244 1904 253 1921 ‘
271 1912 323 1940 ex
344 1912 395 1940 ea
413 1904 557 1939 natum
578 1897 711 1954 egisse
730 1896 758 1938 J
762 1911 874 1938 esum
899 1895 1136 1938 Christum.’
1190 1896 1246 1938 Et
1266 1902 1412 1938 contra
1433 1897 1652 1946 Praxeam,

242 1970 278 1998 c.
293 1956 332 1997 6.
355 1962 365 1979 ‘
382 1955 443 1997 Ut
469 1954 646 2012 primum
670 1955 783 1996 Deus
803 1953 933 1996 voluit
958 1968 1008 1995 ea
1028 1967 1134 2010 quae
1163 1968 1255 1995 cum
1283 1953 1464 2010 Sophiae
1490 1954 1654 1996 ratione

247 2020 256 2036 ‘
273 2019 316 2055 et
330 2027 519 2054 sermone
534 2012 793 2068 disposuerat
811 2011 923 2053 intra
939 2026 983 2053 se
999 2017 1042 2053 et
1057 2011 1308 2054 substantias
1324 2018 1368 2054 et
1382 2011 1539 2068 species
1559 2026 1654 2054 suas

179 2077 253 2124 30‘
272 2071 411 2119 edere,
438 2070 570 2126 ipsum
602 2069 780 2126 primum
809 2069 982 2125 protulit
1012 2083 1255 2118 sermonem,
1284 2069 1505 2110 habentem
1536 2069 1578 2110 in
1609 2084 1654 2111 se

245 2135 255 2150 ‘
273 2127 504 2170 individuas
533 2142 628 2169 suas
657 2127 839 2169 rationes
868 2133 912 2168 et
937 2126 1148 2182 Sophiam,
1170 2133 1216 2168 ut
1243 2141 1319 2182 per
1342 2126 1475 2183 ipsum
1502 2126 1652 2169 fierent

244 2192 253 2209 ‘
272 2185 477 2235 universa,
498 2200 574 2242 per
594 2199 717 2241 quem
738 2190 860 2226 erant
880 2184 1062 2241 cogitata
1088 2190 1214 2240 atque
1235 2183 1446 2240 disposita,
1466 2184 1590 2226 immo
1610 2192 1654 2228 et

244 2249 254 2267 ⁶
272 2243 383 2286 facta
396 2243 497 2300 jam,
515 2248 715 2299 quantum
735 2242 778 2284 in
798 2241 879 2284 Dei
899 2245 1045 2284 sensu.'
1098 2241 1326 2299 Gregorius
1342 2242 1401 2284 M.
1419 2241 1488 2284 lib.
1510 2256 1651 2284 xxxn.

243 2301 392 2344 Moral.
409 2301 450 2342 in
466 2301 494 2343 J
498 2301 619 2342 obum
642 2315 675 2342 c.
694 2300 735 2341 6.
770 2306 781 2324 ‘
796 2299 924 2341 Filius
950 2299 1037 2356 ipse
1057 2314 1150 2348 vox,
1172 2299 1270 2355 quia
1296 2315 1389 2342 eum
1412 2300 1539 2342 Pater
1559 2300 1653 2358 gig-

178 2371 229 2411 35
244 2365 255 2383 ⁸
270 2359 406 2401 nendo
427 2358 556 2400 dixit:
581 2359 728 2400 Filius
746 2372 863 2400 meus
882 2372 925 2400 es
945 2365 1004 2407 tu,
1026 2372 1099 2412 eqo
1119 2358 1246 2399 hodie
1263 2359 1394 2412 yenui
1415 2360 1478 2400 te!
1529 2358 1651 2409 Quod

241 2431 340 2459 vero
363 2416 450 2472 Hip
481 2416 619 2472 olytus
647 2415 776 2464 addit,
799 2415 984 2457 Verbum
1013 2429 1065 2456 ex
1091 2414 1348 2471 inspectabili
1378 2415 1533 2457 factum
1560 2430 1649 2457 esse

240 2474 446 2531 aspectab'
467 2488 490 2516 e
529 2474 585 2516 ad
624 2472 901 2515 oeconomiam
934 2472 1129 2529 pertinet,
1164 2487 1275 2522 nam,
1307 2479 1354 2514 ut
1384 2473 1647 2515 Phoebadius

240 2532 347 2574 libro
377 2536 525 2573 contra
554 2530 733 2572 Arianos
753 2545 787 2572 c.
810 2544 880 2586 34,
907 2536 918 2555 ‘
933 2545 1007 2572 nec
1038 2530 1184 2572 Filium
1217 2543 1388 2586 usquam
1418 2530 1648 2572 invenimus

241 2595 253 2614 ‘
270 2589 358 2631 sine
387 2588 752 2645 transfiguratione
778 2587 904 2630 fuisse
931 2587 1144 2636 visibilem,
1165 2594 1388 2643 antequam
1410 2587 1527 2630 Patri
1554 2588 1651 2630 obe-

177 2663 229 2698 40
243 2653 253 2670 ‘
271 2647 387 2690 diens
406 2646 526 2688 fieret
545 2660 597 2688 ex
618 2644 866 2687 aeternitate
887 2647 1135 2701 corporeus.’
1167 2645 1396 2687 FABRIC.
1457 2645 1650 2688 Fortasse

241 2703 404 2762 scripsit
445 2702 705 2744 Phoebadius
754 2704 1039 2758 incorporeus.
1119 2702 1212 2743 Hoc
1251 2702 1416 2758 quidem
1466 2709 1650 2745 statuere

239 2762 405 2805 videtur
427 2760 693 2817 Hippolytus,
714 2761 786 2801 τὸν
806 2761 955 2813 Λόγον,
981 2759 1051 2815 qui
1081 2774 1172 2800 cum
1195 2760 1321 2802 Patre
1341 2774 1504 2816 semper
1524 2760 1649 2803 exsti-

240 2826 363 2869 terat,
385 2833 511 2876 quum
541 2818 718 2860 mundus
747 2817 1009 2865 conderetur,
1037 2822 1295 2874 generatum,
1326 2817 1412 2860 sive
1441 2818 1647 2874 prolatum

240 2877 388 2927 fuisse3
420 2890 629 2932 quumque
656 2874 698 2917 in
724 2889 848 2917 carne
877 2881 1114 2931 appareret,
1138 2874 1334 2918 visibilem
1366 2882 1463 2918 tunc
1493 2875 1647 2918 factum
