2034 3204
449 227 537 268 220
924 225 1005 268 AN
1006 225 1048 267 N
1052 225 1315 268 OTATION
1318 224 1387 267 ES

460 373 463 375 .
508 333 557 376 P.
575 334 669 375 166.
699 332 727 375 l.
750 333 790 374 8.
811 331 935 375 etiam
965 346 1106 374 semen
1134 331 1286 387 Cham]
1325 331 1392 374 Sic
1422 345 1514 373 cum
1542 330 1640 373 edit.
1670 330 1856 388 principe

450 390 670 448 Rigaltius.
726 390 866 446 Atque
886 391 989 432 haec
1008 389 1168 432 notavit
1187 389 1242 431 ad
1261 389 1359 431 edit.
1382 388 1607 431 Halensem
1629 387 1856 431 Semlerus.

450 455 462 473 ‘
480 449 605 498 Cain,
627 448 754 489 Fran.
781 447 910 489 Paris.
941 452 989 489 ut
1012 447 1099 503 jam
1124 446 1366 503 conjiciebat
1393 446 1633 488 Rhenanus.
1694 446 1753 488 At
1782 446 1856 488 Ri-

451 506 576 563 ‘gals
597 511 641 547 et
662 506 825 547 Veneta
849 507 1025 561 [nupera
1040 503 1181 558 editio]
1205 504 1387 546 retinent
1408 505 1555 554 Cham,
1573 518 1695 559 quam
1716 503 1857 546 lectio-

448 569 460 587 ‘
478 577 574 606 nem
612 562 738 605 etiam
769 562 920 604 Junius
951 576 1004 604 ex
1039 561 1274 617 Epiphanio
1313 561 1578 617 comprobat!
1631 561 1893 603 Εἰσέδυσαυό

454 619 643 678 [Angeli]
667 620 738 661 τὸν
758 622 852 671 Xan
872 621 927 662 εἰς
957 618 1029 670 τὴν
1057 620 1229 669 κίβωτον
1255 619 1352 660 ὄντα
1381 621 1450 659 τοῦ
1470 618 1596 660 αὐτῶν
1617 618 1854 672 σπέρματος,

447 678 558 720 inter
589 676 812 733 Epiphanii
840 676 969 718 verba
1000 682 1097 718 sunt
1129 675 1173 716 in
1201 676 1389 717 Haeresi
1415 675 1557 716 xxxix.
1581 690 1670 731 cap.
1692 689 1733 731 3.
1767 676 1856 717 Ha-

448 735 550 777 bent
574 735 716 776 &hain
737 733 930 775 Rhenani
959 733 1054 775 edd.
1076 746 1101 788 3
1124 738 1167 774 et
1185 747 1227 786 4.
1281 733 1423 775 Ohain
1443 738 1485 774 et
1509 733 1645 775 Cham
1664 733 1784 775 valde
1804 733 1856 775 si·-

447 792 561 834 milia
579 798 689 834 sunt.
724 792 834 833 (Ya'in
854 791 919 833 ed.
942 790 1074 832 Paris.
1096 790 1242 846 prima,
1263 790 1404 831 forsan
1423 795 1549 831 rect-e.

506 849 612 891 Ibid.
650 849 676 890 l.
701 861 768 905 23.
804 863 854 890 eo
888 848 999 904 quod
1033 853 1076 890 et
1108 847 1265 890 firmior
1297 853 1340 889 et
1373 847 1581 890 robustior
1615 861 1668 889 ex
1707 847 1855 890 ceteris
1873 861 1921 887 10

446 906 589 957 fuerit,
628 912 672 948 et
710 919 792 961 quo
832 906 1046 962 colligeret
1083 910 1246 947 tentata
1294 905 1524 947 animarum
1574 905 1662 946 sola
1707 905 1854 956 salute,

446 964 582 1006 nullas
619 962 804 1019 corporis
847 962 1192 1020 resurrectiones]
1245 962 1315 1005 Sic
1363 961 1460 1004 edit.
1502 961 1706 1018 princeps.
1771 962 1855 1005 Sed

446 1022 572 1078 vulgo
605 1036 697 1063 cum
727 1021 846 1063 abest
874 1035 925 1063 ex
954 1026 1052 1062 ante
1072 1022 1233 1071 ceteris,
1255 1026 1342 1062 tum
1369 1025 1483 1062 recte
1509 1034 1560 1062 ea:
1586 1034 1663 1076 pro
1691 1027 1730 1062 et
1758 1026 1856 1063 ante

446 1094 530 1135 qvo
549 1078 725 1136 positum
748 1084 823 1120 est.
886 1078 1130 1135 Lege'ndum
1159 1084 1261 1134 puto
1286 1078 1501 1120 robustior
1530 1091 1581 1119 ea
1609 1079 1759 1120 ceteris
1774 1079 1856 1133 fu-

446 1138 543 1179 erit.
594 1136 825 1191 Meliusque
846 1135 946 1176 mihi
967 1135 1192 1182 videretur,
1211 1150 1262 1178 ex
1282 1149 1363 1191 quo
1379 1136 1606 1190 colliyeret,
1623 1143 1854 1178 attentata.
1872 1146 1920 1185 15

447 1193 559 1236 Dein
587 1194 647 1236 ait
676 1194 898 1242 semlerus,
921 1199 930 1216 ‘
945 1208 996 1236 ex
1015 1208 1097 1249 quo
1117 1192 1312 1250 colligere
1336 1198 1400 1235 est
1419 1198 1584 1234 retenta
1604 1194 1856 1235 animarum

448 1252 568 1294 ‘sola
597 1252 736 1294 salute
764 1251 839 1292 &c.
862 1250 1084 1307 legendum
1114 1256 1254 1292 censet
1273 1249 1449 1299 Junius;
1483 1258 1648 1292 retenta
1671 1249 1760 1306 jam
1789 1264 1857 1292 re-

448 1315 460 1332 ‘
473 1314 670 1365 posuerat
690 1308 902 1351 Latinius!
950 1307 1223 1351 Scribendum
1243 1307 1418 1365 conjecit
1436 1312 1658 1350 annotator
1677 1307 1732 1350 ad
1753 1307 1853 1350 edit.

447 1367 677 1409 Romanam
703 1366 826 1423 hujus
854 1371 1072 1416 tractatus,
1094 1367 1328 1408 constituta
1359 1373 1541 1417 tantum,
1562 1364 1629 1407 vel
1658 1366 1858 1409 admissa

446 1425 712 1466 animarum.
1870 1447 1920 1474 20

505 1481 611 1523 Ibid.
641 1481 668 1523 l.
690 1493 760 1538 32.
791 1495 874 1523 non
904 1479 1144 1531 Dominum,
1164 1479 1236 1522 sed
1265 1479 1459 1537 angelum
1478 1478 1695 1537 promens]
1715 1481 1855 1523 Deum

445 1553 649 1595 reponere
679 1538 813 1581 velim.
875 1538 1068 1580 Fortasse
1102 1551 1230 1594 supra.
1259 1537 1481 1595 legendum
1508 1543 1572 1579 est
1600 1538 1658 1579 ab
1687 1538 1856 1593 anqelis

445 1610 524 1653 pro
544 1598 602 1639 ab
620 1597 727 1646 illis,
749 1595 827 1637 nisi
847 1595 1175 1638 subaudiendum
1195 1595 1274 1637 hoc
1295 1595 1466 1637 verbum
1487 1600 1563 1637 est.

505 1654 554 1696 P.
583 1654 675 1709 167.
708 1654 735 1695 l.
766 1668 805 1705 4.
837 1654 991 1710 Legem
1024 1667 1113 1695 esse
1143 1651 1357 1709 proponit]
1394 1652 1461 1695 Sic
1491 1652 1608 1694 editt.
1643 1651 1851 1702 Rhenani,

446 1725 520 1753 seu
559 1710 791 1768 principes;
822 1710 897 1752 sed
931 1716 1123 1767 posterae
1160 1710 1277 1752 editt.
1313 1709 1443 1752 Paris»
1476 1709 1656 1766 priorem
1687 1715 1852 1752 secutae
1868 1725 1917 1765 25

444 1768 603 1811 habent
622 1770 756 1811 etiam
770 1782 846 1824 pro
861 1782 958 1811 esee.
1001 1767 1208 1824 Legerim‚
1226 1769 1354 1824 leyem
1373 1772 1417 1810 et
1429 1767 1518 1824 jam
1533 1781 1618 1810 esse
1629 1768 1852 1823 proponit.

448 1826 666 1878 Quomodo
695 1840 794 1868 vero
821 1826 899 1868 hoc
929 1825 1142 1883 collegerit
1174 1825 1307 1868 Ebion
1337 1839 1389 1867 ex
1417 1824 1554 1868 verbis
1583 1838 1690 1881 quae
1719 1824 1851 1867 addu-

446 1890 597 1926 cuntur
648 1882 737 1927 Scri
770 1889 890 1926 turae
928 1897 1083 1934 sacrae,
1123 1882 1409 1940 ambegissem,
1452 1882 1530 1924 nisi
1568 1881 1855 1938 suppeditaret

446 1941 574 1984 istaec
599 1941 744 1984 Indicu
761 1956 809 1983 us
836 1940 1081 1983 Haeresium
1105 1941 1146 1984 S.
1162 1940 1421 1998 Hieronymo
1450 1939 1696 1997 adscriptus,
1716 1953 1743 1981 a
1762 1940 1854 1982 Me-

445 1999 578 2041 nardo
599 1998 746 2047 editus,
768 2013 890 2055 quem
912 1998 1122 2056 Rigaltius
1140 1997 1207 2040 hic
1226 1998 1393 2041 attulit:
1416 2004 1426 2022 ‘
1442 1998 1685 2054 Carpocras,
1709 1996 1852 2040 Cerin-
1865 2013 1918 2051 30

448 2062 461 2082 ‘
475 2057 587 2108 thus,
610 2062 654 2098 et
674 2056 853 2099 Hebion.
904 2055 962 2098 Hi
983 2063 1070 2099 tres
1089 2055 1165 2099 tibi
1185 2061 1482 2106 successerunt,
1503 2055 1696 2098 docentes
1716 2054 1854 2097 omnia

448 2121 458 2136 ⁶
473 2114 698 2157 secundum
717 2114 884 2170 Legem,
906 2113 1154 2165 circumcidi,
1171 2114 1392 2156 observare
1412 2113 1602 2164 sabbata,
1623 2118 1667 2155 et
1686 2111 1774 2155 dies
1793 2111 1852 2155 fe-

445 2175 458 2196 ‘
471 2178 558 2214 stes
577 2172 605 2214 J
610 2171 798 2221 udaicos3
831 2170 1022 2214 Christus
1041 2171 1150 2214 enim
1171 2171 1274 2214 haec
1294 2170 1431 2213 omnia
1450 2169 1696 2213 observavit.
1733 2169 1853 2213 Suffi-

447 2234 458 2252 ‘
472 2243 566 2271 cere
583 2229 766 2271 dicentes
781 2229 840 2271 ita
855 2243 943 2271 esse
961 2229 1184 2271 doctorem’
1200 2229 1273 2286 [an
1289 2228 1492 2286 significat
1506 2233 1652 2271 auctor
1664 2226 1852 2285 magistri

446 2286 707 2343 discipulum,
729 2286 902 2328 aliorum
924 2286 1134 2329 doctorem
1151 2285 1185 2343 3]
1216 2292 1282 2329 ‘ut
1302 2286 1573 2344 magistrum!
1594 2286 1717 2328 Matt.
1731 2299 1771 2327 x.
1783 2298 1806 2328 2
1808 2296 1849 2342 5.
1864 2298 1915 2339 35

447 2343 678 2394 Ebionitac,
700 2343 759 2386 ait
780 2343 996 2394 Eusebius,
1018 2344 1260 2394 docuerunt,
1278 2347 1361 2386 δεῖν
1378 2344 1532 2387 πάντως
1548 2343 1679 2386 αὐτοῖς
1698 2344 1767 2395 τῆς
1786 2359 1851 2385 νο-

444 2404 559 2454 μικῆς
578 2403 800 2455 θρησκείας,
819 2402 870 2445 ὡς
884 2401 937 2453 μὴ
953 2401 1003 2443 ἂν
1019 2403 1083 2443 διὸ
1098 2402 1217 2454 μόνης
1233 2404 1300 2453 τῆς
1316 2402 1370 2445 εἰς
1390 2400 1460 2443 τὸν
1476 2399 1652 2455 Χριστὸν
1666 2400 1849 2450 πίστεως,

446 2458 511 2502 καὶ
531 2462 601 2501 τοῦ
622 2457 704 2501 κατ’
718 2459 840 2511 αὐτὴν
857 2462 964 2511 βίον,
986 2458 1292 2511 σωθησομένου.
1315 2459 1434 2501 Ηίεί.
1454 2458 1574 2501 Ecol.
1596 2470 1655 2499 111.
1675 2468 1742 2511 27.

505 2515 610 2559 Ibid.
641 2515 666 2558 l.
689 2529 728 2572 9.
757 2515 1066 2572 circumcidens]
1089 2515 1226 2573 Vulgo
1245 2517 1578 2565 circumducens,
1599 2513 1664 2557 cui
1684 2514 1851 2570 quidem

444 2573 622 2622 lectioni,
640 2573 745 2616 sicut
763 2573 885 2617 alteri
900 2574 1221 2623 circumdiccns,
1238 2573 1415 2631 praetuli
1431 2587 1510 2630 cgo
1526 2573 1851 2622 circumcidens,
1864 2590 1915 2625 40

443 2631 556 2688 quod
601 2637 648 2674 ut
686 2630 806 2674 lectio
847 2631 1010 2674 varians
1056 2631 1112 2674 nd
1150 2645 1282 2688 marg.
1323 2630 1423 2674 edit.
1462 2629 1658 2688 principis
1697 2635 1850 2679 exstat,

443 2688 590 2789 iluaquu
608 2690 918 2733 circumdicerw
937 2688 1104 2747 legitur.
1169 2690 1493 2732 Oircwnducere
1513 2687 1602 2731 vult
1621 2686 1848 2730 rescribere

507 2753 643 2789 timus.

504 2803 606 2846 Ibid.
639 2803 663 2846 l.
701 2816 761 2860 ¹3·
795 2804 962 2857 Semen]
989 2803 1111 2869 Legit
1141 2803 1356 2847 ciaconius
1386 2801 1644 2861 processione
1671 2809 1848 2844 mentem

441 2868 480 2903 ot
511 2862 747 2913 veritatem,
778 2866 926 2918 argute
959 2860 1176 2916 conjiciens
1208 2876 1345 2904 vocem
1378 2875 1514 2905 acmen
1548 2874 1599 2902 cx
1632 2859 1711 2902 fine
1740 2858 1847 2902 vocis
1861 2874 1911 2913 45
