2034 3204
411 226 495 268 186
849 225 1372 276 ANNOTATIONES

471 335 518 376 P.
544 335 640 376 118.
680 334 708 376 l.
730 347 771 388 9.
805 334 918 391 apud
954 334 1147 391 Paulum]
1190 334 1432 391 Legendum
1468 333 1644 384 videtur,
1677 341 1756 376 aut
1785 348 1817 376 a

406 393 564 434 Paulo.
608 392 938 435 MURATORI.

468 449 574 492 Ibid.
597 450 624 491 l.
651 461 715 505 17.
744 448 1047 492 communitatis
1067 448 1219 506 omnis]
1243 450 1359 491 Fors.
1380 450 1582 492 omnium.

467 507 573 549 Ibid.
595 507 621 549 l.
646 520 712 563 23.
740 522 824 564 qua
843 513 886 549 et
913 506 1058 549 orandi
1081 506 1401 549 admonitionem
1427 505 1704 564 constringat]
1736 506 1814 548 Le-

406 565 588 622 gendum
619 565 797 615 videtur,
829 580 938 621 quae
968 570 1011 606 et
1042 563 1189 606 orandi
1218 566 1509 607 admonitione
1541 563 1811 621 constringat.
1825 579 1850 618 5

407 623 465 664 Et
497 628 643 679 postea
675 622 764 678 jam
793 621 1054 664 Montanista
1083 621 1217 663 factus
1252 621 1544 671 Tertullianus,
1576 621 1653 664 etsi
1689 621 1812 671 dicat,

406 695 571 736 semper
601 686 643 722 et
678 680 830 736 ubique
865 686 908 722 et
943 679 1054 720 omni
1089 685 1275 734 tempore
1306 679 1520 729 orandum,
1550 685 1691 722 tamen
1726 685 1814 721 tres

407 738 532 779 horas
551 737 707 779 fatetur
728 752 817 779 esse
841 736 1096 793 apostolicas,
1118 736 1298 786 tertiam,
1319 742 1492 787 sextam,
1514 751 1677 786 nonam,
1699 736 1813 779 advs.

410 795 645 851 l'sychieos,
668 809 756 851 cap.
781 808 846 846 10,
868 794 939 836 ubi
959 793 1106 836 similia
1126 793 1220 835 huic
1241 793 1329 835 loco
1350 793 1545 836 invenias.

467 852 573 894 Ibid.
605 852 631 893 l.
658 866 724 908 29.
756 851 952 908 Exceptis
978 851 1120 907 utique
1151 851 1345 908 legitimis
1365 849 1635 906 orationibus]
1664 851 1814 893 Preces
1831 865 1880 891 10

408 909 634 952 matutinas
662 924 711 951 ac
732 909 987 966 vespertinas
1008 910 1122 966 Lege
1143 908 1421 966 praescriptas
1450 908 1523 950 ait.
1583 909 1649 950 De
1678 908 1727 950 iis
1757 908 1815 950 lo-

408 967 550 1023 quitur
579 967 912 1024 Chnysostomus,
935 968 1060 1009 Hom.
1088 979 1141 1010 22
1168 966 1211 1008 in
1232 966 1364 1023 Epist.
1386 966 1440 1008 ad
1462 967 1594 1009 Hebr.
1642 966 1752 1008 Vide
1772 972 1816 1009 et

411 1025 680 1082 Cyprianum‚
702 1040 790 1082 cap.
812 1025 885 1067 ult.
908 1025 959 1067 de
989 1024 1205 1074 Oratione,
1229 1024 1299 1066 ubi
1331 1029 1344 1048 ‘
1360 1039 1496 1074 mane,
1523 1030 1566 1067 et
1594 1024 1815 1067 recedente

411 1090 421 1107 ‘
444 1083 529 1125 sole
561 1083 791 1125 necessario
823 1083 1041 1124 orandum'
1077 1082 1147 1124 ait.
1187 1082 1518 1124 MURATORI.
1590 1081 1815 1138 Respicere

410 1141 489 1183 hoe
508 1140 597 1182 loco
613 1140 914 1183 Tertullianum
935 1141 990 1182 ad
1010 1139 1183 1182 usitatas
1203 1140 1454 1196 hymnorum
1469 1139 1679 1189 formulas,
1694 1153 1814 1181 mane
1832 1150 1879 1189 15

408 1205 452 1241 et
487 1199 650 1255 vesperi
683 1213 710 1240 a
741 1198 949 1241 veteribus
987 1197 1231 1241 Christianis
1270 1197 1478 1248 recitatas,
1515 1197 1814 1247 demonstrant,

408 1256 568 1313 opinor,
600 1256 846 1299 Tertulliani
875 1257 1017 1307 verba,
1048 1255 1170 1298 modo
1201 1255 1283 1297 sint
1317 1270 1409 1297 cum
1442 1254 1700 1312 Cyprianicis
1734 1254 1815 1296 col-

408 1314 509 1363 lata,
531 1313 636 1357 sicut
659 1314 748 1371 jam
778 1314 873 1356 olim
905 1313 991 1356 dixi
1020 1313 1075 1356 ad
1102 1314 1318 1370 Hymnum
1339 1313 1646 1370 Vespertinum,
1671 1312 1714 1354 in
1733 1312 1814 1355 vol.

408 1386 470 1413 111.
501 1386 543 1428 p.
563 1385 664 1426 519.
694 1371 923 1428 Reliquiar.
948 1371 1062 1414 Saer.
1123 1372 1190 1413 De
1211 1370 1418 1412 Matutino
1445 1370 1514 1412 illo
1544 1371 1604 1413 ita
1632 1369 1815 1426 loquitur

407 1435 553 1472 auctor
574 1444 714 1486 supra,
736 1434 748 1454 ‘
770 1430 836 1472 vel
862 1429 998 1486 prima
1023 1429 1168 1471 saltem
1190 1428 1390 1478 oratione,
1411 1443 1494 1484 qua
1517 1428 1649 1471 lucem
1676 1428 1815 1485 ingre·
1830 1440 1880 1466 20

408 1494 420 1511 ‘
444 1486 607 1529 dimur.’
637 1502 729 1544 cap.
755 1499 822 1543 23.
885 1486 1171 1543 Chrysostomi
1205 1486 1334 1528 verba
1372 1487 1661 1529 sunt—ofirws·
1701 1486 1816 1540 εὐχο-

407 1544 551 1596 μένους
569 1547 670 1597 μετᾶ
689 1546 916 1598 προθυμίας.
977 1545 1114 1588 Οὕτως
1133 1545 1229 1596 ὑμᾶς
1255 1543 1356 1585 εἶναι
1380 1544 1579 1596 βούλομαι
1599 1543 1675 1585 ἀεί·
1708 1544 1744 1585 εἰ
1771 1544 1814 1585 δὲ

407 1602 462 1701 μὲιῆ
492 1602 567 1673 ἀεὶ,
581 1602 663 1702 gab)
693 1602 918 1702 πὸεουὲκιςέ
951 1603 987 1644 εἰ
1005 1601 1142 1701 ἢδὲὲμὴ
1172 1601 1397 1672 πλεῖνάκις,
1422 1601 1495 1643 κᾶν
1524 1601 1718 1654 ὀλιγάκις,
1741 1599 1815 1642 κᾶν

434 1676 457 1701 1)
475 1676 560 1703 'Pal-§⁸
602 1677 632 1701 ω
659 1677 773 1710 ‘vals’
797 1677 870 1715 xcv
913 1676 935 1701 ν
954 1676 1039 1703 ‘Pal-S*
1082 1676 1160 1701 σπε
1187 1675 1300 1702 tvai?-

469 1717 579 1759 Ibid.
599 1717 627 1759 l.
647 1731 671 1772 3
685 1731 716 1759 ι.
741 1717 824 1760 Sed
844 1723 887 1759 et
907 1717 1042 1759 cibum
1067 1731 1149 1758 non
1160 1676 1290 1773 pprius
1310 1714 1493 1772 sumere]
1517 1714 1812 1765 Tertullianus,
1830 1725 1878 1764 25

412 1774 680 1832 Apologetico
710 1789 799 1831 cap.
821 1788 892 1831 39,
919 1781 930 1798 ‘
953 1775 993 1816 N
996 1789 1049 1816 on
1079 1774 1194 1831 prius
1221 1773 1504 1823 discumbitur,
1526 1788 1651 1830 quam
1680 1772 1813 1816 oratio

518 1833 654 1875 Deum
674 1833 998 1890 praegustet-ur?

467 1890 515 1933 P.
539 1904 557 1932 1
571 1903 633 1947 19.
667 1890 693 1932 l.
723 1905 764 1944 4.
798 1890 959 1942 Vidisti,
1000 1888 1146 1946 inquit,
1186 1888 1374 1938 fratrem,
1411 1887 1549 1931 vidisti
1590 1887 1814 1931 Dominum

407 1954 550 1990 tuum:
580 1947 758 1991 maxime
777 1948 993 1998 advenam,
1009 1962 1062 1990 ne
1083 1946 1268 2004 Angelus
1289 1946 1398 1989 forte
1418 1946 1490 2002 sit]
1520 1946 1637 1988 Haec
1649 1961 1672 1988 e
1685 1946 1813 1988 sacris

409 2005 635 2062 Scripturis
655 2005 774 2048 citari
788 2006 1005 2056 videntur;
1036 2005 1169 2048 locum
1181 2018 1279 2047 vero
1299 2004 1472 2047 innuere
1493 2003 1640 2046 nescio.
1691 2004 1814 2056 Quod
1828 2017 1880 2055 30

407 2070 537 2120 patet,
568 2063 738 2121 respicit
771 2064 826 2106 ad
857 2078 946 2121 cap.
984 2063 1066 2105 xiii.
1098 2077 1139 2104 n.
1174 2075 1198 2104 2
1232 2062 1364 2119 Epist.
1396 2062 1451 2105 ad
1484 2062 1713 2112 Hebraeos,
1743 2061 1814 2104 ubi

407 2121 631 2178 Apostolus
671 2120 995 2179 hospitalitatem
1036 2120 1327 2163 commendans
1365 2119 1437 2170 ait,
1478 2118 1688 2162 interdum
1728 2119 1815 2162 An-

406 2179 522 2235 gelos
542 2178 719 2237 hospitio
740 2179 880 2237 recipi.
923 2180 1030 2222 Sunt
1049 2178 1137 2235 ejus
1150 2178 1289 2227 verba,
1303 2179 1364 2220 Et
1380 2178 1722 2234 hospitalitatem
1740 2192 1814 2220 ηο-

407 2238 482 2279 lite
511 2238 720 2287 oblivisci,
736 2253 818 2294 per
837 2238 951 2280 hanc
974 2238 1087 2280 enim
1109 2237 1329 2279 latuertmt
1355 2236 1373 2292 [
1414 2236 1637 2278 tacuerunt
1658 2235 1814 2278 habent

408 2294 507 2351 Alii]
525 2295 907 2351 quidam,Anyelic
918 2295 1104 2351 hospitio
1116 2295 1308 2349 receptis.
1340 2251 1500 2335 Aiiudit
1511 2298 1650 2335 autem
1662 2292 1717 2335 ad
1729 2293 1813 2335 An·
1826 2303 1877 2343 35

405 2351 534 2409 gelos,
557 2351 628 2409 qui
648 2366 692 2395 se
716 2352 898 2409 hospites
928 2351 1168 2394 Abrahamo
1199 2357 1241 2393 et
1262 2351 1343 2393 Lot
1363 2351 1614 2393 obtulerunt.
1637 2349 1747 2393 Hinc
1768 2350 1810 2393 S.

408 2409 665 2460 Ambrosius,
680 2409 722 2452 in
736 2409 807 2452 lib.
822 2410 875 2452 de
897 2409 1122 2452 Abraham.
1141 2423 1228 2465 cap.
1243 2420 1284 2463 5,
1301 2415 1311 2432 ‘
1331 2408 1437 2460 Quoi
1452 2407 1715 2464 scis‚'inquit‚
1734 2414 1744 2432 ‘
1758 2422 1812 2450 an

407 2474 417 2491 ‘
435 2467 569 2510 Deum
585 2467 794 2525 suscipias,
808 2482 931 2524 quem
953 2466 1155 2524 hospitem
1169 2464 1320 2523 putas?
1350 2466 1563 2508 Abraham
1579 2465 1677 2508 dum
1694 2480 1813 2523 pere-

408 2532 417 2548 ‘
432 2524 695 2582 grinantibus
714 2525 851 2569 defert
871 2524 1107 2582 hospitium,
1125 2524 1259 2566 Deum
1277 2529 1403 2580 atque
1421 2523 1603 2581 Angelos
1619 2523 1708 2579 ejus
1726 2537 1813 2566 sus-

407 2589 418 2606 ·
431 2582 541 2640 cepit
561 2583 636 2625 hos
667 2582 751 2626 itio.
814 2582 1012 2635 Quamvis
1032 2588 1075 2625 et
1095 2596 1219 2638 quum
1247 2581 1449 2682 hospitem
1470 2580 1652 2637 suscipis,
1674 2581 1810 2623 Deum
1826 2594 1876 2630 40

407 2648 416 2664 ⁴
431 2640 601 2698 suscipis
662 2643 711 2683 c.'
772 2640 891 2684 Idem
916 2640 969 2683 ab
990 2654 1039 2683 eo
1067 2639 1270 2697 repetitur
1292 2638 1317 2681 li
1351 2671 1360 2681 .
1383 2652 1428 2682 ιι.
1451 2653 1540 2696 cap.
1564 2651 1609 2681 21
1638 2638 1690 2681 de
1713 2638 1812 2681 Offi-

405 2697 488 2740 ciis.
551 2699 610 2741 At
640 2698 682 2740 in
705 2698 841 2741 verbis
865 2697 1110 2741 Tertulliani
1140 2696 1296 2754 aliquid
1325 2696 1501 2740 fortasse
1535 2695 1808 2739 desideratur.

408 2755 739 2798 MURATORI.
791 2756 945 2800 Confer
958 2761 1001 2799 et
1014 2756 1135 2798 Matt.
1150 2769 1190 2797 x.
1205 2768 1274 2808 40.
1326 2754 1410 2798 Sed
1431 2754 1496 2797 hic
1510 2752 1650 2796 afferri
1666 2758 1810 2796 auctor

406 2812 607 2878 quispiam
622 2813 796 2857 videtur.
838 2814 1032 2857 Maoeimc
1047 2814 1273 2862 advenam,
1289 2826 1344 2855 an
1356 2811 1625 2911 significatur,
1641 2816 1684 2853 ct
1698 2811 1808 2897 ‹Juod

406 2884 628 2913 maximum
650 2877 724 2922 est,
746 2870 962 2922 advenam,
983 2876 1108 2926 atquo
1129 2869 1232 2913 adeo
1254 2868 1386 2927 magis
1423 2868 1690 2912 ionorandum
1707 2899 1716 2911 .
1823 2880 1872 2919 45
