2034 3204
502 723 1319 791 FIRMILIANUS.

397 1050 543 1098 Gon..
568 1050 771 1106 CAvms,
798 1048 926 1098 Hist.
953 1050 1051 1098 Lit.
1076 1052 1167 1097 vol.
1191 1063 1224 1097 1.
1249 1066 1294 1111 p.
1324 1065 1430 1109 123.

211 1123 707 1206 FIRMILIANUS
723 1163 757 1212 ⁰,
782 1156 858 1202 vir
890 1171 1077 1219 genere,
1109 1156 1304 1217 pietate,
1332 1162 1477 1218 atque
1511 1172 1619 1204 eru-

209 1237 395 1284 ditione
440 1233 659 1291 illustris,
703 1233 828 1280 circa
872 1248 952 1279 an.
991 1247 1085 1291 233
1133 1233 1392 1280 Caesareae
1434 1233 1619 1295 Cappa-

175 1333 198 1372 5
211 1315 380 1361 docum
399 1311 668 1372 Episcopus
690 1309 846 1356 factus
870 1315 956 1355 est.
1027 1308 1188 1355 Multa
1210 1308 1253 1354 ei
1277 1323 1387 1355 cum
1407 1308 1619 1371 Origene

212 1397 326 1438 tunc
340 1388 540 1436 docendi
556 1402 750 1434 munere
758 1386 1019 1434 Caesareae
1034 1385 1084 1432 in
1102 1385 1378 1433 Palaestina
1388 1386 1620 1449 fungente

210 1466 515 1515 familiaritas
556 1463 850 1511 intercessit:
897 1463 1045 1510 immo
1085 1469 1186 1509 tam
1231 1478 1469 1525 propenso
1505 1479 1621 1527 erga

211 1545 471 1608 Origenem
502 1542 664 1589 animo
686 1541 796 1597 fuit,
820 1547 875 1588 ut
899 1542 1042 1588 modo
1076 1541 1214 1588 illum
1249 1541 1302 1588 in
1337 1556 1474 1588 suam
1510 1557 1622 1602 pro-

211 1622 418 1670 vinciam
459 1622 520 1668 ad
555 1620 881 1667 Ecclesiarum
916 1619 1176 1667 utilitatem
1218 1626 1450 1675 evocaret,
1478 1621 1621 1667 modo

153 1719 200 1745 10
211 1702 272 1748 ad
307 1701 464 1762 ipsum
489 1698 741 1745 visendum
769 1697 1003 1744 Judaeam
1039 1712 1191 1758 usque
1226 1697 1619 1758 proficisceretur,

212 1784 262 1826 et
294 1793 403 1825 cum
440 1792 496 1823 eo
530 1775 828 1837 aliquamdiu
852 1781 1080 1830 maneret,
1104 1781 1159 1822 ut
1194 1775 1426 1837 majorem
1460 1790 1620 1822 rerum

212 1856 487 1904 divinarum
527 1853 850 1916 cognitionem
890 1852 1167 1914 perciperet.
1204 1852 1408 1915 [Euseb.
1444 1853 1528 1899 lib.
1554 1866 1618 1900 Vl.

213 1950 252 1982 c.
281 1934 356 1988 26,
385 1931 487 1994 27.]
556 1930 707 1978 Tanti
735 1930 797 1977 ab
831 1929 1054 1977 omnibus
1086 1930 1280 1977 habitus
1311 1937 1399 1985 est,
1423 1938 1479 1978 ut
1511 1947 1622 1994 gra-

213 2011 425 2059 vioribus
450 2008 692 2057 Ecclesiae
726 2007 932 2072 negotiis
960 2023 1017 2055 eo
1041 2014 1252 2068 tempore
1276 2008 1474 2071 agitatis
1497 2025 1622 2056 sem-

139 2108 200 2148 *15
214 2103 299 2152 per
343 2086 630 2135 interfuerit.
700 2086 907 2149 Magnas
953 2101 1063 2132 cum
1109 2086 1352 2147 Stephano
1400 2087 1622 2134 Romano

215 2167 446 2214 Pontifice
492 2166 554 2212 ob
599 2166 776 2228 dogma
820 2165 880 2210 de
927 2163 1197 2211 Haereticis
1240 2164 1622 2226 Rebaptizandis

213 2246 322 2293 lites
350 2243 575 2292 exercuit.
647 2242 824 2289 Coacta
858 2241 986 2288 enim
1011 2241 1362 2303 Episcoporum
1386 2242 1622 2296 Galatiae,

215 2322 472 2386 Phrygiae,
518 2320 727 2374 Ciliciae,
775 2326 824 2366 et
878 2319 1206 2380 proximarum
1266 2320 1620 2381 provinciarum

215 2402 409 2463 Synodo
455 2397 704 2452 Iconiensi,
747 2397 981 2459 Cypriani
1024 2398 1311 2445 sententiam
1360 2398 1622 2445 haereticos

153 2495 203 2522 20
215 2480 372 2526 denuo
398 2492 499 2524 esse
526 2475 894 2536 rebaptizandos
929 2476 1155 2522 adversus
1179 2476 1479 2536 Stephanum
1514 2491 1625 2522 con-

214 2562 396 2603 stanter
429 2552 757 2601 contendentis
792 2553 1123 2599 confirmavit:
1168 2559 1422 2614 propterea
1456 2569 1486 2600 a
1519 2554 1624 2600 Ste-

214 2634 376 2695 phano
410 2633 534 2678 male
568 2630 778 2686 habitus,
814 2630 900 2690 qui
936 2638 1080 2690 rupto
1113 2630 1244 2690 pacis
1279 2630 1623 2678 ecclesiasticae

215 2712 407 2758 vinculo
430 2725 540 2757 eum
564 2709 626 2755 ab
641 2707 884 2755 Ecclesiae
906 2723 1021 2755 suae
1044 2708 1378 2756 communione
1401 2710 1620 2757 abscidit.

266 2860 284 2880 ⁸
303 2852 412 2892 Conf.
433 2851 652 2900 Tillemont,
673 2851 834 2890 Memor.
857 2850 1000 2890 Eccles.
1021 2851 1070 2889 ad
1090 2850 1169 2890 Vit.
1192 2851 1402 2890 Firmilian.
1424 2851 1497 2891 vol.
1516 2863 1570 2890 ιν.
