2034 3204
329 242 729 284 TERTULLIANI
764 242 840 282 DE
874 242 1250 283 PRAESCRIPT.
1276 242 1449 283 l-IAER.
1534 243 1617 283 1253

212 351 316 411 ejus
362 351 411 396 in
452 356 614 395 nostra
653 355 899 409 potestate.
984 349 1217 396 Haereses
1258 367 1370 396 vero
1415 360 1616 397 mortem

212 434 468 482 aeternam,
484 433 531 473 et
548 427 743 488 majoris
763 427 889 489 ignis
908 429 1124 473 ardorem
1144 428 1415 483 inferentes,
1432 431 1617 475 malunt

212 505 408 565 quidam
440 504 620 558 mirari,
645 505 769 564 quod
799 504 890 549 hoc
921 503 1119 563 possint,
1145 519 1290 563 quam
1322 504 1534 550 devitare
1558 521 1618 550 ne

212 583 408 643 possint,
443 598 593 642 quum
628 582 837 627 habeant
873 580 1119 627 devitandi
1162 588 1460 641 potestatem.
1530 582 1620 628 Ce-

176 672 199 711 5
213 666 367 707 terum
410 660 531 706 nihil
566 660 806 713 valebunt,
849 659 889 704 si
935 659 1042 705 illas
1089 665 1277 704 tantum
1318 661 1477 705 valere
1523 675 1618 705 non

212 738 459 784 mirentur.
530 736 634 783 Aut
668 737 795 782 enim
827 738 943 782 dum
978 736 1230 789 mirantur,
1256 737 1305 782 in
1342 738 1617 783 scandalum

214 815 664 868 subministrantur;
702 820 786 860 aut
813 814 929 874 quia
961 814 1363 867 scandalizantur,
1388 814 1494 860 ideo
1529 814 1619 860 mi-

214 899 396 946 rantur,
420 893 573 952 quasi,
597 893 725 952 quod
749 898 938 937 tantum
963 893 1168 946 valeant,
1187 908 1246 938 ex
1271 892 1433 952 aliqua
1457 893 1619 938 veniat

214 969 427 1016 veritate.
498 969 680 1015 Mirum
715 969 893 1015 scilicet
927 976 983 1015 ut
1016 971 1198 1015 malum
1226 970 1350 1016 vires
1386 986 1496 1016 suas
1531 971 1618 1016 ha-

79 1085 82 1088 ,
154 1065 202 1090 10
214 1047 348 1093 beat!
385 1047 478 1093 nisi
509 1048 636 1107 quod
668 1047 884 1092 haereses
915 1046 1041 1106 apud
1072 1062 1150 1092 eos
1181 1049 1388 1093 multum
1413 1050 1618 1102 valeant,

214 1124 298 1184 qui
322 1124 371 1170 in
396 1124 488 1170 fide
511 1140 606 1170 non
630 1126 802 1170 valent.
875 1123 931 1169 In
960 1139 1124 1185 pugna
1151 1124 1371 1186 pugilum
1396 1131 1444 1170 et
1466 1125 1620 1187 gladi-

215 1209 417 1256 atorum,
441 1203 721 1262 plerumque
754 1216 847 1246 non
880 1200 994 1260 quia
1028 1200 1165 1246 fortis
1203 1210 1290 1255 est,
1315 1202 1465 1248 vincit
1492 1203 1618 1262 quis,

214 1284 299 1324 aut
339 1278 454 1338 quia
495 1294 589 1323 non
630 1284 786 1338 potest
820 1277 977 1331 vinci3
1033 1279 1113 1323 sed
1155 1279 1380 1338 quoniam
1419 1279 1499 1325 ille
1533 1279 1618 1340 qui

215 1356 368 1402 victus
400 1362 486 1410 est,
511 1355 654 1401 nullis
683 1355 866 1401 viribus
897 1355 1020 1401 fuit:
1058 1357 1175 1401 adeo
1204 1356 1329 1402 idem
1360 1357 1439 1403 ille
1467 1358 1620 1404 victor

154 1442 200 1482 15
215 1434 332 1480 bene
377 1433 555 1479 valenti
601 1439 765 1492 postea
811 1439 1125 1492 comparatus,
1173 1434 1318 1479 etiam
1366 1442 1618 1494 superatus

213 1511 401 1558 recedit.
474 1511 583 1556 Non
608 1510 747 1556 aliter
769 1511 986 1555 haereses
1011 1512 1069 1556 de
1092 1512 1393 1571 quorundam
1419 1511 1620 1559 infirmi-

213 1589 392 1636 tatibus
424 1589 602 1635 habent
629 1589 756 1648 quod
781 1589 955 1641 valent,
980 1588 1101 1634 nihil
1125 1591 1336 1635 valentes
1361 1590 1401 1635 si
1427 1590 1476 1636 in
1501 1591 1619 1637 bene

215 1667 449 1712 valentem
474 1664 612 1711 fidem
642 1666 904 1711 incurrant.

281 1743 443 1789 Solent
477 1743 670 1803 quidem
706 1743 787 1788 isti
823 1742 1106 1789 infirmiores
1141 1745 1286 1790 etiam
1322 1746 1380 1791 de
1421 1746 1617 1805 quibus·
1631 1755 1733 1788 CAP.
1754 1755 1825 1788 111.

153 1839 201 1864 20
214 1822 325 1867 dam
356 1822 569 1882 personis
593 1822 653 1867 ab
676 1821 860 1867 haeresi
883 1821 1049 1881 captis,
1074 1821 1312 1868 aedificari
1337 1823 1387 1869 in
1412 1824 1616 1871 ruinam.

214 1898 374 1952 Quare
409 1899 487 1944 ille
510 1901 585 1944 vel
621 1899 711 1952 ille,
737 1898 1014 1951 fidelissimi,
1039 1900 1414 1958 prudentissimi,
1438 1907 1486 1947 et
1520 1902 1618 1947 usi-

213 1977 438 2022 tatissimi
474 1977 523 2022 in
561 1976 783 2028 Ecclesia,
815 1976 866 2023 in
901 1976 1032 2022 illam
1068 1983 1252 2036 partem
1288 1978 1618 2025 transierunt?

213 2052 334 2107 Quis
380 2053 468 2099 hoc
514 2052 690 2107 dicens,
732 2068 842 2098 non·
872 2052 973 2112 ipse
1018 2052 1110 2098 sibi
1156 2055 1419 2112 respondet,
1467 2069 1620 2115 neque

214 2131 484 2190 prudenteS‚
509 2145 662 2189 neque
685 2128 858 2182 fideles»,
883 2145 1036 2189 neque
1058 2130 1261 2176 usitatos
1284 2130 1618 2186 aestimandoS,

153 2222 200 2260 25
214 2223 333 2268 quos
357 2208 573 2253 haereses
601 2207 844 2266 potuerint
875 2207 1158 2253 demutare?
1209 2208 1278 2254 Et
1306 2209 1394 2254 hoc
1427 2209 1619 2262 mirum,

214 2284 395 2344 opinor,
436 2291 492 2330 ut
536 2284 764 2343 probatus
811 2283 959 2343 aliqui
1003 2290 1142 2338 retro,
1184 2292 1348 2345 postea
1395 2286 1582 2332 excidat
1597 2287 1619 2332 ἶ)

215 2362 330 2408 Saul
376 2362 528 2408 bonus
574 2376 687 2421 prae
732 2361 916 2417 ceteris,
963 2361 1110 2407 livore
1165 2369 1330 2422 postea
1376 2363 1807 2420 evertitur.1ch.x.

216 2439 373 2485 David
431 2439 506 2485 vir
562 2440 714 2485 bonus
765 2441 1024 2486 secundum
1071 2456 1152 2486 cor
1197 2441 1411 2493 Domini,
1458 2448 1652 2500 postea,
1638 2422 1804 2507 ’Ῑιξζξζῃ
1748 2423 1838 2498 ¹³2³·

215 2517 370 2563 caedis
406 2523 453 2562 et
486 2517 641 2577 stupri
671 2533 780 2563 reus
812 2524 897 2563 est.
967 2518 1205 2571 Salomon,
1229 2518 1359 2563 omni
1390 2518 1548 2579 gratia
1575 2526 1642 2565 et·
1635 2522 1653 2548 ³
1635 2510 1808 2586 RI-

153 2613 204 2648 30
216 2594 451 2654 sapientia
481 2595 685 2640 donatus
717 2610 746 2639 a
769 2594 992 2647 Domino,
1017 2596 1077 2640 ad
1106 2595 1424 2641 idololatriam
1459 2611 1484 2641 e
1519 2611 1622 2642 mu-

215 2672 410 2719 lieribus
446 2672 702 2718 inducitur.
773 2671 870 2717 Soli
906 2671 1032 2717 enim
1062 2672 1154 2717 Dei
1185 2673 1310 2718 Filio
1343 2674 1624 2719 servabatur

216 2750 318 2796 sine
352 2750 524 2796 delicto
558 2764 847 2809 permanere.
916 2749 1046 2802 Quid
1077 2765 1191 2811 ergo
1222 2750 1263 2795 si
1295 2750 1555 2810 episcopus,
1579 2752 1620 2796 si

217 2827 458 2881 diaconus,
484 2827 524 2873 si
549 2827 706 2877 vidua,
722 2827 762 2871 si
782 2826 931 2888 virg0,
951 2826 991 2872 si
1015 2828 1192 2881 doctor,
1209 2828 1249 2873 si
1268 2828 1413 2875 etiam
1438 2835 1622 2889 martyr
