2034 3204
201 346 211 368 ι
225 336 300 369 Cor.
319 337 385 369 xiv.

196 390 248 422 30.

198 1416 378 1450 Raefellitur

197 1461 337 1493 assertio

199 1504 362 1547 Stephani

198 1549 351 1585 dicentis,

198 1591 289 1634 quod
304 1592 395 1634 Apo-

198 1635 276 1668 stoli
291 1635 334 1667 ab

198 1679 375 1711 haereticis

198 1723 372 1755 venientes

199 1766 370 1809 baptizare

199 1810 375 1853 prohibue-

201 1854 280 1886 rint.

204 2819 269 2850 Tit.
287 2819 329 2850 iii.
350 2826 396 2856 ¹⁴·

412 218 497 258 234-
919 213 1307 257 FIRMILIANI

414 325 590 386 cipitur
636 326 791 386 primo
843 327 892 371 in
945 326 1196 386 prophetia
1246 323 1474 384 loquenti,
1521 323 1561 368 si
1609 323 1813 368 secundo

412 403 559 450 fuerit
582 406 857 450 revelatum.
910 403 1019 456 Qua
1041 419 1101 448 ex
1124 418 1266 449 causa
1291 400 1554 447 necessario
1578 401 1705 459 apud
1729 414 1814 444 nos

413 482 480 535 fit,
516 489 572 528 ut
606 497 690 542 per
724 481 937 543 singulos
968 496 1117 526 annos
1154 480 1361 525 seniores
1393 485 1441 524 et
1478 476 1736 538 praepositi
1764 476 1814 521 in

413 575 563 605 unum
605 558 942 606 conveniamus
988 559 1049 603 ad
1086 557 1380 617 disponenda
1419 572 1475 602 ea
1514 571 1636 616 quae
1675 569 1816 600 curae

414 644 605 683 nostrae
650 636 901 683 commissa
947 642 1072 688 sunt,
1112 641 1168 680 ut
1203 634 1244 680 si
1285 649 1381 694 qua
1426 633 1648 696 graviora
1686 637 1814 686 sunt,
1829 643 1853 682 5

413 714 655 761 communi
690 714 887 760 consilio
921 713 1222 774 dirigantur;
1259 710 1406 771 lapsis
1433 725 1622 770 quoque
1656 708 1818 755 fratri-

412 794 500 839 bus
533 798 580 838 et
611 798 719 852 post
750 793 993 837 lavacrum
1029 791 1236 836 salutare
1266 804 1295 834 a
1326 788 1514 834 diabolo
1542 786 1817 840 vulneratis,

413 885 497 930 per
520 868 863 929 poenitentiam
885 868 1067 913 medela
1090 873 1375 927 quaeratur;
1411 880 1505 911 non
1523 863 1661 924 quasi
1685 879 1715 909 a
1737 878 1821 910 no-

414 947 487 993 bis
511 946 839 993 remissionem
858 951 1157 1006 peccatorum
1177 949 1543 1003 consequantur,
1562 943 1643 988 sed
1663 948 1716 988 ut
1734 957 1821 1002 per

415 1040 501 1070 nos
529 1025 590 1069 ad
626 1022 994 1085 intelligentiam
1017 1022 1299 1068 delictorum
1322 1036 1517 1067 suorum
1541 1026 1820 1066 convertan-
1836 1034 1885 1061 10

415 1107 510 1155 tur,
536 1105 584 1145 et
611 1098 821 1144 Domino
855 1098 1042 1158 plenius
1076 1097 1347 1144 satisfacere
1374 1102 1619 1159 cogantur.
1689 1096 1821 1150 Quo-

415 1177 547 1223 niam
570 1191 683 1223 vero
706 1177 892 1239 legatus
915 1175 1005 1221 iste
1029 1191 1058 1221 a
1081 1175 1214 1222 vobis
1238 1175 1411 1221 missus
1439 1174 1626 1236 regredi
1650 1175 1710 1221 ad
1735 1189 1821 1221 vos

415 1255 686 1308 festinabat,
722 1261 770 1300 et
814 1253 1070 1300 hibernum
1107 1260 1297 1314 tempus
1334 1253 1551 1315 urgebat,
1585 1258 1820 1312 quantum

418 1332 660 1394 potuimus
684 1333 744 1378 ad
768 1331 945 1392 scripta
967 1338 1124 1377 vestra
1146 1331 1489 1391 rescripsimus.

488 1410 573 1456 IV.
610 1410 679 1456 Et
715 1410 907 1470 quidem
949 1415 1183 1470 quantum
1227 1410 1287 1454 ad
1325 1409 1372 1455 id
1416 1410 1654 1468 pertineat
1693 1409 1821 1470 quod
1839 1420 1886 1460 15

419 1488 691 1548 Stephanus
715 1487 866 1541 dixit,
896 1487 1033 1547 quasi
1062 1486 1284 1546 Apostoli
1321 1502 1399 1532 eos
1431 1487 1516 1547 qui
1546 1488 1607 1533 ab
1638 1486 1822 1533 haeresi

419 1565 614 1612 veniant
640 1565 878 1625 baptizari
903 1564 1252 1625 prohibuerint,
1277 1571 1324 1610 et
1343 1565 1433 1611 hoc
1456 1565 1823 1611 custodiendum

419 1643 620 1705 posteris
675 1642 974 1696 tradiderint,
1031 1642 1304 1702 plenissime
1355 1657 1437 1688 vos
1495 1643 1822 1703 respondistis,

420 1722 659 1769 neminem
683 1727 782 1766 tam
807 1722 1008 1766 stultum
1033 1735 1134 1766 esse
1157 1719 1242 1780 qui
1269 1720 1358 1766 hoc
1383 1721 1543 1766 credat
1566 1719 1823 1780 Apostolos

420 1799 687 1852 tradidisse,
702 1798 895 1858 quando
918 1797 1065 1843 etiam
1093 1796 1221 1857 ipsas
1245 1797 1461 1843 haereses
1485 1803 1669 1844 constet
1691 1813 1822 1845 exse·
1839 1812 1890 1839 20

420 1876 619 1924 crabiles
655 1891 709 1922 ac
739 1876 1043 1921 detestandas
1078 1880 1243 1934 postea
1266 1874 1518 1921 exstitisse.
1589 1875 1752 1929 Quum
1777 1882 1825 1921 et

420 1955 637 2002 Marcion
676 1953 905 2000 Cerdonis
946 1952 1208 2013 discipulus
1246 1952 1534 2007 inveniatur,
1572 1969 1677 2000 sero
1717 1960 1826 2014 post

418 2033 676 2093 Apostolos
707 2038 755 2078 et
787 2037 895 2091 post
922 2032 1065 2092 longa
1093 2030 1155 2076 ab
1184 2029 1251 2075 eis
1284 2036 1512 2090 tempora,
1545 2030 1825 2094 sacrilegam

419 2111 648 2156 adversus
671 2109 829 2155 Deum
853 2107 1159 2155 traditionem
1184 2107 1443 2153 induxisse.
1490 2107 1684 2168 Apelles
1707 2123 1826 2168 quo-

420 2203 513 2249 que
550 2186 871 2247 blasphemiae
908 2187 1013 2247 ejus
1050 2184 1361 2237 consentiens,
1400 2187 1552 2232 multa
1580 2185 1675 2232 alia
1702 2200 1824 2232 nova
1841 2207 1890 2246 25

420 2272 468 2311 et
490 2265 725 2327 graviora,
751 2263 859 2310 fidei
889 2279 942 2309 ac
967 2262 1159 2309 veritati
1188 2262 1383 2308 inimica
1410 2262 1661 2309 addiderit.
1732 2263 1821 2309 Sed

420 2350 468 2389 et
506 2342 751 2390 Valentini
791 2348 838 2387 et
885 2340 1112 2387 Basilidis
1154 2346 1342 2400 tempus
1385 2340 1692 2387 manifestum
1738 2348 1825 2396 est,

420 2422 546 2482 quod
572 2427 620 2467 et
644 2420 734 2480 ipsi
759 2425 867 2479 post
890 2418 1146 2478 Apostolos
1170 2424 1218 2463 et
1242 2424 1348 2477 post
1378 2419 1567 2479 longam
1603 2425 1823 2474 aetatem,

421 2499 647 2545 adversus
696 2496 958 2543 Ecclesiam
998 2495 1088 2542 Dei
1135 2495 1373 2541 sceleratis
1420 2496 1678 2542 mendaciis
1724 2497 1824 2543 suis

422 2575 766 2623 rebellaverint.
837 2574 1029 2621 Ceteros
1086 2589 1275 2634 quoque
1321 2573 1580 2620 haereticos
1639 2581 1825 2621 constat
1839 2600 1891 2638 30

424 2669 594 2714 pravas
631 2668 742 2700 suas
788 2658 940 2699 sectas
976 2658 1025 2698 et
1062 2650 1357 2698 inventiones
1404 2666 1648 2711 perversas
1684 2658 1828 2712 prout

423 2732 626 2792 quisque
666 2746 823 2777 errore
860 2731 1031 2776 ductus
1068 2735 1152 2783 est,
1195 2734 1358 2789 postea
1395 2728 1665 2784 induxisse;
1707 2744 1826 2789 quos

424 2825 586 2855 omnes
612 2807 914 2854 manifestum
939 2813 1010 2852 est
1035 2822 1062 2852 a
1086 2805 1351 2865 semetipsis
1375 2806 1623 2852 damnatos
1647 2821 1760 2860 csse,
1778 2813 1826 2852 et
