2034 3204
482 217 679 261 LECTT.
709 217 993 260 TERTULL.
1021 217 1150 260 COD.
1183 219 1438 262 AMBROS.
1575 222 1655 262 431

323 329 592 372 OMNIBUS
615 329 702 386 jam
734 327 851 384 prelo
878 327 1082 369 mandatis
1112 342 1218 384 quae
1247 329 1302 371 ad
1322 328 1530 372 volumina
1558 330 1662 373 hacc

258 398 481 455 pertinent,
501 411 593 440 sero
621 396 701 438 huc
731 395 896 438 demum
925 395 1132 438 advenere
1163 396 1358 438 lectiones
1381 396 1542 439 Codicis
1562 398 1662 439 Am-

258 466 435 509 brosiani
457 466 676 509 variantes.
737 464 782 506 Is
802 478 900 506 vero
923 464 1064 507 Codex
1094 470 1169 514 est,
1191 479 1243 507 ex
1265 479 1346 521 quo
1374 471 1537 522 partem
1566 466 1660 508 ulti-

257 550 366 578 mam
395 534 489 577 libri
518 539 643 576 antea
671 532 804 575 mutili
833 533 886 575 de
909 532 1109 575 Oratione
1139 533 1365 590 desumpsit
1390 534 1659 586 Muratorius‚

256 603 328 660 qui
357 603 530 646 eandem
559 608 722 660 partem
753 617 845 645 cum
874 607 962 645 toto
998 602 1193 659 opusculo
1228 602 1564 646 adnotationibus
1599 602 1661 644 in-

254 678 412 716 structo
447 670 669 714 Anecdotis
703 670 786 712 suis
820 670 983 727 adjecit.
1058 671 1156 714 Una
1194 676 1333 713 autem
1369 685 1461 713 cum
1497 671 1660 728 supple-

255 746 394 783 mento
419 739 633 782 duodecim
662 739 798 796 capita
823 738 1010 795 proxime
1039 738 1327 782 antecedentia
1354 738 1398 781 in
1427 739 1506 783 hoc
1534 740 1659 783 MSto

254 823 281 852 a
310 807 542 851 Muratorio
571 813 742 865 reperta
770 812 879 850 sunt.
939 807 1077 850 Etiam
1109 807 1151 850 in
1187 808 1257 851 illa
1285 813 1420 865 parte,
1451 822 1574 865 quam
1605 824 1658 851 ex

256 877 406 920 Codice
426 876 579 934 scripto
599 875 804 934 supplevit
824 875 887 918 vir
907 876 957 918 cl.
974 876 1107 919 bonae
1125 876 1239 934 frugi
1259 883 1323 919 est
1343 891 1450 933 quae
1472 877 1659 934 sequitur

254 945 474 995 Varietas3
507 945 631 988 immo
658 959 756 987 vero
786 944 841 987 ad
871 944 1008 1001 capita
1037 945 1324 988 antecedentia
1353 945 1465 1002 quod
1493 946 1657 998 attinet,

252 1014 442 1072 integrae
466 1020 508 1058 et
534 1014 713 1057 intactae
734 1019 829 1056 sunt
851 1013 1013 1056 Codicis
1033 1028 1144 1070 opes,
1166 1013 1359 1071 quoniam
1387 1014 1429 1056 in
1457 1014 1659 1071 capitibus

252 1083 332 1126 illis
361 1089 521 1126 textum
551 1082 796 1125 Tertulliani
823 1082 947 1139 vulgo
977 1088 1190 1139 receptum
1219 1082 1357 1139 posuit
1387 1082 1656 1135 Max-aterius,

253 1165 349 1193 raro
370 1150 514 1194 habita
535 1150 697 1192 ratione
717 1150 978 1192 Ambrosiani
999 1150 1287 1208 Manuscripti,
1310 1165 1362 1192 ex
1382 1165 1465 1207 quo
1495 1150 1657 1208 insigne

252 1219 432 1262 auctoris
452 1218 568 1262 nobis
588 1218 703 1261 dedit
722 1218 1063 1262 additamentum.

257 1335 428 1378 Codicis
447 1335 729 1376 Ambrosiani
748 1335 796 1376 in
815 1342 945 1390 parte
965 1335 1199 1390 posteriori
1219 1334 1351 1376 Libri
1371 1335 1424 1375 de
1450 1334 1656 1376 Oratione

590 1404 811 1446 Lectiones
830 1403 1060 1445 nonnullae
1080 1403 1315 1446 variantes.

304 1496 347 1533 P.
375 1494 462 1539 108,
488 1495 514 1532 l.
545 1506 607 1543 23,
637 1493 725 1532 MS.
757 1494 919 1531 Ambro-
977 1495 1140 1532 abluisse
1160 1494 1198 1532 in
1219 1493 1373 1531 Domini
1394 1493 1639 1532 deditionem.

250 1550 375 1587 sianus
394 1555 497 1587 recte
522 1549 637 1586 habet
663 1548 921 1586 accedentium
1034 1550 1073 1586 P.
1099 1561 1188 1591 110,
1212 1548 1238 1587 l.
1259 1560 1298 1598 9.
1325 1548 1554 1586 incrustatae
1585 1560 1654 1597 pro

249 1604 534 1646 desideriorum,
587 1602 667 1640 sine
723 1602 923 1652 interjecto
978 1609 1209 1641 cruentatae.

248 1659 325 1703 illo,
351 1659 415 1708 jus
443 1664 514 1700 est,
543 1657 644 1706 quod
674 1656 711 1694 iu
740 1663 922 1694 contextu

249 1724 336 1750 meo
355 1712 535 1750 omissum
556 1717 626 1748 est.

305 1767 346 1804 P.
377 1787 431 1794 —
466 1766 492 1803 1.
531 1776 598 1814 32,
635 1763 726 1802 MS.
765 1764 920 1814 optime,

250 1820 372 1866 Quale
401 1825 458 1857 est
485 1819 585 1857 enim
615 1819 663 1856 ad
691 1818 762 1855 Dei
791 1831 921 1868 pacem

249 1874 441 1912 accedere.
487 1873 693 1915 Accedere,
714 1872 814 1921 quod
835 1885 921 1922 pro-

249 1929 364 1966 babat
383 1941 450 1977 pro
470 1927 658 1968 recedere.
671 1932 819 1976 poterat
832 1926 923 1963 Mu-

249 1983 411 2020 ratorius
423 1981 621 2030 recepisse.
642 1980 782 2018 Confer
794 1987 923 2018 notam

248 2037 333 2086 ejus
352 2036 399 2074 ad
418 2036 557 2073 locum.

307 2091 350 2128 P.
368 2103 458 2138 109,
482 2090 506 2126 1.
531 2101 562 2131 ι,
583 2088 749 2126 Additur
771 2095 920 2126 nostro-

249 2158 333 2183 rum
353 2150 439 2194 post
458 2143 682 2181 debitorum.

307 2200 408 2237 P.-
425 2198 451 2235 l.
471 2210 483 2234 1
495 2198 531 2240 8,
547 2196 732 2234 emittitur
745 2209 813 2246 pro
833 2196 921 2233 mit-

249 2253 354 2291 titur.

304 2308 405 2345 P.—-
419 2306 444 2343 l.
461 2306 524 2348 26,
538 2304 703 2341 Additur
717 2317 739 2342 a
754 2304 919 2347 saevitia,

249 2367 337 2398 ante
357 2372 481 2403 voceS,
502 2372 524 2396 a
542 2358 745 2395 veneficiis.

306 2414 352 2452 P.
371 2436 426 2442 —-
452 2413 478 2450 1.
506 2423 570 2461 27,
601 2424 779 2449 manuum
809 2425 922 2462 opere

249 2481 318 2518 pro
340 2481 388 2506 m.
405 2480 528 2516 opera.

306 2523 346 2559 P.
359 2544 412 2550 —-
424 2522 447 2559 l.
457 2533 520 2570 30,
536 2520 690 2557 Habent
703 2521 835 2558 Codex
851 2521 922 2558 iste

249 2583 287 2614 et
317 2576 405 2614 MS.
427 2574 626 2624 Agobard.
654 2576 810 2612 veniunt
837 2580 923 2624 post

248 2631 428 2679 corporis.

304 2685 347 2721 P.
363 2705 416 2713 -
436 2683 460 2720 l.
483 2695 546 2731 3¹,
572 2683 826 2733 scrupulosius
854 2694 923 2731 pro

251 2738 479 2788 scrupulose.

294 2792 422 2829 P.—l.
430 2802 451 2838 3
458 2802 478 2839 3
487 2791 711 2832 ‚Verborum
720 2791 820 2840 quod
829 2802 915 2838 ape-

248 2847 297 2883 rit
330 2858 479 2883 sensum
499 2859 507 2887 ;
556 2846 720 2894 comperi
753 2856 917 2882 comme-

248 2901 498 2937 morationem
512 2900 774 2941 esse‚Pilatum
789 2911 920 2936 manus

1033 1658 1074 1695 P.
1095 1679 1150 1685 —
1177 1657 1202 1694 l.
1230 1657 1286 1699 ¹6,
1324 1657 1547 1706 attingimus
1584 1669 1653 1706 pro

977 1712 1186 1761 attigimus,
1201 1711 1302 1760 quod
1318 1711 1552 1748 Muratorius
1571 1710 1652 1748 alii-

978 1778 1050 1814 que
1070 1765 1225 1803 habent.

1035 1818 1142 1857 P.—
1157 1819 1179 1857 l.
1192 1830 1251 1861 20,
1264 1818 1449 1855 definiunt
1461 1831 1530 1868 pro
1542 1818 1651 1855 fiunt.

1034 1873 1077 1910 P.
1093 1894 1143 1901 -—
1165 1873 1189 1910 l.
1211 1884 1276 1922 33,
1309 1872 1517 1922 insigniter
1545 1872 1650 1909 addi-

979 1932 1051 1969 tur,
1068 1926 1139 1964 nisi
1159 1939 1269 1976 quam
1290 1927 1395 1976 pueri
1411 1927 1555 1970 volunt,
1575 1926 1652 1972 Qui

979 1981 1079 2018 enim
1090 1981 1253 2018 Hermas
1268 1981 1335 2018 &c.
1348 1981 1454 2028 (fors.
1462 1980 1504 2018 Si
1518 1981 1650 2028 enim.)

1034 2035 1074 2072 P.
1098 2047 1181 2078 ιιι,
1201 2035 1225 2072 l.
1244 2045 1279 2084 5,
1301 2035 1482 2072 sedissem
1502 2047 1571 2084 pro
1591 2047 1650 2072 as-

979 2089 1172 2131 sedissem,
1189 2094 1300 2138 prout
1322 2089 1490 2126 Hermae
1509 2089 1652 2138 aliquot

978 2142 1097 2180 MSS.
1123 2143 1247 2181 Habet
1257 2142 1463 2192 impressus
1474 2143 1652 2185 Hermas,

977 2197 1244 2234 consedissem.

1031 2252 1074 2289 P.
1090 2272 1142 2279 -
1160 2251 1185 2288 1.
1208 2263 1264 2296 10,
1282 2251 1400 2288 Addit
1420 2257 1459 2289 et
1479 2255 1565 2287 ante
1585 2249 1651 2286 ad-

977 2305 1093 2342 oratis
1129 2303 1216 2342 MS.
1250 2305 1430 2343 Ambros.
1465 2304 1524 2341 vel
1562 2302 1651 2341 MS.

977 2359 1186 2408 Agobardi.

1035 2412 1079 2450 P.
1095 2433 1146 2440 —
1166 2413 1192 2449 1.
1213 2424 1273 2460 24,
1293 2412 1397 2449 Nam
1418 2417 1456 2449 et
1474 2411 1536 2448 ille
1555 2410 1651 2460 pub-

976 2466 1143 2510 licanus;
1178 2466 1337 2503 Addidit
1362 2465 1584 2515 particulam
1613 2471 1652 2502 et

978 2519 1065 2558 MS.
1086 2526 1256 2569 uterque.

1035 2574 1074 2612 P.
1105 2596 1159 2603 —
1190 2574 1215 2611 l.
1254 2585 1272 2610 2
1279 2586 1315 2622 5,
1354 2574 1460 2611 vultu
1497 2572 1650 2610 humilis

979 2641 1047 2678 pro
1067 2641 1101 2664 v.
1123 2628 1353 2665 humiliatus.

1032 2682 1072 2719 P.
1091 2704 1145 2710 —
1164 2682 1188 2719 l.
1212 2692 1275 2729 27,
1299 2682 1384 2718 Hoc
1412 2682 1552 2719 lemma
1582 2681 1649 2718 ad-

979 2736 1073 2773 dunt
1106 2735 1227 2774 MSS.
1259 2735 1436 2773 Ambros.
1469 2741 1508 2773 et
1538 2737 1648 2786 Ago·

973 2789 1081 2827 bard.
1111 2790 1170 2826 De
1191 2789 1296 2826 Sono
1315 2789 1430 2826 vocis.

1030 2844 1069 2880 P.
1095 2855 1182 2886 112,
1209 2843 1234 2881 l.
1263 2854 1320 2891 14,
1347 2843 1552 2881 disceditur
1580 2856 1648 2893 pro

976 2897 1174 2935 receditur.
