2034 3204
463 244 549 286 168
846 245 1204 287 ADVERSUs
1249 243 1472 286 OMNES

461 358 512 402 in
558 357 640 410 eis,
691 357 751 402 ob
798 371 942 416 quam
989 371 1182 401 causam
1227 355 1389 401 omnia
1436 355 1627 399 infirma
1667 366 1780 404 esse,
1819 356 1867 396 et

460 434 665 496 fragilia,
690 440 737 479 et
760 435 953 487 caduca,
978 439 1024 478 et
1050 433 1287 486 mortalia,
1311 446 1638 492 quaecumque
1667 435 1778 475 sunt
1804 428 1866 474 ab

462 512 566 572 ipso
591 512 730 564 facta,
756 511 982 570 quoniam
1020 511 1214 570 quidem
1249 511 1350 570 ipse
1385 510 1532 555 fuerit
1566 510 1624 554 de
1660 507 1866 567 Aporia-

460 590 591 635 tione
625 595 880 648 conceptus
916 595 1058 647 atque
1093 589 1334 647 prolatus;
1371 588 1497 632 hunc
1533 593 1692 632 tamen
1729 584 1866 630 insti-

460 667 608 713 tuisse
643 668 789 712 istum
824 667 1056 712 mundum
1094 679 1152 709 ex
1187 664 1263 709 his
1301 663 1528 717 materiis,
1553 678 1672 722 quas
1707 661 1903 709 Anba-5

460 745 610 797 moth,
649 745 722 788 vel
758 743 986 802 pavendo,
1023 743 1095 786 vel
1128 741 1355 792 timendo,
1393 742 1464 784 vel
1499 739 1864 792 constristando‚

461 824 534 866 vel
571 822 787 866 sudando
822 820 1138 879 praestiterat.
1211 815 1339 862 Nam
1376 831 1435 861 ex
1470 831 1658 876 pavore,
1693 816 1865 875 inquit,

461 899 682 944 tenebrae
697 898 852 943 factae
871 903 998 949 sunt,
1018 912 1077 941 ex
1100 895 1272 940 timore
1297 901 1344 939 et
1367 894 1642 955 ignorantia
1666 893 1866 952 spiritus

461 977 702 1035 nequitiae
749 982 795 1020 et
838 973 1166 1035 malignitatis,
1203 989 1260 1018 ex
1307 972 1505 1017 tristitia
1551 978 1598 1017 et
1643 971 1866 1031 lacrymis

459 1053 661 1099 humida
683 1052 887 1098 fontium
918 1050 1174 1097 fluminum
1199 1049 1352 1112 [fors.
1377 1056 1424 1095 et
1456 1047 1736 1109 fluminum]
1768 1064 1868 1094 ma·
1885 1063 1932 1089 10

459 1131 592 1182 teria,
630 1130 885 1189 marisque.
956 1128 1205 1174 Christum
1248 1135 1406 1173 autem
1447 1127 1645 1172 missum
1687 1127 1748 1172 ab
1785 1126 1868 1172 illo

459 1216 726 1269 propatore,
762 1208 845 1267 qui
893 1213 964 1252 est
1000 1206 1202 1267 Bythos.
1275 1206 1420 1251 Hunc
1462 1210 1622 1250 autem
1659 1204 1710 1249 in
1757 1204 1868 1250 sub-

458 1286 638 1332 stantia
672 1285 881 1345 corporis
918 1284 1067 1329 nostri
1106 1299 1195 1328 non
1231 1283 1396 1338 fuisse,
1421 1283 1502 1327 sed
1537 1281 1751 1341 spiritale
1786 1292 1868 1327 ne-

459 1364 555 1409 scio
579 1365 706 1423 quod
743 1378 914 1423 corpus
939 1364 996 1408 de
1032 1364 1161 1407 coelo
1192 1361 1495 1412 deferentem,
1520 1360 1656 1419 quasi
1692 1375 1864 1420 aquam

459 1457 546 1501 per
569 1440 780 1487 fistulam
817 1441 883 1486 sic
918 1455 1003 1499 per
1028 1439 1238 1484 Mariam
1263 1437 1498 1499 virginem
1538 1444 1865 1492 transmeasse,
1885 1451 1932 1490 15

461 1518 582 1564 nihil
619 1509 827 1564 indeve}
865 1516 1174 1576 accipientem
1199 1516 1273 1560 vel
1304 1520 1617 1560 mutuantem.
1691 1515 1868 1560 Resur-

460 1596 715 1641 rectionem
752 1595 899 1655 hujus
934 1594 1090 1639 carnis
1127 1599 1285 1655 negat,
1321 1593 1401 1637 sed
1439 1592 1648 1637 alterius.
1720 1592 1866 1655 Legis

459 1681 506 1717 et
524 1672 873 1731 Prophetarum
890 1672 1124 1731 quaedam
1142 1670 1330 1729 probat,
1345 1670 1582 1728 quaedam
1598 1669 1864 1728 improbat:

459 1750 506 1795 id
554 1756 638 1803 est,
680 1749 842 1795 onmia
888 1748 1138 1807 improbat,
1187 1748 1302 1793 dum
1348 1748 1582 1806 quaedam
1629 1748 1865 1806 reprobat.

460 1825 778 1887 Evangelium
806 1827 950 1871 etiam
984 1824 1127 1871 babet
1149 1839 1304 1878 suum,
1329 1830 1518 1884 praeter
1540 1824 1656 1870 haec
1691 1831 1864 1871 nostra.
1883 1844 1932 1870 20

239 1909 424 1985 ἑῃὶῗῐὲζξ-
461 1903 574 1950 Post
609 1904 738 1950 hunc
770 1903 1058 1949 exstiterunt
1084 1901 1382 1948 Ptolemaeus
1407 1909 1455 1947 et
1479 1902 1725 1948 Secundus
1759 1903 1868 1949 hae—

238 1997 378 2029 cundus.
459 1982 609 2036 retici,
645 1982 729 2042 qui
776 1997 885 2028 cum
922 1981 1180 2028 Valentino
1221 1995 1306 2040 per
1343 1980 1502 2026 omnia
1548 1981 1867 2034 consentiunt,

459 2059 509 2104 in
534 2058 617 2104 illo
640 2060 740 2104 solo
764 2058 1023 2111 differunt3
1062 2073 1174 2103 nam
1198 2071 1349 2118 quum
1369 2057 1656 2103 Valentinus
1673 2055 1866 2104 Aeonas

460 2143 649 2182 tantum
675 2135 877 2198 triginta
902 2134 1132 2187 finxisset,
1158 2134 1238 2181 isti
1270 2134 1559 2180 addiderunt
1590 2134 1708 2180 alios
1740 2150 1867 2181 eom-

460 2214 618 2272 plnres
640 2227 652 2267 ;
690 2219 898 2272 quatuor
921 2212 1048 2258 enim
1076 2212 1298 2271 primum,
1323 2211 1494 2257 deinde
1519 2211 1636 2257 alios
1661 2219 1868 2272 quatuor
1884 2228 1932 2267 ²5

459 2298 860 2353 aggregaverunt,
896 2297 943 2335 et
989 2291 1116 2349 quod
1163 2289 1281 2336 dicit
1322 2289 1608 2335 Valentinus
1650 2287 1865 2336 Aeonem

459 2367 757 2429 trigesimum
806 2367 1061 2413 excessisse
1107 2368 1165 2412 de
1211 2368 1484 2427 pleromate,
1523 2373 1577 2412 ut
1624 2367 1673 2412 in
1715 2367 1867 2413 defec-

459 2445 651 2498 tionem,
687 2451 866 2507 negant
902 2444 1015 2497 isti;
1061 2459 1153 2489 non
1191 2443 1317 2489 enim
1357 2458 1415 2489 ex
1455 2443 1537 2490 illa
1573 2444 1866 2491 triacontade

459 2522 606 2568 fuisse
652 2522 792 2576 hunc,
829 2520 911 2582 qni
951 2521 1094 2567 fuerit
1131 2520 1180 2566 in
1218 2520 1482 2567 defectione
1518 2529 1711 2582 propter
1747 2522 1868 2568 desi-

241 2603 441 2636 ¹¹0r¹w¹⁰‹›n-
458 2600 641 2647 derium
669 2600 856 2646 videndi
884 2598 1165 2660 propatoris.
1217 2598 1422 2645 Exstitit
1445 2606 1687 2660 praeterea
1717 2600 1866 2646 Hera-
1881 2619 1931 2656 30

460 2679 608 2732 cleon,
633 2680 754 2724 alter
778 2678 1055 2732 haereticus,
1077 2677 1160 2737 qui
1184 2692 1292 2724 cum
1320 2677 1579 2724 Valentino
1604 2677 1736 2738 paria
1761 2693 1866 2724 sen-

462 2755 534 2809 tit,
560 2756 639 2801 sed
680 2755 890 2802 novitate
914 2756 1118 2815 quadam
1155 2755 1559 2815 pronuntiationis
1585 2757 1689 2801 vult
1713 2755 1863 2802 videri

461 2832 553 2878 alia
591 2833 798 2885 senti1·e;
839 2831 1099 2879 introducit
1136 2832 1338 2878 enimin
1373 2832 1543 2891 primis
1575 2833 1690 2879 illud
1717 2832 1864 2880 fuisse
