2034 3204
0 2403 9 2511 uve-ww·-
0 2371 10 2399 ηι
0 2306 13 2365 ιρι-υ
0 2245 11 2301 aa„

427 266 507 307 DE
547 264 761 307 OPERE
800 265 879 307 ET
919 265 1407 307 ELEEMOSYNIS.
1532 267 1618 308 305

212 389 323 420 cum
364 374 573 420 Domino
618 373 721 420 Deo
761 381 857 426 tuo,
897 373 1080 419 fructus
1127 379 1235 418 tuos
1281 373 1461 431 partire
1507 389 1613 419 cum

213 451 420 504 Christo,
445 451 520 497 fac
549 451 639 497 tibi
661 450 1012 511 possessionum
1043 449 1341 495 terrestrium
1367 449 1614 494 Christum

211 529 508 589 participem,
533 535 588 575 ut
611 535 659 575 et
681 529 760 575 ille
793 535 840 574 te
868 527 959 574 sibi
993 527 1139 573 faciat
1167 542 1422 588 regnorum
1446 529 1616 574 coeles-

211 605 331 652 tium
358 607 679 652 cohaeredem.

175 692 199 732 5
279 683 343 729 X.
372 684 521 730 Erras
545 692 592 731 et
614 684 793 730 falleris
817 683 1035 744 quisquis
1060 690 1107 729 te
1131 684 1181 729 in
1206 685 1393 729 saeculo
1416 683 1613 728 divitem
1629 697 1811 748 sssus'jng

210 763 376 807 credis.
435 762 569 808 Audi
592 762 643 808 in
667 761 960 822 Apocalypsi
984 762 1182 807 Domini
1208 761 1281 807 tui
1306 776 1468 806 vocem
1492 761 1617 822 ejus·
1628 742 1838 826 ἓζζῖζῗζᾷἶῐι

210 840 339 885 modi
374 840 591 885 homines
625 839 772 900 justis
806 838 1220 899 objurgationibus
1259 838 1585 898 increpantem
1604 840 1700 883 23⁰⁸·
1743 829 1814 860 Am

1629 883 1743 904 onmes
1800 883 1834 904 u-

210 915 361 969 Dicis,
403 917 577 978 inquit,
613 916 737 962 dives
781 932 896 970 sum,
931 921 972 962 et
1007 915 1179 962 ditatus
1216 931 1328 968 sum,
1361 922 1403 962 et
1443 914 1616 961 nullius
1629 884 1838 967 perez-cffici-

209 994 281 1040 rei
319 1010 455 1058 eyeo5
490 1000 532 1040 et
566 993 714 1040 nescis
750 994 966 1056 quoniam
1003 999 1052 1040 tu
1086 1009 1131 1040 es
1166 994 1325 1047 miser,
1355 999 1396 1038 et
1427 993 1617 1039 misera-
1628 964 1798 1046 eAtpffffii-iJ

150 1070 329 1124 robilz's,
373 1078 414 1117 et
455 1087 646 1134 pauper,
686 1077 728 1117 et
773 1087 945 1126 mecm,
987 1077 1029 1118 et
1075 1070 1238 1117 nudus.
1308 1070 1492 1118 Suadeo
1534 1069 1617 1116 tibi
1634 1058 1682 1089 ¹⁷‘

210 1165 356 1196 emere
392 1165 421 1195 a
459 1165 528 1195 me
561 1165 727 1195 aarum
770 1149 965 1212 {quitum
996 1148 1052 1195 de
1090 1149 1190 1212 iym‘
1226 1155 1276 1194 ut
1310 1149 1376 1194 sis
1408 1148 1547 1202 dives,
1575 1155 1617 1194 et

211 1234 370 1274 vestem
419 1226 566 1273 albam
613 1233 662 1273 ut
710 1227 934 1280 vestiaris,
983 1232 1025 1273 et
1071 1242 1162 1272 non
1208 1232 1430 1288 appareat
1476 1226 1526 1271 in
1576 1231 1617 1271 te

195 1305 406 1368 foeditas
434 1305 659 1351 nuditatis
692 1311 807 1356 tuae,
841 1311 881 1351 et
911 1303 1103 1366 collyrio
1130 1306 1298 1368 inunye
1329 1303 1480 1350 oculos
1516 1310 1615 1350 tuos

211 1389 260 1430 ut
291 1383 458 1430 videas.
527 1383 625 1438 Qui
656 1399 769 1445 ergo
798 1385 1005 1443 locuples
1041 1390 1088 1428 et
1122 1383 1254 1428 dives
1289 1398 1353 1436 es,
1391 1398 1493 1428 eme
1525 1382 1614 1427 tibi

149 1476 239 1514 15a
262 1461 456 1508 Christo
479 1476 650 1508 aurum
687 1461 908 1522 ignitum,
934 1469 987 1506 ut
1011 1461 1231 1506 sordibus
1263 1460 1359 1505 tuis
1382 1467 1612 1518 tanquam

209 1539 318 1600 igne
353 1539 572 1592 decoctis,
601 1554 702 1585 esse
737 1554 904 1584 aurum
942 1540 1174 1584 mundum
1211 1538 1377 1598 possiS‚
1416 1538 1455 1582 si
1494 1539 1613 1583 elee-

210 1615 421 1676 mosynis
466 1622 515 1662 et
554 1616 689 1676 justa
726 1616 999 1675 operatione
1047 1615 1279 1676 purgeris,
1354 1614 1476 1660 Eme
1523 1614 1613 1659 tibi

207 1693 365 1739 albam
384 1700 579 1746 vestem,
601 1700 657 1739 ut
680 1693 764 1753 qui
788 1694 1047 1739 secundum
1073 1693 1233 1738 Adam
1258 1694 1415 1738 nudus
1439 1692 1613 1744 fueras,

207 1778 256 1817 et
291 1771 515 1817 horrebas
547 1776 657 1816 ante
695 1770 935 1823 deformia
971 1770 1252 1815 indumento
1286 1769 1468 1814 Christi
1506 1783 1615 1814 can-

145 1872 195 1897 20
207 1848 320 1894 dido
354 1848 587 1894 vestiaris.
660 1847 728 1894 Et
755 1863 876 1907 quae
909 1855 1127 1892 matrona
1160 1848 1368 1906 locuples
1404 1852 1451 1891 et
1480 1846 1614 1891 dives

208 1941 272 1979 eS‚
296 1925 474 1986 inunge
499 1927 659 1970 oculos
678 1931 801 1977 tuos,
821 1940 914 1970 non
940 1924 1084 1969 stibio
1102 1923 1296 1975 diaboli,
1318 1924 1397 1968 sed
1418 1924 1614 1982 collyrio

208 2002 407 2057 Christi,
446 2010 500 2048 ut
540 2002 788 2062 pervenire
834 2002 892 2046 ad
935 2001 1193 2046 videndum
1242 2001 1396 2046 Deum
1446 1999 1612 2058 possis,

207 2082 319 2126 dum
347 2081 503 2126 Deum
529 2086 576 2125 et
599 2079 820 2139 operibus
843 2085 891 2124 et
915 2078 1127 2124 moribus
1162 2078 1461 2138 promereris,
1525 2077 1611 2122 Ce-

206 2164 362 2204 terum
391 2174 514 2218 quae
549 2157 659 2203 talis
691 2172 756 2210 es,
790 2173 875 2202 nec
899 2156 1085 2216 operari
1121 2156 1170 2202 in
1206 2156 1416 2202 Ecclesia
1452 2163 1611 2215 potes;

143 2251 192 2290 25
207 2242 422 2298 egentem
447 2236 573 2281 enim
598 2241 645 2280 et
668 2249 924 2294 pauperem
949 2250 1043 2279 non
1070 2234 1234 2279 vident
1269 2233 1393 2279 oculi
1426 2233 1498 2278 tui
1535 2248 1614 2278 su—

206 2312 386 2372 perfusi
410 2312 616 2374 nigroris
641 2312 848 2357 tenebris
872 2317 920 2356 et
943 2320 1079 2357 nocte
1102 2311 1319 2357 contecti.
1386 2343 1399 2347 -

272 2390 364 2436 XI.
402 2390 634 2450 Locuples
669 2395 715 2435 et
753 2389 885 2434 dives
922 2405 984 2440 es,
1024 2388 1335 2435 Dominicum
1377 2388 1611 2432 celebrare
1627 2398 1800 2431 nosnullo

206 2474 252 2512 te
275 2467 442 2520 credis,
466 2482 587 2526 quae
616 2465 799 2514 Cor-ban
824 2466 1018 2512 omnino
1042 2482 1136 2511 non
1169 2465 1376 2524 respici&
1402 2479 1524 2523 quae
1561 2464 1607 2508 in
1622 2445 1829 2524 Ξζῇζθζῗ

208 2544 514 2590 Dominicum
559 2544 662 2590 sine
709 2544 934 2589 sacrificio
973 2544 1123 2597 venis,
1161 2558 1282 2602 quae
1330 2548 1513 2601 partem
1551 2531 1829 2606 defflffiiffiffl'

140 2642 193 2678 30
207 2619 436 2666 sacrificio
471 2622 599 2679 quod
645 2636 827 2680 pauper
862 2621 1036 2666 obtulit
1077 2619 1264 2664 sumis?
1321 2618 1512 2664 Intuere
1558 2618 1817 2693 inssjgleffloffie-

208 2698 474 2759 Evangelio
502 2697 695 2743 viduam
734 2703 1092 2756 praeceptorum
1124 2695 1396 2741 coelestium
1432 2710 1607 2740 memo·
1621 2712 1688 2737 aaz.

206 2790 306 2821 rem
330 2774 456 2820 inter
483 2774 610 2834 ipsas
645 2789 890 2833 pressuras
908 2780 955 2819 et
979 2773 1226 2834 angustias
1249 2772 1476 2834 egestatis
1500 2787 1609 2832 ope-

206 2858 404 2904 rantem,
423 2851 471 2896 in
497 2851 896 2912 gazophylacium
915 2851 1010 2896 duo
1033 2866 1156 2910 quae
1180 2852 1278 2895 sola
1303 2850 1393 2895 sibi
1418 2849 1607 2895 fuerant

273 2942 394 2974 VOL.
424 2942 457 2973 1.
933 2941 971 2972 X
