2034 3204
447 220 534 260 210
924 218 1004 260 AN
1006 218 1048 260 N
1051 217 1312 260 OTATION
1316 218 1383 260 Es

449 332 567 392 cutus
581 341 700 392 sum,
731 326 829 368 dum
860 332 1000 369 tamen
1027 327 1199 368 Mithra
1230 340 1306 382 pro
1330 326 1524 368 Mithrae
1549 338 1641 366 cum
1669 322 1854 381 Rigaltio

448 398 668 496 scriptffsj
689 440 718 482 l.
740 455 805 497 ¹3·
827 441 902 482 sub
923 440 1062 497 gladio
1083 439 1250 482 redimit
1269 439 1479 495 coronam]
1502 438 1698 495 Martyrii
1718 438 1853 480 mimo.

450 498 574 597 Qtlxod
593 498 781 554 pluribus
800 497 1022 554 explicavit
1041 497 1118 539 sub
1137 497 1261 539 finem
1281 496 1418 554 operis
1437 497 1491 540 de
1509 497 1686 546 Corona,
1702 509 1744 552 p.
1757 508 1853 551 131.

448 556 489 598 R
561 556 685 597 ALT.
1869 565 1894 604 5

507 555 614 655 liiid.
637 613 664 654 l.
686 626 751 663 14.
773 611 816 652 in
836 611 927 652 unis
942 610 1097 667 nuptiis
1115 610 1278 664 statuit]
1297 612 1353 652 In
1367 612 1496 653 unius
1510 611 1678 667 nuptiis
1690 610 1854 666 posuit,

450 669 670 727 Rigaltius.
731 669 788 711 Et
816 668 871 710 ad
901 668 1123 710 editionem
1146 667 1386 724 principem,
1406 667 1450 709 in
1476 681 1559 723 qua
1582 682 1663 709 vox
1690 668 1858 722 nuptiis

449 727 537 769 sola
551 731 700 776 exstat,
717 726 804 767 sinc
819 726 919 768 unis
931 725 996 767 vel
1011 727 1154 777 unius,
1168 724 1300 767 refert
1315 725 1543 766 Rhenanus
1558 725 1858 781 Hirsaugiense

449 784 687 840 exemplum
722 783 878 825 habere
912 784 961 824 in
993 784 1124 825 unius
1158 783 1338 838 nuptiis,
1372 781 1587 824 lectionem
1623 782 1731 823 hanc
1762 795 1858 838 pro-

450 842 565 884 bans.
609 840 795 883 Eandem
815 845 1002 896 praestat
1023 840 1121 882 edit.
1143 839 1275 882 Paris.
1295 845 1486 895 utraque.
1538 838 1624 882 Sed
1643 838 1858 880 lectionem
1876 855 1924 880 10

450 899 626 941 alteram
646 900 694 940 i‘n
713 899 812 940 unis
832 899 998 953 nuptiis
1017 897 1059 938 in
1081 897 1178 939 edit.
1201 897 1383 939 Franek.
1407 902 1652 948 exstantem,
1669 910 1792 952 quam
1813 910 1858 938 se

451 956 628 998 edidisse
659 954 867 997 Pamelius
901 954 960 997 ait
989 969 1041 996 ex
1074 955 1166 997 MS.
1200 954 1399 1011 Angelico
1432 954 1583 996 Codice
1608 954 1732 996 Joan.
1768 953 1859 995 Cle-

451 1013 615 1064 mentis,
635 1027 727 1054 cum
749 1013 868 1068 Lupo
887 1017 1013 1068 atque
1034 1011 1255 1054 Thomasio
1275 1011 1424 1068 recepi.
1464 1013 1584 1054 Unae
1604 1011 1710 1052 enim
1727 1024 1860 1066 aeque

450 1085 500 1113 ac
512 1072 688 1127 primae
708 1071 877 1126 nuptiae
905 1069 1054 1111 Latine
1074 1069 1236 1111 dicitur.
1270 1076 1279 1092 ‘
1295 1070 1432 1110 Homo
1453 1068 1533 1110 Dei
1554 1068 1688 1110 Adam
1710 1074 1753 1110 et
1773 1082 1860 1109 mu-

451 1135 462 1152 ‘
478 1128 554 1170 licr
586 1127 666 1169 Dei
696 1128 787 1169 Eva
815 1128 915 1169 unis
943 1126 1053 1169 inter
1083 1141 1126 1169 se
1157 1128 1324 1182 nuptiis
1353 1126 1538 1168 defuncti
1563 1126 1687 1175 sunt,’
1718 1124 1860 1167 scribit
1877 1137 1925 1174 15

451 1185 732 1228 Tertullianus
752 1184 795 1226 in
814 1184 885 1226 lib.
906 1184 958 1226 de
985 1184 1288 1226 Exhortatione
1310 1183 1534 1232 castitatis,
1557 1198 1647 1240 cap.
1660 1194 1701 1239 5.
1763 1182 1859 1225 Vid.

451 1249 495 1286 et
514 1257 603 1299 cap.
620 1257 660 1296 9.
724 1243 919 1285 Ceterum
941 1242 1075 1299 exigit
1095 1242 1317 1298 Apostolus
1343 1242 1383 1283 in
1406 1240 1600 1298 Epistolis
1620 1241 1674 1283 ad
1696 1240 1774 1282 SS.
1791 1239 1860 1281 Ti-

451 1301 663 1343 motheum
688 1305 731 1342 et
751 1299 905 1348 Titum,
926 1305 973 1342 ut
1003 1301 1094 1351 μιᾶς
1119 1299 1304 1353 γυναικὸς
1331 1299 1429 1351 ἀνὴρ
1450 1298 1665 1340 ordinetur
1695 1297 1862 1354 Episco-

452 1373 543 1415 pus,
564 1358 624 1400 ita
644 1363 687 1400 et
714 1357 946 1406 Diaconus;
977 1356 1089 1412 quod
1108 1356 1273 1412 quidem
1305 1362 1570 1412 praeceptum
1599 1355 1654 1398 ad
1682 1355 1859 1403 literam,

453 1422 501 1458 ut
531 1415 660 1464 aiunt,
694 1429 827 1471 nuper
861 1414 1020 1456 solebat
1052 1413 1270 1471 injungere
1301 1413 1427 1470 Papis
1461 1428 1535 1455 seu
1570 1412 1862 1456 Sacerdotibus
1877 1431 1927 1455 20

455 1473 538 1516 suis
559 1472 744 1514 Ecclesia
765 1472 940 1515 Graeca.
999 1471 1170 1514 Nullum
1191 1486 1237 1513 er
1269 1485 1293 1512 o
1313 1470 1380 1512 hic
1406 1476 1571 1513 exstare
1596 1469 1862 1512 Montanismi

455 1529 688 1587 vestigium,
710 1528 910 1585 quidquid
940 1528 1016 1570 sibi
1037 1528 1146 1571 visus
1166 1528 1220 1571 sit
1239 1486 1445 1585 {etegisse
1466 1527 1528 1571 vir
1549 1527 1598 1570 cl.
1621 1528 1772 1570 Petrus
1791 1527 1863 1568 Al-

455 1587 589 1636 lixius,
611 1587 788 1629 tidenter
817 1586 1009 1628 dicerem.
1062 1586 1184 1628 Cons.
1208 1585 1552 1628 Dissertationem
1572 1585 1661 1642 ejus
1687 1585 1740 1627 de
1761 1585 1863 1627 Ter-

457 1644 616 1689 tulliani
637 1644 736 1687 Vita
755 1650 799 1686 et
821 1643 1005 1700 Scriptis,
1027 1657 1115 1700 cap.
1133 1642 1200 1686 vii.

516 1701 622 1744 Ibid.
645 1701 673 1743 l.
700 1711 766 1756 17.
787 1700 1103 1743 sacrificantium
1124 1699 1373 1753 ministeria]
1398 1701 1535 1751 Quum
1557 1699 1644 1756 ipse
1664 1699 1776 1742 dicat
1791 1698 1864 1741 Ri-
1879 1713 1928 1751 25

458 1759 623 1817 galtius,
654 1773 698 1801 se
731 1759 852 1801 malle
881 1758 992 1814 quod
1019 1764 1082 1800 est
1112 1757 1155 1800 in
1186 1757 1291 1799 libro
1323 1756 1479 1807 Ursini,
1506 1757 1863 1812 sacmficantium,

458 1832 535 1874 pro
555 1816 668 1859 edita
687 1816 863 1859 lectione
882 1816 1165 1871 eacrzfiealia,
1181 1820 1268 1857 tum
1289 1815 1386 1871 quia
1405 1829 1485 1857 vox
1501 1815 1802 1869 sacrificantia
1821 1813 1864 1856 in

457 1874 575 1917 editt.
589 1873 781 1916 Rhenani
797 1879 841 1916 et
853 1873 983 1916 Paris.
1002 1873 1136 1930 prima
1150 1872 1328 1930 legatur,
1350 1872 1501 1915 idcirco
1521 1870 1863 1926 sacrificantium

458 1932 500 1974 in
520 1937 681 1975 textum
701 1931 852 1988 recepi.

517 1989 623 2032 Ibid.
655 1988 681 2031 l.
711 1990 780 2032 26.
811 1994 1162 2031 sacramentorum
1197 1986 1544 2042 Christianorum]
1584 1986 1677 2029 Hoc
1710 1985 1865 2043 protuli
1878 1996 1931 2034 3ο

459 2062 510 2089 ex
541 2046 639 2089 edit.
662 2046 793 2089 Paris.
819 2051 995 2102 utraque
1026 2060 1102 2102 pro
1122 2059 1221 2088 voce
1247 2052 1495 2087 sanctorum
1521 2058 1628 2100 quae
1656 2049 1793 2086 exstat
1822 2042 1865 2085 in

459 2104 557 2147 edit.
578 2103 744 2160 quidem
775 2103 984 2160 princip03
1015 2103 1089 2145 sed
1115 2103 1158 2145 in
1184 2102 1310 2145 tertia
1330 2101 1523 2144 Rhenani
1549 2100 1729 2144 editione
1758 2099 1865 2158 posi·

459 2168 547 2205 tum
576 2161 654 2204 hoc
680 2167 744 2204 est
763 2161 817 2204 ad
837 2175 971 2218 marg.
993 2160 1093 2216 ejus,
1116 2166 1126 2184 ‘
1146 2160 1271 2202 Forte
1291 2174 1515 2202 sacrorum
1534 2158 1598 2202 vel
1619 2171 1864 2202 sacramen-

460 2219 626 2262 torum?
658 2219 706 2260 In
728 2218 873 2261 ultima
892 2232 991 2261 vero
1012 2217 1190 2261 editione
1211 2231 1286 2259 sua
1304 2216 1413 2259 idem
1430 2216 1657 2259 Rhenanus
1676 2217 1730 2259 ad
1747 2229 1865 2259 voces

458 2284 706 2319 sanctorum
731 2276 1077 2318 Christianorum
1106 2273 1334 2324 adnotavit,
1364 2274 1495 2316 ‘sicut
1525 2273 1695 2316 dicimus
1724 2278 1866 2316 sancta
1877 2283 1931 2327 35

459 2333 720 2376 sanctorum?
780 2333 913 2375 Porro
937 2333 989 2375 de
1019 2331 1226 2389 scriptura
1251 2339 1629 2380 sacramentorum,
1650 2344 1774 2387 quam
1804 2336 1866 2373 ta-

461 2405 555 2433 men
576 2390 687 2433 haud
744 2389 871 2432 rimus
901 2390 1124 2432 induxerat
1145 2388 1353 2438 Gelenius,
1375 2387 1431 2431 sic
1453 2387 1681 2438 Pamelius3
1715 2394 1725 2411 ‘
1744 2386 1866 2444 Legi-

461 2455 471 2472 ‘
490 2462 578 2491 mus
608 2462 660 2490 ex
741 2447 784 2490 S.
807 2460 832 2513 3
862 2446 1079 2496 Vaticano,
1100 2461 1192 2489 cum
1220 2446 1423 2488 Rhenano
1451 2445 1493 2488 in
1523 2445 1658 2502 prima
1687 2444 1866 2488 editione

462 2513 472 2530 ⁴
489 2511 533 2548 et
554 2504 911 2554 Adnotatiombus,
941 2512 1202 2553 sanctorum,
1233 2517 1309 2560 pro
1336 2517 1385 2545 eo
1405 2503 1517 2559 quod
1548 2502 1744 2546 Gelenius
1773 2501 1868 2545 sub-

463 2570 472 2587 ‘
487 2562 621 2605 stituit
641 2561 1034 2605 sacramentorum?
1094 2562 1210 2604 Haec
1244 2559 1460 2609 Pamelius,
1483 2560 1656 2616 ideoque
1684 2559 1725 2602 in
1750 2558 1865 2602 editt.
1882 2574 1933 2609 40

465 2619 645 2663 Franek.
686 2625 811 2676 atque
854 2618 1093 2677 Rigaltiana
1131 2617 1354 2675 appellatio
1394 2626 1640 2661 sanctorum
1679 2620 1867 2674 apparet.

467 2677 681 2721 Illustrare
710 2691 874 2733 quoque
910 2675 1049 2734 pergit
1082 2676 1141 2719 Lu
1175 2690 1222 2719 us
1258 2675 1379 2725 huno,
1415 2680 1464 2718 ut
1500 2674 1572 2724 ait,
1604 2674 1866 2730 antiquorum

464 2734 793 2777 Christianorum
817 2734 979 2778 titulum
1003 2733 1138 2776 verbis
1189 2732 1337 2776 aulinis
1356 2732 1410 2775 ad
1428 2733 1462 2774 Ε
1494 2731 1640 2783 hesino,
1662 2730 1868 2774 Omnibus

463 2793 639 2840 muccis,
661 2793 738 2847 qui
757 2799 855 2834 eunt
877 2792 1052 2847 Ephesi,
1073 2798 1111 2833 et
1123 2791 1327 2846 fidelibus
1349 2791 1397 2832 in
1422 2791 1460 2832 Ο
1470 2790 1592 2832 triete
1611 2789 1728 2831 Jesu.
1790 2787 1867 2830 IIis

464 2863 543 2890 nnn
599 2848 869 2897 olmtantibus,
923 2848 1019 2890 edit.
1078 2847 1290 2902 utriusque
1346 2846 1583 2888 parisiensis
1639 2845 1864 2895 lectionem,
1882 2859 1931 2895 45
