2034 3204
423 260 508 302 182
863 257 1380 302 ANNOTATIONES

422 368 541 410 Haec
567 367 833 424 reperiuntur
862 367 906 409 in
930 367 1135 414 vetustiss,
1164 366 1404 423 exemplari,
1430 379 1563 421 neque
1594 363 1829 421 spernenda

422 431 530 468 suut.
591 426 692 467 Post
707 425 780 468 illa
799 440 911 474 vere,
932 427 1022 467 Per
1041 426 1241 467 eeclesias
1260 439 1382 480 quas,
1399 423 1586 480 sequitur
1615 422 1656 464 in
1682 423 1826 464 eodem

423 482 664 540 exemplari,
684 483 840 539 absque
861 483 944 525 ulla
965 482 1237 531 distinetione,
1254 483 1480 538 Disposita
1499 481 1757 529 utensilitas,
1780 488 1828 521 ut

423 549 463 584 et
475 542 691 597 propriae
703 555 858 596 operae
868 542 1020 596 plures
1034 547 1074 582 et
1088 541 1394 582 necessariores
1408 539 1483 581 διο.
1498 553 1604 594 quae
1619 538 1828 579 habentur

423 598 492 641 lib.
510 613 538 640 1.
569 598 621 640 de
644 598 769 640 Cultu
790 599 903 640 Fem.
934 611 975 653 p.
992 608 1060 651 79.
1109 597 1443 648 RIGALTIUS,
1464 596 1535 652 qui
1565 596 1668 637 haec
1697 606 1866 652 pauea5

424 656 552 698 verba
581 670 712 711 usque
741 656 796 698 ad
826 655 968 697 literas
997 669 1121 711 quas,
1153 654 1339 696 vocabuli
1369 655 1499 710 quasi
1522 661 1685 710 partem
1715 654 1743 695 l.
1759 665 1827 700 22,

423 713 582 770 primus
601 713 745 756 edidit.
807 712 1020 769 Superius),
1040 725 1175 762 voees»,
1198 725 1280 767 quo
1300 712 1486 762 Paulus,
1507 710 1712 753 omiserat.

484 771 644 826 P.113.
681 771 796 823 l.14.
829 770 1017 811 lenonem
1053 769 1365 826 operositatem]
1405 767 1580 825 Conjieit
1613 767 1831 811 Schutzius

425 829 671 872 lenoninam
694 827 936 885 [lenoniam]
964 842 1053 869 esse
1073 827 1308 884 legendum.

484 885 590 927 Ibid.
629 885 656 926 l.
684 898 743 939 ¹7-
782 885 916 941 quasi]
957 887 1060 927 Cum
1097 885 1175 926 hae
1210 899 1309 926 voce
1342 882 1486 940 incipit
1519 897 1669 925 novum
1705 887 1898 938 atquem

424 943 587 999 insigne
607 942 731 999 hujus
758 942 885 985 libelli
912 948 1197 1000 augmentum,
1217 941 1518 984 Tertullianum
1546 940 1640 982 stilo
1667 939 1832 981 omnino

425 1001 624 1052 referens,
664 1015 716 1042 ex
748 1000 899 1043 Codice
930 1000 1203 1042 Ambrosiano
1237 1014 1264 1042 a
1293 998 1526 1041 Muratorio
1556 999 1832 1054 desumptum.

430 1058 574 1101 Codex
613 1064 750 1100 autem
792 1057 894 1115 ipse,
929 1058 991 1100 uti
1031 1057 1211 1100 ostendit
1248 1057 1356 1099 idem
1398 1056 1462 1099 vir
1501 1056 1701 1108 eruditus,
1741 1069 1833 1097 cum

425 1115 543 1158 initio
571 1115 717 1172 eapitis
746 1116 843 1157 noni
874 1131 991 1158 orsus
1021 1123 1126 1158 erat.
1187 1115 1331 1157 Verba
1359 1114 1531 1165 interea,
1564 1121 1574 1137 ‘
1591 1114 1703 1170 quod
1738 1127 1833 1169 pro-

427 1179 438 1197 ‘
463 1174 615 1215 miseue
643 1174 887 1216 observatur
916 1188 993 1230 per
1014 1173 1244 1222 Ecclesias‚'
1266 1187 1372 1229 quae
1401 1172 1522 1214 lectio
1553 1178 1616 1214 est
1646 1170 1832 1228 Rigaltii,
1851 1182 1900 1221 15

426 1231 606 1288 praetuli
641 1231 973 1278 Muratorianae‚
1006 1232 1115 1288 quid
1147 1232 1391 1287 promiscue
1431 1231 1672 1272 observetur
1696 1244 1743 1285 p.
1776 1229 1833 1270 E.

427 1289 500 1331 Ad
520 1304 682 1331 sensum
705 1303 847 1331 eorum
869 1289 981 1346 quod
1007 1289 1172 1338 attinet,
1193 1287 1434 1331 adverbium
1456 1289 1701 1344 promiscae
1721 1286 1835 1328 varie

426 1361 475 1389 ao
495 1346 657 1389 diverse
679 1347 817 1389 valere
837 1347 1046 1390 indicatur
1066 1346 1347 1403 superioribus
1372 1345 1463 1395 illis,
1484 1347 1678 1388 varietas
1698 1345 1834 1388 obser·

427 1406 617 1447 ‘elationis
637 1406 776 1460 efficit.

487 1461 592 1504 Ibid.
616 1461 640 1503 l.
662 1462 838 1514 24.*Aut
858 1462 1002 1518 quum]
1025 1462 1140 1504 Fors.
1163 1462 1226 1503 At
1245 1475 1385 1517 quum.
1851 1474 1903 1499 20

490 1519 598 1561 Ibid.
622 1519 647 1561 l.
674 1521 740 1561 28.
774 1519 855 1571 Qui
885 1519 944 1561 ita
964 1519 1211 1575 concedunt]
1243 1519 1358 1561 Fors.
1383 1517 1464 1570 Qui
1488 1517 1548 1560 ita
1567 1517 1837 1568 contendunt,

429 1577 540 1633 quod
575 1576 743 1633 quidem
779 1577 948 1619 verbum
981 1592 1075 1619 mox
1111 1577 1253 1626 habes,
1284 1576 1349 1619 vel
1384 1576 1528 1618 saltem
1565 1575 1837 1623 concludunt,

429 1634 713 1691 reponendum
736 1640 810 1676 est.

489 1692 594 1734 Ibid.
632 1692 658 1733 l.
694 1705 763 1747 3¹-
805 1691 1039 1749 inveniunt]
1083 1692 1198 1734 Fors.
1239 1691 1459 1749 legendum
1496 1692 1724 1740 invenient,
1762 1688 1837 1731 nisi

429 1750 564 1793 altera
585 1749 706 1792 lectio
727 1750 901 1792 ferenda
921 1750 986 1792 sit.
1853 1760 1904 1798 25

490 1807 595 1850 Ibid.
619 1807 644 1848 l.
661 1820 732 1863 33.
753 1808 973 1850 mulierem
994 1809 1257 1863 etfeminam
1273 1805 1595 1864 cognominavit]
1620 1806 1709 1848 Hoc
1728 1804 1776 1847 fit
1794 1804 1838 1846 in

430 1864 842 1922 interpretationibus
864 1865 1104 1922 Seripturae
1125 1879 1267 1907 sacrae
1285 1864 1456 1907 Latinis.
1521 1865 1639 1915 Quae
1655 1878 1754 1906 vero
1773 1862 1839 1904 hi·

431 1923 752 1980 subjunguntur,
787 1922 1019 1973 'feminium
1049 1938 1132 1980 qua
1162 1938 1284 1965 sexus
1314 1921 1579 1980 generaliter,
1611 1921 1838 1971 mulierem,

433 1989 442 2003 ⁶
465 1995 548 2037 qua
567 1980 723 2037 gradus
738 1996 860 2023 sexus
881 1980 1143 2038 specialiter‚’
1162 1995 1212 2023 ea
1226 1986 1424 2037 tanquam
1445 1979 1662 2038 glossatori
1678 1978 1839 2021 cuidam

433 2038 587 2087 debita,
609 2038 724 2080 uncis
743 2038 914 2088 inelusi;
947 2039 1099 2096 quippe
1127 2053 1251 2095 quum
1273 2039 1396 2095 plane
1420 2037 1630 2080 contraria
1655 2036 1738 2080 sint
1762 2035 1839 2094 ipsi
1853 2046 1907 2085 30

432 2096 690 2139 Tertulliano
730 2097 942 2146 statuenti,
985 2098 1204 2139 mulierem
1245 2111 1369 2138 sexus
1415 2110 1505 2139 esse
1553 2109 1716 2147 nomen,
1756 2109 1839 2136 non

435 2154 613 2211 gradum
635 2168 769 2197 sexus.

493 2212 539 2253 P.
565 2225 655 2264 ¹¹4·
678 2211 703 2253 l.
723 2225 761 2254 2.
793 2212 938 2268 ltaque
963 2212 1049 2268 jam
1072 2217 1170 2254 tune
1199 2210 1374 2268 innupta
1393 2210 1529 2254 adhue
1551 2211 1641 2253 Eva
1661 2209 1842 2252 mulieris

435 2268 632 2312 vocabulo
659 2269 753 2325 fuit]
788 2270 981 2312 Fortasse
1007 2269 1284 2318 scribendum,
1316 2269 1382 2311 Ita
1409 2268 1506 2325 quia
1522 2269 1621 2324 jam
1649 2276 1750 2310 tune
1776 2269 1842 2310 in-

434 2334 574 2426 Ζιιιῖια
589 2327 735 2369 adnm:
748 2328 848 2369 Eva
869 2328 945 2369 sub
961 2328 1156 2370 mulieris
1171 2327 1495 2382 voeabuloficic.
1557 2326 1699 2368 Habes
1720 2324 1840 2375 infra,
1855 2333 1907 2373 35

541 2386 630 2426 viri
659 2386 840 2435 nomine,
862 2391 917 2434 et,
940 2386 1016 2427 sub
1041 2386 1209 2426 nomine
1237 2385 1444 2427 verdier-ie.
1507 2385 1701 2427 Ceterum
1733 2382 1842 2425 idem

436 2441 656 2541 adducigur
675 2456 701 2484 a
721 2442 978 2485 Tertulliano
1004 2448 1295 2500 argumentum
1323 2441 1365 2484 in
1393 2442 1499 2485 libro
1526 2442 1579 2484 de
1603 2440 1843 2499 Virginibus

481 2515 504 2542 ο
520 2514 573 2542 an
607 2515 654 2547 is,
677 2513 725 2541 oa
757 2531 764 2541 .
814 2531 822 2540 .

500 2556 599 2599 ibid.
633 2557 658 2598 1.
687 2511 1028 2610 7.pdi5vinitatum,
1050 2563 1093 2600 et
1114 2556 1203 2612 illa]
1229 2557 1345 2599 Fors.
1367 2556 1657 2614 corrigendum
1679 2562 1756 2608 ost,
1777 2557 1843 2599 di-

443 2616 559 2661 vina,
582 2622 669 2656 tmn
692 2623 729 2657 et
751 2615 845 2657 illa.
1858 2625 1909 2659 40

501 2670 604 2714 lbid.
627 2671 651 2713 1.
675 2685 737 2715 10.
760 2687 839 2714 non
862 2674 1028 2728 sonant]
1055 2672 1230 2729 Corrige
1251 2679 1495 2715 consonant.

502 2728 604 2771 Ibid.
636 2729 661 2771 1.
694 2742 755 2771 12.
786 2729 855 2772 ubi
886 2730 939 2772 de
971 2730 1162 2773 nubendo
1193 2729 1334 2787 docet]
1367 2731 1495 2772 Certo
1526 2729 1649 2786 paulo
1679 2734 1771 2785 post
1803 2726 1841 2768 in

438 2786 582 2828 eodem
625 2786 702 2829 isto
742 2802 829 2844 cap.
865 2787 915 2830 vii
958 2787 1108 2844 prioris
1149 2788 1277 2845 Epist.
1314 2787 1369 2830 ad
1411 2786 1663 2836 Corinthios,
1698 2799 1841 2827 comm.

440 2856 508 2941 ῗ4.
551 2844 696 2886 mulier
731 2851 773 2886 ot
811 2844 927 2902 virgo
962 2846 985 2897 ἡ
1021 2846 1120 2899 γυνὴ
1156 2846 1217 2887 καὶ
1251 2846 1275 2898 ἡ
1311 2844 1517 2899 παρθένος,
1549 2849 1842 2887 momorantur.

467 2900 559 2943 nfra
579 2901 839 2944 scribendum
861 2909 936 2952 est,
959 2904 1129 2945 omnino
1152 2917 1235 2945 non
1257 2902 1521 2945 nominatam.
1860 2902 1910 2941 45
