2034 3204
365 199 432 241 IN
475 197 720 241 FIRMIL.
756 198 843 240 AD
881 197 923 240 S.
957 197 1260 240 CYPRIAN.
1293 196 1492 239 EPIST.
1582 194 1670 238 263

268 305 365 349 zius.
421 305 628 364 Legerim,
645 306 752 363 quia
766 306 883 348 Deus
902 318 1013 347 unm
1032 308 1108 354 est,
1123 302 1167 346 id
1183 302 1294 360 quod
1313 302 1528 359 sequentia
1541 301 1671 345 verba

266 363 455 407 suadent.
520 364 636 416 Quia
655 377 732 420 pro
752 363 867 420 quod
885 361 1000 419 apud
1017 361 1094 403 hos
1113 360 1335 418 scriptores
1355 360 1453 417 poni
1473 359 1590 402 solet.

325 421 373 463 Ρ.
396 433 494 477 250.
515 421 542 463 l.
561 423 599 463 8.
618 418 994 478 pseudochristum]
1015 418 1227 461 Imitatum
1248 424 1311 461 est
1330 417 1441 460 istud
1461 432 1514 460 ex
1534 416 1670 516 Ἥίιθ

266 478 481 521 undecimo
516 477 727 535 Epistolae
758 477 972 521 Secundae
1007 475 1129 519 Pauli
1162 476 1217 519 ad
1250 474 1498 519 Corinthios.
1605 474 1670 517 ‘nc

230 546 254 584 5
267 540 396 592 patet,
435 535 569 592 inquit
608 535 826 586 Pamelius,
866 533 1168 578 vehementiam
1211 533 1422 591 Epistolae
1466 532 1670 590 Stephani

266 593 407 658 Papae
426 592 469 634 in
489 607 613 636 causa
631 593 756 635 fuisse
775 607 849 636 cur
868 599 955 636 tam
974 592 1242 635 vehementer
1262 591 1387 634 etiam
1407 596 1553 633 contra
1575 604 1670 632 eum

266 650 495 693 scriberent
513 649 747 708 Cyprianus
763 656 805 693 et
821 649 1094 693 Firmilianus.
1137 650 1269 692 Recte
1288 663 1400 691 sane.
1443 649 1540 690 Non
1560 647 1670 690 enim

267 707 380 750 aliud
409 722 556 750 causae
587 708 757 759 exstitit,
783 723 857 751 cur
887 707 1162 757 Firmilianus‚
1189 706 1261 763 qui
1290 706 1334 749 in
1362 711 1452 749 tota
1482 705 1671 763 Epistola

267 779 470 808 summum
493 780 677 808 amorem
697 765 866 809 unitatis
886 765 1082 815 declarat,
1104 764 1161 807 sic
1181 770 1320 807 tamen
1346 763 1389 806 in
1411 763 1669 821 Stephanum

207 838 255 863 10
267 822 499 873 invehatur,
516 829 564 866 ut
583 838 675 866 eum
693 822 980 880 disputationis
999 829 1117 865 aestu
1136 823 1356 879 abreptum
1369 821 1495 865 fuisse
1514 826 1670 879 pateat.

266 880 383 922 Nihil
412 880 544 923 lenius
573 895 621 923 ac
650 880 890 938 placabilius
911 880 1147 938 Cypriano;
1179 880 1348 938 ejusque
1378 878 1504 922 animi
1531 878 1672 921 mode-

266 937 374 981 ratio
406 952 498 980 cum
530 937 572 980 in
604 938 792 981 omnibus
822 938 912 981 aliis
943 938 1080 989 rebus,
1110 943 1199 981 tum
1229 937 1407 980 maxime
1437 936 1480 979 in
1509 937 1588 979 hac
1619 936 1672 979 de

268 995 482 1052 Baptismo
512 995 792 1038 controversia
820 995 993 1046 enituit;
1027 995 1101 1038 sed
1131 1001 1270 1038 tamen
1296 1010 1391 1038 eum
1417 994 1626 1037 interdum
1646 1008 1673 1036 a

266 1067 427 1095 summa
454 1052 526 1095 illa
553 1053 723 1096 lenitate
753 1053 807 1096 ad
837 1052 1185 1096 vehementiorem
1215 1067 1362 1096 causae
1393 1051 1671 1094 defensionem

207 1123 254 1162 15
267 1110 478 1153 transiisse
510 1110 758 1168 perspicitur
789 1125 842 1153 ex
874 1112 909 1153 E
941 1110 1061 1154 istola
1093 1110 1148 1154 ad
1178 1110 1431 1168 Pompeium.
1491 1109 1671 1152 Videtur

267 1173 406 1210 autem
429 1168 491 1225 Cy
524 1168 684 1211 rianum
715 1174 759 1211 et
779 1126 1062 1211 Firmilianum
1090 1168 1191 1211 illud
1210 1168 1252 1210 in
1275 1167 1419 1235 primis
1438 1167 1670 1217 offendisse,

267 1226 379 1282 quod
396 1225 498 1283 Step
529 1240 632 1268 anus
651 1231 820 1283 putaret
838 1226 1104 1269 abstinendos
1123 1226 1440 1283 rebaptlzantes.
1492 1226 1672 1282 Propter

267 1283 370 1326 haec
390 1289 528 1326 autem
549 1284 689 1333 verba,
706 1298 812 1340 quae
833 1290 954 1341 putat
973 1298 1055 1326 non
1076 1298 1164 1326 esse
1186 1283 1402 1349 Stephani,
1415 1283 1607 1326 dubitare
1627 1297 1672 1325 se

267 1341 327 1383 ait
348 1340 608 1383 Christianus
630 1342 771 1398 Lupus
791 1340 834 1383 in
865 1340 1028 1383 scholiis
1057 1341 1140 1383 suis
1169 1341 1224 1383 ad
1253 1341 1403 1383 librum
1424 1339 1672 1383 Tertulliani

206 1411 255 1437 20
269 1398 321 1440 de
341 1398 741 1455 Praescriptionibus
767 1398 965 1441 adversus
992 1398 1222 1441 haereticos
1242 1413 1295 1440 an
1317 1398 1504 1455 Epistola
1525 1397 1672 1439 Firmi-

267 1455 366 1498 liani
395 1455 449 1498 sit
471 1470 582 1498 vera.
643 1456 801 1498 Tamen
831 1471 950 1498 nemo
980 1456 1180 1499 hactenus
1209 1461 1307 1498 ante
1328 1457 1491 1513 Lupum
1522 1455 1565 1498 id
1595 1455 1672 1498 sibi

267 1513 423 1563 sumsit,
444 1519 492 1556 ut
512 1513 650 1556 dicere
669 1513 844 1556 auderet
863 1528 955 1556 eam
976 1528 1064 1556 esse
1084 1513 1230 1556 falsam
1251 1520 1324 1556 aut
1344 1514 1396 1556 de
1417 1514 1505 1570 ejus
1531 1518 1673 1556 aucto-

267 1570 393 1614 ritate
422 1570 645 1614 dubitaret.
707 1572 763 1613 Et
792 1578 906 1614 certe
935 1571 1015 1614 ista
1037 1571 1211 1614 facilitas
1240 1571 1459 1614 accusandi
1479 1570 1673 1614 falsitatis

267 1628 420 1686 scripta
439 1634 626 1672 veterum
647 1629 767 1672 valde
794 1629 1017 1672 temeraria
1037 1635 1100 1672 est
1125 1636 1168 1672 et
1196 1629 1438 1686 periculosa.
1498 1629 1607 1671 Nam
1637 1628 1672 1671 si

207 1696 254 1736 25
268 1685 414 1752 cuique
434 1686 555 1730 liceat
580 1686 723 1729 inanes
749 1686 949 1744 ejusmodi
975 1687 1232 1744 conjecturas
1256 1687 1384 1744 sequi,
1406 1686 1563 1730 nullum
1591 1686 1674 1729 erit

268 1743 525 1800 anthuitatis
545 1750 868 1793 monumentum,
888 1744 1000 1802 quod
1023 1744 1185 1801 iniquas
1211 1745 1460 1802 suspiciones
1487 1744 1672 1802 effugiat.

268 1801 476 1844 BALUZ.
518 1802 584 1844 Ita
600 1801 805 1844 Baluzius.
848 1802 975 1844 Haud
994 1802 1155 1844 interea
1174 1802 1275 1844 mihi
1290 1802 1400 1844 visus
1419 1808 1483 1845 est
1498 1802 1674 1845 voluisse

267 1858 347 1900 hoc
371 1858 551 1902 scribere
573 1859 832 1902 Christianus
853 1859 1007 1916 Lupus,
1029 1859 1257 1902 Firmiliani
1278 1860 1465 1917 Epistola
1493 1874 1548 1902 an
1577 1874 1674 1917 ger-

269 1930 393 1958 mana
421 1915 487 1966 sit,
508 1931 553 1959 se
579 1916 798 1967 dubitar03
839 1917 892 1959 de
920 1917 1265 1983 appellationibus
1294 1923 1433 1960 autem
1463 1917 1674 1974 probrosis

205 1983 257 2021 30
272 1973 483 2031 Cypriano
509 1988 536 2017 a
557 1974 770 2031 Stephano
799 1974 1022 2025 attributis,
1044 1989 1099 2017 an
1127 1975 1208 2017 hae
1237 1975 1291 2018 ab
1321 1990 1370 2018 eo
1400 1989 1550 2018 revera
1607 1989 1675 2017 ro-

269 2031 379 2074 latae
398 2030 567 2082 fuerint,
589 2046 633 2074 se
659 2031 878 2074 haesitare.
940 2032 1036 2075 Vid.
1059 2032 1226 2075 Scholia
1244 2033 1333 2089 ejus
1351 2033 1407 2075 ad
1427 1989 1674 2076 Tertulfiani

269 2103 318 2131 ca
350 2121 359 2131 .
380 2088 434 2141 iv,
456 2103 498 2146 p.
521 2102 613 2131 121.
671 2091 734 2132 At
763 2089 1042 2147 cogitandum,
1063 2089 1212 2146 quibus
1241 2090 1424 2134 dicteriis
1452 2090 1466 2132 i
1497 2105 1600 2140 sum,
1625 2096 1673 2133 ut

269 2146 309 2188 vi
340 2151 447 2196 etur,
470 2146 726 2212 Cyprianum
755 2146 1007 2190 lacessiverit
1026 2153 1144 2190 vetus
1164 2147 1331 2204 quidam
1365 2105 1673 2206 Stephanianae

270 2203 323 2247 de
351 2204 653 2246 haereticorum
674 2204 738 2247 Ba
767 2204 887 2247 tismo
911 2204 1140 2248 sententiae
1163 2211 1309 2257 stator,
1331 2206 1402 2262 qui
1432 2212 1495 2249 est
1514 2206 1673 2249 Auctor

205 2269 256 2309 35
268 2261 320 2304 de
348 2262 672 2318 Rebaptismate,
693 2277 720 2304 a
767 2262 835 2304 fin.
860 2263 968 2320 Opp.
992 2263 1036 2306 S.
1055 2262 1268 2320 Cypriani.
1331 2263 1532 2307 Conferas
1562 2278 1670 2320 quae

269 2319 322 2362 de
344 2318 570 2362 Firmiliani
590 2319 777 2376 Epistola
796 2335 923 2386 supra
941 2326 1208 2363 annotantur.

329 2376 434 2419 Ibid.
454 2376 481 2419 l.
503 2390 569 2419 10.
603 2377 721 2428 Quae
748 2379 904 2434 omma]
929 2379 996 2421 Ita
1024 2378 1246 2436 legendum
1276 2378 1372 2421 olim
1403 2378 1515 2429 duxi,
1540 2378 1674 2436 prius-

269 2448 392 2491 quam
413 2433 470 2476 sic
494 2449 538 2477 se
564 2434 720 2478 habere
739 2435 942 2478 novissem
962 2436 1184 2479 editionem
1210 2436 1450 2493 principem,
1472 2436 1674 2492 siquidem

269 2497 414 2548 postea
434 2491 639 2535 Pamelius
659 2495 736 2549 qui
763 2507 841 2550 pro
861 2508 971 2550 quae
1000 2508 1053 2536 ex
1074 2495 1198 2537 MSto
1225 2508 1298 2536 suo
1326 2494 1468 2543 edidit,
1489 2493 1592 2544 aliis,
1613 2494 1675 2537 fa-

206 2563 258 2597 40
270 2556 374 2599 teor,
404 2549 520 2591 libris
559 2549 637 2592 scri
668 2550 722 2592 tis
760 2551 1122 2594 consentientibus.
1185 2551 1269 2594 Sed
1300 2551 1476 2594 fortasse
1513 2552 1674 2595 Graece

270 2606 493 2664 scripserat
513 2606 638 2649 Firm‘
659 2607 667 2616 ’
726 2622 774 2650 us
795 2609 821 2650 ἃ
842 2609 888 2660 δὴ
908 2608 1051 2660 πάντα,
1072 2608 1139 2652 vel
1158 2609 1253 2651 τάδε
1274 2610 1317 2651 δὲ
1337 2609 1480 2652 πάντα.

330 2664 436 2707 Ibid.
457 2664 484 2706 l.
507 2678 570 2720 13.
592 2665 780 2708 omnibus
795 2665 933 2723 nobis]
951 2667 1069 2709 Haec
1084 2666 1185 2708 mihi
1197 2665 1391 2709 videntur
1406 2681 1495 2709 esse
1515 2666 1673 2710 luxata.

273 2722 384 2773 Quid
404 2721 438 2764 si
458 2722 623 2780 legatur
643 2724 867 2767 carissime
873 2725 1027 2780 frater
1039 2724 1062 2766 ,Ρ
1091 2738 1234 2766 errore
1253 2723 1466 2781 irrepente
1485 2739 1536 2766 ex
1557 2724 1674 2782 igno-

269 2779 408 2822 rantia
436 2786 642 2830 notarum,
663 2786 709 2823 ut
735 2780 859 2823 etiam
886 2781 1101 2824 adnotavit
1121 2781 1403 2839 Hieronymus
1423 2782 1465 2824 in
1487 2782 1674 2839 Epistola

207 2848 257 2887 45
270 2837 324 2881 ad
356 2837 523 2881 Avitum
554 2838 606 2881 dc
636 2838 846 2882 erroribus
875 2838 1082 2896 Origenis,
1104 2839 1174 2883 ubi
1204 2839 1262 2883 ait
1291 2840 1452 2883 difficile
1482 2855 1570 2884 csse
1601 2855 1673 2882 no-
