2034 3204
441 239 504 280 IN
536 237 806 281 CANONES
836 235 1083 278 NICAENI
1115 234 1390 277 CONCILII.
1534 234 1610 276 411

224 346 388 388 Viatici
415 343 528 401 apud
558 342 737 386 Latinos.
798 341 989 384 Meminit
1026 346 1166 384 autem
1202 340 1324 397 hujus
1353 340 1618 383 vetustissimi

215 402 340 444 moris
362 402 404 445 S.
423 401 649 458 Dionysius
669 400 792 443 Alex.
813 399 926 457 apud
945 398 1168 442 Eusebium
1191 399 1248 440 H.
1270 399 1318 440 E.
1341 397 1394 447 vi,
1415 412 1486 450 44.
1546 398 1619 440 Ait

217 461 260 503 S.
283 459 470 517 Ignatius
500 459 552 501 de
582 458 740 501 vivifico
770 457 847 500 hoc
876 462 1147 508 sacramento,
1180 457 1252 498 ἕνα
1282 457 1402 509 ἄρτον
1433 459 1616 505 κλῶντες,

215 518 259 561 ὅς
297 519 406 559 ἐστιν
443 517 653 571 φάρμακον
693 516 926 564 ἀθανασίας,
959 515 1162 558 ἆντίδοτος
1199 517 1268 555 τοῦ
1305 513 1359 565 μὴ
1399 514 1619 555 ἀποθανεῖν

179 576 324 622 5ἀλλᾶ
352 577 424 632 ζῇν
452 576 497 617 ἐν
517 577 648 626 Ἰησοῦ
667 573 827 630 Χριστῷ
859 575 923 615 διὰ
951 578 1110 616 παντός.
1152 570 1285 628 Epist.
1315 570 1370 612 ad
1401 569 1616 627 Ephesios,

248 664 257 675 .
282 645 348 674 20.

218 633 242 686 ς
274 689 321 731 Ρ.
338 689 438 745 378.
458 688 486 730 l.
506 698 570 742 17.
592 686 714 743 ἔστω]
737 688 836 730 Post
856 687 934 730 hoc
954 687 1125 730 verbum
1146 685 1291 729 addita
1309 691 1407 728 sunt
1426 685 1469 727 in
1486 685 1618 728 Codd.

217 758 300 803 715
323 752 366 788 et
385 747 468 802 338
472 756 513 803 5,
534 746 648 800 ἄχρις
676 746 864 802 πληρῶθῃ
885 746 906 786 ὁ
928 745 1099 798 ὁρισθεὶς
1126 744 1202 786 ὑπὸ
1230 747 1298 796 τῆς
1322 742 1500 797 μεγάλης
1519 746 1620 785 Συν-

217 805 310 846 όδου
330 804 484 859 χρόνος.
547 802 704 844 Eadem
725 808 965 859 comparent
983 802 1026 844 in
1046 802 1177 844 veteri
1197 801 1268 843 illa
1287 800 1474 844 versione
1494 814 1619 857 quam

157 874 204 900 10
217 862 271 904 ad
293 862 447 904 Canon.
463 874 539 902 vm
559 859 899 909 commemoravi;
930 874 1057 916 porro
1081 860 1160 902 hoc
1189 859 1316 901 habet
1342 858 1621 910 Quesnellana

219 919 431 962 Canonum
453 917 662 968 collectio,
676 919 806 960 donec
825 925 1035 960 statutum
1056 925 1219 973 tempus
1237 917 1516 972 compleatur.

275 975 382 1019 Ibid.
413 976 439 1018 l.
465 977 530 1018 18.
564 977 765 1019 αἰτοῦντος
794 975 838 1016 δὲ
867 976 1104 1030 μετασχεῖν]
1141 973 1278 1031 Vulgo
1313 975 1517 1018 αἰτοῦντος
1550 976 1621 1015 τοῦ

215 1037 448 1088 μετασχεῖν,
471 1033 543 1075 sed
563 1033 681 1074 abest
700 1035 769 1074 τοῦ
788 1046 814 1074 a
835 1031 1004 1074 Pedalio
1026 1032 1295 1079 Graecorum,
1309 1031 1524 1087 tribusque
1541 1031 1620 1074 Co-

217 1090 373 1133 dicibus
402 1089 650 1141 Bodleianis,
671 1095 714 1132 et
736 1089 889 1132 Gelasii
912 1089 1104 1147 Cyziceni
1128 1089 1244 1132 Actis
1271 1088 1489 1138 Nicaenis;
1521 1088 1619 1131 dum

157 1162 203 1198 15
217 1150 272 1197 δὲ,
299 1148 410 1205 quod
440 1148 528 1190 loco
558 1148 663 1190 bene
693 1147 896 1196 convenit,
924 1161 975 1189 ex
1005 1147 1179 1190 Joannis
1209 1146 1455 1190 Antiocheni
1488 1146 1621 1189 Cano-

217 1220 315 1248 num
336 1205 511 1262 Digesto
531 1204 707 1261 reposui.

275 1264 323 1305 P.
345 1274 444 1318 379.
467 1263 493 1305 l.
517 1275 555 1306 2.
585 1263 824 1315 μεταδιδότω
854 1264 921 1314 τῆς
949 1263 1196 1316 προσφορᾶς]
1224 1262 1290 1304 Ita
1319 1275 1460 1303 omnes
1487 1260 1621 1304 Oano-

217 1335 315 1362 num
337 1320 620 1368 Collectiones,
643 1333 866 1385 omnesque
892 1319 1018 1362 MSS.
1045 1319 1272 1361 Bodleiani.
1335 1320 1419 1362 Sed
1450 1333 1526 1375 pro
1557 1318 1621 1360 his

216 1377 382 1420 vocibus
411 1382 626 1435 praestant
653 1376 834 1420 Oonciha
863 1378 1027 1418 ἑπιδότω
1057 1382 1232 1426 tantum,
1253 1377 1388 1419 altera
1411 1391 1511 1419 vero
1541 1377 1622 1419 lec-

155 1454 204 1480 20
217 1435 328 1478 tione
351 1435 406 1478 ad
431 1449 563 1492 marg.
586 1434 733 1491 posita,
754 1434 851 1476 dum
874 1435 1091 1483 Zonaram,
1114 1434 1191 1476 hoc
1212 1440 1288 1482 est,
1312 1435 1501 1476 Canones
1528 1449 1620 1476 cum

218 1493 405 1535 Zonaras
434 1491 727 1534 commentario
756 1491 924 1533 Parisiis
956 1505 1064 1533 anno
1103 1492 1208 1533 1618
1242 1492 1355 1549 typis
1387 1492 1619 1549 impressos,

217 1555 364 1593 testem
385 1564 462 1607 pro
483 1549 627 1592 eadem
647 1549 771 1591 affert
791 1548 1045 1591 Harduiuus.

741 1645 962 1688 CANON
1003 1645 1098 1688 XV.

274 1719 382 1762 Ibid.
413 1720 440 1762 l.
468 1732 530 1773 17.
566 1719 614 1772 ἥς
648 1721 670 1761 ὁ
699 1718 962 1774 Ἐπίσκοπος]
1006 1719 1144 1777 Vulgo
1179 1720 1333 1777 legitur
1367 1718 1405 1778 ᾖ,
1438 1720 1502 1762 cui
1532 1721 1621 1777 qui-

155 1792 203 1831 25
217 1777 310 1819 dem
331 1777 561 1834 scripturae
580 1776 723 1820 favent
748 1776 913 1834 plurimi
936 1777 1107 1819 Codices
1128 1777 1355 1827 Bodleiani‚
1378 1778 1622 1834 Codicisque

217 1833 367 1876 Tiliani
417 1834 713 1891 Interpretatio
763 1840 806 1876 et
855 1834 1045 1891 Dionysii
1085 1834 1238 1892 Exigui
1282 1835 1417 1877 versio
1458 1836 1620 1879 Latina.

219 1892 440 1934 Praestant
478 1893 523 1934 ἐν
550 1889 576 1949 ᾗ
607 1892 766 1934 Bevere
797 1891 826 1933 ii
859 1891 1124 1948 Synodicum‚
1155 1898 1198 1934 et
1230 1892 1380 1935 Graeci
1419 1900 1620 1943 recentes,

218 1954 261 1991 et
292 1948 487 1992 Collectio
516 1949 729 1992 Canonum
802 1949 1051 1998 uesnellana,
1073 1955 1116 1992 et
1145 1950 1252 1992 duae
1278 1951 1455 1993 Veteres
1487 1951 1622 1993 Inter-

219 2006 472 2063 pretationes
512 2007 685 2049 Latinae
728 2021 755 2049 a
792 2006 992 2049 fratribus
1031 2007 1253 2050 Ballerinis
1298 2008 1341 2050 in
1381 2009 1621 2065 Appendice

155 2079 206 2117 30
219 2063 272 2106 ad
295 2063 337 2106 S.
362 2064 541 2106 Leonem
562 2064 761 2120 Magnum
782 2063 931 2106 editae.
993 2064 1078 2107 Sed
1106 2067 1161 2109 εἰς
1180 2064 1228 2117 ἣν
1247 2066 1417 2108 exhibet
1436 2066 1465 2108 J
1468 2081 1621 2108 oannes

219 2120 511 2163 Antiochenus.
573 2121 758 2164 Praetuli
777 2136 801 2164 e
832 2135 856 2163 ο
876 2121 1092 2164 lectionem
1112 2122 1170 2174 ἧς,
1192 2137 1299 2179 quae
1319 2130 1455 2166 exstat
1475 2123 1518 2165 in
1539 2124 1622 2167 Ge-

218 2178 308 2220 lasii
339 2179 454 2221 Actis
482 2178 655 2221 Nicaeni
686 2178 812 2222 Conci
828 2178 870 2228 ii,
893 2179 1022 2222 Codd.
1044 2180 1203 2222 duobus
1231 2181 1466 2223 Bodleianis
1486 2187 1622 2224 vetus-

219 2235 384 2278 tissimis
416 2237 469 2278 26
499 2241 543 2278 et
571 2237 699 2293 3385,
730 2236 862 2279 tribus
893 2237 1023 2280 Codd.
1058 2237 1222 2294 Lloydii
1252 2238 1456 2296 Episcopi,
1487 2239 1623 2296 prisca

223 2293 372 2336 Latina
391 2293 592 2336 Versione
612 2294 724 2351 apud
742 2294 978 2344 Justellum,
996 2294 1277 2352 Versioneque
1295 2296 1455 2338 Isidori.
1503 2297 1624 2339 Cete-

157 2356 207 2396 35
222 2365 314 2392 rum
328 2365 446 2392 voces
462 2359 541 2393 aut
555 2352 778 2394 Diaconus
798 2357 891 2408 post
906 2353 1136 2408 Presbyter
1153 2360 1320 2396 exstant
1333 2354 1445 2410 apud
1463 2360 1624 2396 veteres

223 2407 444 2450 Versiones
475 2408 624 2451 Latina
651 2409 874 2465 habetque,
904 2410 978 2452 sed
1009 2410 1262 2453 Graecorum
1293 2411 1459 2467 quidem
1499 2412 1621 2460 solus,

222 2466 406 2507 Joannes
426 2465 708 2508 Antiochenus
727 2466 750 2519 ἢ
774 2467 985 2516 Διάκονος,
1005 2467 1092 2509 sine
1121 2468 1308 2518 articulo,
1330 2474 1454 2525 atque
1479 2469 1619 2511 itidem

223 2523 310 2564 sine
329 2522 503 2565 articulo
521 2522 764 2568 Ἐπίσκοπος
783 2530 826 2566 et
847 2525 1138 2578 Πρεσβύτερος.

735 2619 953 2662 CANON
994 2620 1112 2663 XVI.

159 2708 210 2741 40
282 2692 328 2733 P.
351 2691 450 2747 380.
472 2692 498 2733 l.
524 2705 589 2734 10.
619 2691 852 2746 ὑφαρπάσαι
881 2692 953 2734 τὸν
971 2695 1024 2749 τῷ
1055 2693 1172 2750 ἑτέρῳ
1200 2693 1461 2753 διαφέροντα]
1485 2696 1621 2751 Hesy-

223 2748 350 2797 chius,
383 2748 588 2802 Διαφέρει,
619 2748 765 2800 ἀνήκει.
829 2749 914 2792 Ubi
946 2750 1150 2793 Kusterus
1178 2751 1249 2800 ait,
1279 2759 1288 2774 ‘
1312 2751 1459 2804 ἀνήκει,
1484 2753 1527 2795 id
1556 2759 1620 2795 est

223 2812 232 2829 ‘
250 2807 449 2861 pertinet,
479 2806 544 2848 vel
583 2807 765 2849 attinet!
826 2807 969 2849 Canon
999 2808 1245 2864 Ancyranus
1280 2823 1339 2850 xv
1368 2809 1482 2852 initio
1517 2810 1619 2867 ipso,

226 2863 326 2915 Περὶ
347 2867 432 2905 τῶν
452 2865 722 2917 διαφερόντων
747 2866 801 2919 τῷ
832 2867 1022 2921 Κυριακῷ.
1086 2866 1181 2909 Vet.
1215 2867 1439 2923 InterpreS‚
1472 2869 1536 2911 De
1566 2870 1624 2910 iis
