2034 3204
434 218 521 259 5208
883 217 1397 260 ANNOTATIONES

435 324 578 374 tiente,
601 324 795 366 Pamelio.
856 324 962 366 Mox
991 339 1073 366 una
1099 339 1197 366 voce
1218 324 1626 379 fideicommiserum
1648 321 1734 364 vult
1763 320 1835 363 im-

435 381 695 438 primendum
715 397 769 424 ex
788 382 817 424 J
820 396 997 424 urecoss.
1015 397 1092 423 usu
1111 382 1139 424 J
1142 382 1273 430 unius,
1296 380 1361 422 cui
1381 379 1675 435 obtemperavi.

499 439 547 481 P.
571 451 663 495 153.
690 439 718 481 l.
742 453 754 480 ι
763 452 807 493 5.
843 438 1064 481 necessitas
1097 438 1262 492 institit]
1306 439 1399 480 Hoc
1430 453 1483 480 ex
1513 436 1707 479 Rhenani
1739 435 1836 478 edit.

435 495 580 539 ultima
611 496 750 553 recepi
779 503 822 539 et
851 496 981 538 Paris.
1011 495 1158 552 prima.
1219 495 1403 538 Exhibet
1433 495 1615 551 ejusdem
1646 493 1838 535 Rhenani

435 553 562 596 editio
599 554 792 610 princeps
829 555 1035 603 instituit,
1071 567 1195 609 quam
1229 553 1396 609 quidem
1436 552 1652 595 lectionem
1687 552 1716 594 ,J
1718 551 1838 593 unius
1852 561 1874 598 5

434 611 633 667 praetulit
650 611 711 653 illi
731 611 955 653 editionum
977 610 1264 666 posteriorum,
1285 625 1353 653 eos
1371 611 1599 653 necessitas
1619 611 1765 664 coeyit.

494 668 601 711 Ibid.
622 669 649 710 l.
669 682 733 723 19.
754 667 815 710 ita
835 674 879 710 et
898 668 1031 721 nobis]
1065 667 1266 710 Additum
1287 673 1350 710 est
1372 672 1467 724 post
1486 667 1589 709 haec
1608 681 1635 709 a
1653 665 1838 723 R-igaltio

434 734 475 768 et
494 741 525 768 a
543 727 677 771 nobie.
699 725 810 781 quod
837 740 929 767 cum
951 726 1069 782 Lupo
1089 731 1215 781 atque
1236 724 1455 767 Thomasio
1481 723 1609 774 omisi,
1631 724 1839 766 undecun-

434 797 517 839 que
535 783 616 825 huc
635 783 866 825 advectum.

494 840 598 882 Ibid.
624 840 651 882 l.
674 851 744 896 25.
775 840 852 882 hoc
881 845 978 882 sunt
1009 839 1250 896 Scripturae
1273 839 1360 896 jam
1390 839 1487 882 inde
1515 838 1569 882 ab
1595 837 1713 880 initio
1742 837 1903 894 suo]10

437 897 570 940 Voces
586 898 686 953 jam
711 899 812 940 inde
837 897 979 939 addidi
999 912 1052 939 ex
1074 896 1217 939 Ursini
1245 897 1394 939 Codice
1413 897 1525 953 apud
1546 895 1838 947 Wouwerium,

427 969 539 1011 *quas
567 954 734 1011 quidem
763 955 949 1012 neglexit
978 954 1199 1012 Rigaltius.
1258 954 1430 996 Habent
1457 968 1598 996 vocem
1623 954 1737 1003 inde,
1767 953 1839 995 sed

435 1018 533 1055 ante
568 1014 826 1069 Scripturae
865 1012 1052 1069 positam,
1089 1012 1183 1055 edd.
1217 1012 1410 1054 Rhenani
1444 1017 1488 1054 et
1522 1011 1654 1053 Paris.
1690 1010 1837 1067 prima.

438 1071 576 1121 Quum
605 1071 753 1113 aberat
781 1077 921 1112 autem
950 1085 1031 1112 vox
1061 1076 1238 1126 utraque
1267 1070 1321 1112 ab
1351 1069 1469 1112 editt.
1498 1069 1628 1112 Paris.
1658 1069 1768 1112 znda
1796 1075 1839 1110 et

436 1127 618 1170 Franek.
640 1127 755 1184 cujus
780 1134 844 1170 est
870 1133 1010 1170 textus
1030 1127 1215 1177 Pamelii,
1236 1127 1457 1185 legendum
1483 1126 1656 1183 conjecit
1674 1127 1704 1169 J
1706 1125 1837 1177 unius,
1857 1141 1902 1177 15

435 1186 547 1228 unde
567 1186 825 1241 Scripturae
844 1186 902 1227 ab
921 1186 1050 1228 initio
1069 1200 1158 1228 suo.

493 1242 601 1286 Ibid.
623 1243 650 1285 l.
671 1243 738 1285 26.
759 1257 812 1284 ex
831 1242 910 1285 illis
929 1257 1082 1292 sumuS,
1103 1248 1324 1298 antequam
1346 1241 1447 1284 nihil
1467 1241 1588 1285 aliter
1607 1241 1699 1290 fuit,
1716 1255 1839 1298 quam

434 1315 586 1343 sumus.
649 1300 760 1352 Quid
787 1300 965 1356 denique
990 1300 1081 1350 fuit,
1102 1306 1323 1356 antequam
1348 1315 1375 1342 a
1397 1299 1514 1342 nobis
1541 1299 1840 1356 interpolaren-

430 1357 521 1414 tur]
554 1357 622 1401 Sic
651 1358 768 1400 editt.
789 1364 887 1401 ante
908 1357 1150 1414 Rigaltium,
1171 1357 1249 1400 nisi
1269 1357 1381 1414 quod
1406 1356 1656 1414 praepositio
1683 1372 1714 1399 a
1742 1362 1840 1399 ante

433 1417 556 1458 nobis
582 1415 624 1457 in
651 1415 744 1458 edd.
762 1415 954 1458 Rhenani
976 1422 1018 1458 et
1039 1415 1170 1457 Paris.
1186 1415 1321 1472 prima
1341 1415 1470 1458 deest.
1530 1414 1599 1457 Ad
1618 1428 1751 1472 marg.
1772 1413 1837 1456 ed.
1853 1426 1903 1451 20

433 1487 534 1515 suae
553 1473 703 1516 tertiae
714 1473 947 1515 Rhenanus
966 1487 1042 1529 pro
1057 1473 1224 1515 vocibus
1238 1481 1470 1529 antequam
1489 1473 1605 1515 nihil
1621 1471 1681 1514 ait
1700 1472 1840 1529 legen-

434 1530 531 1573 dum
561 1539 740 1587 anteque
765 1531 892 1573 nihil.
953 1530 1136 1587 Reponit
1156 1544 1254 1573 vero
1273 1530 1436 1580 Junius,
1457 1531 1686 1586 antiquum
1711 1530 1837 1579 nihil,

433 1587 546 1630 haud
566 1588 685 1630 male.
731 1588 939 1646 Rigaltius
958 1594 1096 1630 autem
1117 1602 1303 1630 mancam
1323 1587 1535 1630 lectionem
1553 1593 1717 1630 secutus
1732 1601 1839 1643 quae

433 1660 488 1688 ex
506 1645 754 1702 repetitione
769 1644 886 1687 verbi
892 1646 992 1701 fuit
1012 1652 1105 1688 orta
1124 1652 1201 1695 est,
1217 1645 1295 1687 hoc
1314 1651 1475 1688 tantum
1495 1645 1634 1695 habet,
1653 1645 1742 1686 ‘Ex
1761 1644 1840 1686 illis

435 1710 446 1727 ‘
463 1718 614 1754 eumue,
645 1709 867 1760 antequam
899 1702 1021 1746 aliter
1051 1703 1143 1753 fuit,
1174 1709 1397 1759 antequam
1426 1717 1453 1745 a
1473 1702 1588 1746 vobis
1615 1702 1839 1759 interpola-
1854 1711 1902 1748 25

435 1766 446 1784 ‘
464 1763 637 1803 rentur!

493 1818 540 1860 P.
567 1832 580 1860 ι
589 1831 660 1875 54.
680 1818 709 1861 l.
732 1831 767 1860 1.
791 1823 834 1860 et
854 1817 976 1875 primi
995 1824 1039 1861 et
1057 1832 1111 1861 ex
1135 1817 1248 1875 ipsis]
1278 1818 1399 1860 Hanc
1427 1817 1618 1860 editionis
1643 1816 1840 1874 principis

434 1875 666 1926 lectionem,
686 1882 730 1918 et
748 1875 876 1919 Junio
895 1875 1126 1932 probatam,
1148 1876 1326 1932 praetuli
1346 1875 1405 1918 illi
1425 1875 1650 1918 editionum
1672 1875 1840 1918 Rhena-

435 1933 600 1976 nianam
616 1939 659 1976 et
667 1932 798 1976 Paris.
808 1933 983 1990 primam
999 1933 1347 1990 subsequentium,
1358 1948 1388 1975 a
1396 1934 1622 1999 principio
1637 1941 1676 1976 et
1683 1934 1838 1989 primi.

436 1991 566 2034 Paulo
586 1997 683 2034 ante
703 1991 782 2034 scri
813 1997 926 2034 serat
943 1997 1101 2041 auctor,
1116 2006 1168 2034 ex
1187 1992 1280 2034 illie
1301 1990 1563 2048 [Scripturis]
1582 2005 1741 2034 eumue.
1853 2002 1904 2038 30

495 2048 601 2092 Ibid.
618 2049 645 2091 1.
662 2062 727 2103 14.
821 2063 866 2091 ec
886 2054 982 2091 sunt
1001 2048 1183 2107 ingenia]
1209 2049 1275 2091 Ita
1289 2048 1406 2091 editt.
1420 2048 1701 2106 Rigaltianam
1721 2062 1840 2106 prae-

436 2106 653 2157 cedentes;
684 2106 726 2149 in
755 2106 826 2149 illa
854 2106 962 2149 enim
984 2106 1156 2164 Rigaltii
1177 2112 1314 2150 exstat
1332 2107 1479 2148 Erant
1508 2120 1584 2163 pro
1604 2107 1710 2149 haec
1727 2114 1838 2149 eunt.

435 2163 629 2207 Alteram
645 2179 743 2207 vero
763 2163 977 2207 lectionem
998 2179 1089 2206 cum
1108 2165 1225 2221 Lupo
1245 2170 1370 2263 atffiue
1386 2163 1605 2206 Thomasio
1623 2163 1826 2207 revocavi.

495 2221 650 2265 1bid.l.
675 2234 743 2264 21.
800 2236 852 2264 uo
880 2220 971 2279 jus]
1009 2221 1078 2265 Sic
1112 2221 1227 2264 editt.
1257 2222 1298 2263 R
1330 2221 1463 2264 enani.
1536 2221 1707 2264 Habent
1739 2220 1836 2264 edd.

437 2278 568 2322 Paris.
592 2279 702 2322 2nda
720 2284 764 2322 et
819 2279 964 2322 ranek.
985 2281 1063 2328 vie,
1085 2293 1161 2336 pro
1182 2294 1264 2335 quo
1277 2279 1366 2335 jus.
1422 2278 1572 2322 Junius
1592 2279 1681 2321 vult
1700 2278 1839 2345 legere
1852 2287 1902 2326 35

440 2337 741 2389 Quivis—com
826 2338 874 2387 it,
900 2336 1011 2393 quod
1041 2336 1204 2393 quidem
1230 2336 1318 2393 jam
1347 2342 1591 2394 reposuerat
1619 2335 1841 2388 Quintnnus

435 2393 479 2437 in
505 2394 603 2437 edit.
629 2409 704 2437 sua
734 2351 855 2437 ffls
885 2399 1088 2437 tractatus
1115 2408 1225 2437 anno
1251 2396 1353 2449 1561
1380 2394 1493 2452 typis
1522 2393 1731 2444 mandata,
1758 2393 1840 2437 Pa-

436 2451 557 2495 melio
582 2458 688 2495 teste
708 2451 749 2495 in
770 2451 889 2494 notis.
953 2451 1029 2495 Ait
1050 2466 1148 2495 vero
1162 2452 1417 2494 Wouwerius
1439 2451 1630 2495 codicem
1653 2452 1743 2495 MS.
1767 2451 1840 2494 ha-

436 2509 535 2553 bere
561 2511 723 2566 quovis,
750 2524 877 2566 seque
904 2509 1204 2552 emendandum
1232 2524 1412 2559 censere,
1438 2524 1526 2566 qua
1552 2510 1698 2559 iidem
1729 2509 1839 2566 quod

435 2566 534 2610 etin
548 2567 614 2610 ed.
635 2566 767 2610 Paris.
783 2567 915 2624 prima
931 2566 1135 2609 exstitisse
1151 2581 1258 2609 nunc
1272 2567 1402 2609 video.
1460 2566 1600 2609 Edidit
1614 2568 1732 2610 vides
1752 2566 1839 2609 nino
1851 2578 1903 2611 40

435 2639 524 2681 qua
546 2624 766 2691 Rigaltius.
817 2624 921 2667 Mihi
942 2623 1107 2690 quidem
1129 2624 1305 2675 videtur,
1323 2639 1448 2682 quum
1469 2624 1598 2667 facilis
1618 2624 1670 2667 sit
1690 2625 1838 2667 harum

436 2696 579 2725 vocum
611 2689 720 2726 mter
749 2696 794 2725 se
824 2688 1009 2732 mutatio,
1039 2696 1134 2725 nam
1161 2682 1204 2725 in
1229 2697 1318 2739 cap.
1339 2694 1362 2725 α
1394 2682 1488 2725 libri
1513 2682 1565 2725 de
1587 2681 1839 2739 Spectaculis

434 2740 554 2783 videa
574 2754 650 2797 pro
670 2741 737 2783 vie
757 2747 869 2783 recte
895 2739 1121 2797 repositum
1149 2746 1225 2792 est,
1248 2739 1468 2794 legendum
1489 2753 1577 2782 esse
1605 2753 1686 2795 quo
1707 2740 1836 2789 vides,

436 2803 482 2840 ut
501 2804 765 2840 construatur
785 2797 1002 2841 relativum
1024 2812 1106 2854 quo
1126 2812 1217 2840 cum
1240 2812 1336 2840 voce
1357 2797 1602 2853 eoecmplum.
1655 2795 1839 2853 Antiqua

435 2868 591 2902 munus,
615 2869 688 2897 nec
709 2854 828 2903 mule,
843 2854 983 2911 judico
1003 2854 1167 2911 quidem
1191 2854 1388 2903 Somlero,
1410 2852 1628 2910 adscripsit
1647 2853 1778 2908 cujvw.
1852 2863 1900 2899 45
