1988 3216
374 269 431 309 30
850 268 928 310 AN
934 269 972 310 N
977 268 1239 310 OTATION
1243 269 1312 310 ES

375 378 553 428 προσθεν
589 376 817 426 ἐκκλησίαις
847 375 889 416 in
925 374 1078 432 Ignatii
1115 375 1302 431 Epistola
1337 374 1391 416 ad
1424 374 1715 430 Polycarpum,
1750 375 1779 424 §-

375 433 449 474 ult.
473 432 632 474 nonnisi
661 432 713 474 de
741 434 1032 475 anterioribus
1057 432 1136 473 illis
1158 432 1360 481 Ecclesiis,
1383 446 1488 488 quae
1515 432 1558 472 in
1578 431 1681 472 Asia
1703 431 1782 486 Sy-

374 489 480 532 riam
493 505 636 532 versus
644 490 852 546 jacebant,
866 490 1224 546 interpretandum
1237 489 1311 539 sit;
1333 489 1435 531 nihil
1446 489 1541 531 inde
1555 488 1781 530 eruendum

375 547 541 590 lectioni
569 549 678 599 ὑμῶν
707 547 971 589 contrarium.
1049 547 1226 603 Quippe,
1257 547 1314 588 ibi
1344 547 1534 589 hortatus
1564 552 1627 588 est
1659 545 1782 601 Igna-

375 604 458 647 tius
493 605 768 660 Polycarpum
804 605 986 647 scribere
1019 605 1074 646 ad
1106 604 1205 646 istas
1236 604 1453 654 Ecclesiam,
1484 610 1532 646 ut
1561 602 1781 645 nonnullae
1796 613 1819 651 5

376 676 519 704 earum
545 662 710 704 nuntios
738 662 852 719 ipsae
879 662 1094 704 mitterent
1119 662 1174 704 ad
1200 662 1473 710 Antiochiam,
1494 666 1782 717 recuperatam

375 734 520 776 pacem
541 720 826 777 gratulantes3
858 719 963 762 aliae
984 734 1082 761 vero
1103 719 1263 761 litteras
1283 719 1512 761 seriberent
1536 717 1783 760 deferendas

376 777 468 819 illas
507 791 533 819 a
571 777 715 818 nuntio
751 776 986 833 Polycarpi.
1056 777 1204 832 Neque
1243 777 1453 818 contraria
1492 782 1558 818 est
1595 777 1647 818 de
1684 789 1782 817 voce

375 836 483 886 ὑμῶν
517 834 719 877 sententia
754 834 819 876 vel
853 834 1016 884 Smithi,
1050 834 1114 876 vel
1149 849 1304 883 eorum,
1338 833 1408 890 qui
1441 833 1662 890 Polycarpi
1698 832 1782 889 epi-

375 892 522 934 stolam
553 892 595 933 in
625 892 807 948 linguam
839 892 1057 948 Anglicam
1087 897 1315 943 verterunt,
1347 891 1475 940 Gavii,
1505 891 1660 942 Wakii,
1691 890 1783 933 Cle·
1800 902 1848 927 10

375 949 590 992 mentsoni.
665 950 845 998 Interea,
887 949 985 991 dum
1026 948 1201 991 Wakius
1242 949 1285 990 in
1325 948 1435 990 hunc
1474 949 1640 990 modum
1681 949 1783 990 haec

376 1007 505 1049 verba
533 1007 834 1063 interpretatus
863 1013 938 1056 est,
970 1008 1061 1048 But
1090 1008 1139 1062 {f
1158 1021 1247 1062 any
1277 1021 1352 1048 one
1381 1014 1491 1048 went
1507 1007 1633 1062 from
1659 1007 1784 1048 hence

375 1067 468 1107 into
498 1065 645 1119 Syria,
668 1065 717 1106 he
747 1065 901 1106 should
930 1064 1054 1121 bring
1083 1079 1193 1119 your
1225 1064 1366 1106 letters
1394 1065 1501 1106 with
1530 1064 1632 1114 him,
1655 1063 1783 1105 verbo

376 1123 599 1179 ἆποκομίσῃ
618 1121 840 1178 significari
860 1122 1054 1163 censebat
1073 1136 1155 1163 non
1175 1122 1524 1177 deportationem,
1541 1121 1615 1162 sed
1635 1136 1784 1176 aspor-

378 1181 594 1221 tationem.
670 1179 805 1221 Aliter
834 1193 933 1220 vero
963 1179 1096 1221 locum
1127 1179 1355 1235 exposuere
1390 1179 1472 1221 duo
1501 1178 1623 1220 alteri
1657 1178 1785 1220 inter·
1801 1187 1847 1225 15

377 1242 531 1293 pretes.
594 1236 753 1287 Quibus
774 1251 882 1278 nunc
902 1236 1032 1279 addas
1049 1236 1241 1278 Elborow
1261 1242 1304 1278 et
1322 1235 1639 1279 Chevallierium
1661 1236 1784 1292 paulo

376 1300 475 1336 ante
509 1309 535 1336 a
565 1309 631 1336 me
666 1301 1017 1336 commemoratos.
1096 1295 1214 1345 Quae
1246 1293 1423 1350 denique
1460 1299 1715 1349 sequuntur-‚³
1735 1308 1786 1335 ea

378 1351 537 1394 notavit
564 1352 618 1394 ad
647 1352 871 1394 Eusebium
898 1367 1016 1394 suum
1037 1352 1088 1394 cl.
1110 1352 1334 1400 But-tonus,
1358 1358 1368 1375 ‘
1386 1351 1536 1394 Nescio
1564 1365 1671 1407 quae
1701 1351 1786 1393 Eu-

379 1417 389 1433 ‘
411 1409 514 1451 sebii
551 1409 806 1466 exemplaria
844 1409 1048 1452 indicaret
1081 1409 1287 1458 Usserius,
1322 1423 1448 1465 quum
1489 1423 1565 1465 pro
1600 1410 1707 1461 ὑμῶν
1741 1409 1785 1450 in

380 1475 389 1491 ‘
411 1466 658 1524 quibusdam
670 1468 779 1519 ἡμῶν
791 1467 874 1524 legi
890 1467 1063 1510 monuit:
1088 1467 1131 1509 in
1147 1467 1258 1509 nullo
1277 1466 1428 1509 Codice
1444 1466 1551 1508 hanc
1567 1466 1784 1508 lectionem
1800 1489 1850 1514 20

379 1530 390 1549 ‘
411 1525 549 1567 inveni
578 1530 747 1581 praeter
784 1524 1049 1573 Savilianum,
1074 1539 1197 1581 quem
1227 1524 1392 1581 quidem
1423 1524 1476 1566 ab
1504 1523 1675 1567 Usserio
1705 1523 1786 1566 col-

380 1590 389 1606 ‘
412 1582 542 1625 latum
563 1597 653 1624 esse
673 1586 863 1624 constat?

437 1641 485 1682 P.
509 1653 575 1682 20.
611 1640 636 1682 l.
661 1653 698 1683 2.
732 1640 988 1694 ὠφεληθῆναι
1021 1639 1264 1697 δυνήσεσθε]
1303 1640 1547 1696 Anonymus
1588 1638 1786 1696 Martyrii

380 1698 429 1739 Β.
449 1697 600 1756 Ignatii
621 1697 851 1754 descriptor
878 1697 916 1739 le
948 1697 979 1739 it
1007 1697 1337 1751 ὠφεληθήσεσθε,
1358 1696 1562 1753 quomodo
1590 1706 1633 1739 et
1652 1697 1786 1739 Vetus

379 1755 600 1813 Polycarpi
623 1756 836 1811 Interpres
864 1769 911 1796 re
943 1754 1058 1806 didit,
1080 1770 1130 1798 ex
1160 1755 1314 1811 quibas
1344 1769 1527 1811 maynus
1556 1755 1674 1797 vobis
1702 1755 1786 1797 erit
1801 1773 1849 1813 25

372 1814 605 1869 profectus.
647 1812 847 1855 USSER.

406 1884 416 1894 ·
439 1870 545 1913 Ibid.
566 1871 594 1912 l.
613 1885 651 1926 9.
713 1870 769 1912 Et
789 1870 842 1912 de
862 1870 949 1926 ipso
972 1869 1151 1927 Ignatio‚
1172 1875 1215 1912 et
1239 1869 1291 1911 de
1318 1869 1382 1911 his
1402 1868 1472 1925 qui
1492 1884 1583 1912 cum
1605 1883 1654 1911 eo
1675 1875 1784 1921 sunt,

379 1928 491 1985 quod
531 1928 683 1971 certius
729 1927 993 1985 agnoverim,
1033 1928 1066 1969 ei
1100 1927 1279 1983 nificate]
1335 1927 1472 1984 Hujus
1517 1926 1577 1969 ita
1626 1926 1669 1968 in
1716 1926 1787 1968 Bi-

379 1985 586 2028 bliotheca
605 2001 679 2028 sua
701 1984 812 2043 [cod.
831 1984 975 2042 cxxv.]
998 1984 1050 2027 de
1069 1942 1292 2042 {olyearpi
1319 1985 1396 2026 hae
1423 1984 1478 2027 ad
1500 1983 1785 2041 Philippenses

380 2043 568 2116 Epistola
597 2058 727 2101 agens
756 2043 943 2085 meminit
974 2042 1158 2085 Photius.
1220 2042 1343 2096 Λέγει
1373 2043 1438 2085 καὶ
1466 2044 1537 2086 τὰς
1571 2043 1786 2086 ἐπιστολὰς
1799 2066 1851 2103 30

380 2105 512 2145 αυτοῖς
557 2101 754 2155 Ἶγνατίου
801 2104 870 2142 τοῦ
911 2101 1124 2154 Θεοφόρου
1164 2098 1470 2148 ἀπεσταλκέναι,
1513 2099 1576 2141 καὶ
1621 2101 1787 2141 αἰτεῖται

380 2160 692 2214 ἀναδιδαχθῆναι
715 2157 804 2213 παρ’
835 2158 975 2207 αὐτῶν,
999 2159 1036 2200 εἴ
1062 2174 1098 2199 τι
1124 2158 1212 2211 περὶ
1239 2158 1392 2199 ἐκείνου
1413 2157 1675 2199 διακούσαιεν.
1736 2156 1786 2199 In

382 2215 579 2258 Halloixii
628 2222 767 2258 tamen
817 2214 996 2258 editione
1045 2215 1175 2257 verba
1223 2214 1303 2257 ista
1341 2220 1438 2256 sunt
1477 2213 1638 2263 omissa,
1679 2229 1786 2270 quae

380 2273 530 2316 docent
549 2273 658 2315 circa
683 2288 835 2315 annum
859 2273 981 2315 Dom.
1003 2272 1078 2314 cvi.
1102 2272 1247 2314 eodem
1269 2271 1458 2314 videlicet
1481 2277 1682 2328 tempore,
1704 2286 1786 2328 quo

380 2346 404 2373 e
421 2331 546 2386 Syria
560 2330 614 2373 ad
631 2330 876 2387 martyrium
893 2331 1067 2372 Romam
1084 2330 1286 2372 adductus
1299 2335 1362 2372 est
1376 2329 1577 2385 IgnatiuS‚
1591 2328 1785 2386 scriptam
1800 2351 1850 2390 35

379 2403 407 2431 a
426 2388 660 2454 Polycarpo
681 2388 800 2430 istam
820 2387 945 2429 fuisso
965 2387 1192 2443 epistolam.
1255 2387 1371 2429 Haec
1394 2386 1695 2435 USSERIUS,
1713 2386 1787 2429 sed

384 2445 534 2504 Ignatii
564 2445 720 2488 obitum
741 2452 829 2488 toto
857 2444 1068 2495 decennio,
1091 2459 1214 2501 quam
1244 2459 1271 2486 a
1290 2443 1587 2486 recentioribus
1613 2444 1788 2486 chrono-

382 2503 486 2562 logis
524 2503 677 2547 factum
718 2509 795 2553 est,
836 2502 955 2545 citius
993 2508 1188 2545 statuens.
1266 2501 1338 2543 Ait
1376 2501 1645 2554 Jacobsonus,
1688 2509 1698 2524 ·
1720 2501 1787 2544 De

385 2571 393 2583 ·
417 2567 551 2604 morte
573 2560 726 2618 Ignatii
747 2560 1003 2617 Polycarpus
1025 2559 1111 2616 jam
1141 2558 1292 2602 certior
1313 2559 1446 2601 factus
1465 2565 1571 2608 erat,
1595 2559 1633 2613 ξ.
1653 2573 1691 2613 9.
1714 2559 1788 2602 sed

385 2628 395 2643 ⁶
416 2618 757 2670 circumstantias,
785 2618 909 2669 dieta,
938 2618 1013 2660 διο.
1037 2623 1082 2660 ut
1109 2616 1285 2667 videtur,
1307 2616 1538 2674 ignorabat.
1600 2616 1788 2659 Postulat
1802 2644 1852 2677 40

385 2682 395 2700 ‘
417 2691 520 2734 ergo
545 2692 572 2719 a
600 2675 945 2733 Philippensibus,
969 2681 1015 2718 ut
1042 2674 1117 2717 sibi
1146 2673 1390 2733 significent,
1413 2673 1612 2731 quidquid
1636 2674 1786 2730 Ignatii

386 2743 395 2758 ⁶
418 2741 590 2777 mortem
611 2740 803 2791 spectans
824 2733 872 2776 iis
892 2740 1001 2776 esset
1021 2732 1256 2791 cognitum!

446 2791 549 2834 lbid.
574 2792 600 2834 Ι.
628 2805 690 2834 ιι.
712 2806 832 2848 quem
865 2791 905 2833 in
937 2796 1196 2848 praesentem
1224 2789 1330 2832 diem
1357 2787 1637 2831 commendavi
1659 2788 1785 2839 vobis,

385 2857 426 2891 vt
455 2864 561 2891 mnne
585 2849 841 2915 commendo]
866 2850 1003 2900 Quum
1030 2847 1070 2890 in
1093 2847 1276 2905 principe
1303 2846 1474 2903 aliisquo
1496 2845 1787 2889 vetustioribus

384 2906 630 2949 editionibus
667 2906 787 2961 huju„
821 2905 1188 2963 interpretationis,
1221 2911 1264 2947 et
1296 2904 1349 2947 ad
1382 2903 1608 2961 marginem
1642 2903 1787 2947 editio·
1801 2928 1850 2964 45
