2034 3204
632 407 1223 463 FIRMILIANI

482 541 696 575 EPISCOPI
723 541 1010 575 CAESAREAE
1038 539 1378 574 CAPPADOCIAE

905 652 958 676 An

227 747 605 791 CYPRIANUM
640 748 880 791 CONTRA
917 746 1269 790 EPISTOLAM
1304 745 1632 788 STEPHANI.

191 1021 271 1071 51.
314 993 382 1071 F
386 1022 808 1070 IRMILIANUS
853 1021 1098 1084 cypriano
1144 1023 1282 1069 fratri
1329 1022 1380 1068 in
1427 1021 1636 1068 Domino

228 1101 446 1146 salutem.
521 1100 809 1161 Accepimus
849 1116 934 1161 per
970 1101 1295 1163 Rogatianum
1336 1099 1635 1146 carissimum

229 1183 460 1232 nostrum,
483 1177 752 1224 Diaconum
777 1193 806 1224 a
829 1178 965 1224 vobis
989 1178 1204 1233 missum,
1229 1178 1391 1223 literas
1422 1192 1542 1237 quas
1575 1176 1634 1222 ad

229 1269 315 1300 nos
350 1253 520 1308 fecisti,
562 1253 712 1300 frater
756 1254 1077 1310 dilectissime,
1117 1262 1166 1301 et
1211 1254 1394 1317 gratias
1440 1260 1637 1314 propter

229 1332 318 1378 hoc
353 1331 562 1378 Domino
597 1331 831 1377 maximas
868 1331 1070 1394 egimus,
1106 1333 1235 1391 quod
1275 1331 1544 1393 contigerit,
1579 1337 1635 1376 ut

169 1432 217 1458 10
229 1409 314 1469 qui
347 1424 540 1469 corpore
575 1409 636 1454 ab
670 1409 874 1454 invicem
910 1423 1203 1469 separamur,
1231 1409 1299 1455 sic
1336 1409 1511 1469 spiritu
1552 1409 1635 1454 ad-

228 1501 433 1532 unemur
454 1485 593 1546 quasi
617 1501 712 1532 non
737 1501 882 1532 unam
914 1492 1103 1532 tantum
1136 1486 1379 1548 regionem
1403 1492 1635 1540 tenenteS,

227 1564 310 1609 sed
334 1563 386 1609 in
409 1579 505 1609 una
528 1569 672 1623 atque
696 1563 747 1609 in
770 1564 935 1610 eadem
958 1565 1100 1610 domo
1123 1564 1267 1610 simul
1291 1564 1634 1611 inhabitantes

227 1640 369 1695 Quod
403 1647 451 1686 et
484 1642 619 1687 decet
653 1640 822 1695 dicere,
846 1641 963 1701 quia
996 1647 1045 1687 et
1079 1641 1311 1702 spiritalis
1346 1643 1516 1688 domus
1540 1641 1634 1687 Dei

229 1734 327 1765 una
365 1724 450 1765 est.
536 1717 649 1764 Erit
686 1718 807 1764 enim
850 1718 900 1764 in
947 1719 1222 1773 novissimis,
1265 1719 1335 1765 ait
1377 1720 1633 1780 Propheta,
1648 1737 1726 1768 1⁵25.
1744 1736 1822 1771 iia.

168 1808 215 1847 15
229 1793 385 1842 diebus
418 1794 688 1858 manifestus
722 1810 851 1842 mons
876 1794 1074 1843 Domini
1106 1802 1148 1843 et
1182 1796 1343 1844 domus
1366 1796 1463 1844 Dei
1495 1813 1635 1860 super

228 1873 414 1920 vertices
437 1873 673 1919 montium.
728 1873 786 1919 In
809 1889 954 1933 quam
978 1874 1310 1920 convenientes
1333 1890 1442 1921 cum
1460 1876 1636 1936 jucun-

229 1951 380 1997 ditate
403 1952 690 2005 adunantur,
714 1952 975 1997 secundum
1006 1953 1134 2012 quod
1166 1959 1214 1998 et
1242 1953 1294 1998 in
1318 1953 1512 1999 Psahno
1546 1953 1636 1999 hoc

230 2030 501 2088 postulatur
536 2043 565 2074 a
604 2027 828 2080 Domino,
870 2026 1129 2075 inhabitare
1165 2030 1216 2075 in
1257 2029 1391 2076 domo
1425 2028 1521 2076 Dei
1547 2045 1637 2092 per
1650 2045 1705 2077 Pe.
1722 2045 1812 2078 xxvi.
1827 2054 1857 2087 7.

230 2121 383 2151 omnes
406 2105 503 2152 dies
525 2105 656 2152 vitae.
728 2105 870 2152 Unde
885 2112 935 2152 et
957 2106 1008 2152 in
1032 2106 1127 2152 alio
1150 2108 1252 2153 loco
1275 2107 1635 2154 manifestatum

167 2206 217 2232 20
230 2191 314 2237 est,
338 2199 438 2229 esse
464 2185 593 2243 apud
624 2190 812 2230 sanctos
845 2199 1067 2245 magnam
1091 2185 1353 2231 voluntatis
1384 2185 1636 2232 caritatem

231 2260 386 2324 [sora.
413 2260 734 2323 alacritatem]
753 2261 804 2308 in
828 2277 977 2308 unum
1002 2262 1280 2308 convenire:
1305 2261 1436 2316 Eece,
1462 2262 1635 2323 inquit,
1650 2275 1705 2308 Ps.
1721 2276 1844 2308 cxxxii.

231 2354 366 2401 quam
390 2336 553 2384 bonum
582 2344 625 2385 et
655 2337 928 2401 voluptabile
958 2344 1036 2394 est,
1061 2344 1111 2386 ut
1142 2337 1343 2386 habitent
1361 2338 1551 2402 fratres
1585 2328 1679 2386 ἐπ’·

231 2430 386 2461 unum.
472 2413 720 2462 Adunatio
756 2416 885 2462 enim
921 2423 969 2462 et
1010 2432 1105 2476 pax
1145 2423 1194 2463 et
1233 2418 1497 2472 concordia,
1540 2433 1637 2464 non

231 2495 384 2539 solum
429 2492 704 2540 hominibus
741 2493 960 2540 fidelibus
1000 2501 1048 2540 et
1084 2494 1478 2557 cognoscentibus
1516 2495 1638 2541 veri-

168 2588 216 2626 25
231 2576 392 2623 tatem,
428 2571 510 2615 sed
545 2576 593 2616 et
628 2570 830 2633 Angelis
866 2571 983 2631 ipsis
1021 2572 1304 2618 coelestibus
1339 2573 1635 2632 voluptatem

231 2647 492 2693 maximam
533 2654 774 2707 praestat;
827 2649 1002 2708 quibus
1048 2649 1166 2695 dicit
1213 2649 1379 2695 Sermo
1423 2649 1634 2706 divinus,

230 2741 323 2771 esse
351 2724 575 2789 ‘qaudium
611 2725 662 2771 in
704 2741 796 2772 imo
827 2731 1063 2788 peccatore
1093 2726 1423 2789 poenitentiam
1464 2732 1632 2791 ayente,
1646 2736 1730 2770 Luc.
1740 2747 1856 2771 xmo.

230 2810 278 2848 et
313 2805 373 2848 ad
409 2803 610 2849 unitatis
646 2804 889 2850 vinculum
927 2810 1208 2851 revertente.
1291 2804 1431 2859 Quod
1468 2805 1635 2866 utique
