2034 3204
172 1372 252 1403 Luc.
265 1371 307 1402 vi.
324 1381 376 1410 40.

387 243 472 284 150
863 243 1322 286 TERTULLIANI

386 360 596 400 creatore
620 354 954 400 universorum
976 355 1349 401 controversiam
1373 353 1588 400 moverit.
1638 351 1795 397 Nemo

387 433 588 477 alterum
637 431 794 476 Deum
847 447 993 478 ausus
1045 439 1117 478 est
1168 431 1398 491 suspicari
1425 447 1435 477 :
1496 430 1684 476 facilius
1734 431 1794 475 de

390 509 529 562 Filio,
554 524 697 568 quam
735 510 793 554 de
831 508 973 555 Patre
1010 510 1352 562 haesitabatur,
1376 510 1523 554 donec
1559 506 1792 559 Marcion,

387 593 575 644 praeter
631 592 904 640 creatorem,
953 586 1102 632 alium
1149 587 1305 632 Deum
1363 586 1510 632 solius
1567 584 1794 632 bonitatis

387 664 658 710 induceret:
696 663 892 724 Apelles
915 670 1173 710 creatorem
1199 665 1443 726 Angelum
1472 664 1629 710 nescio
1651 678 1794 723 quem
1808 683 1832 721 5

386 742 647 803 gloriosum
699 741 956 801 superioris
1002 741 1109 791 Dei,
1155 741 1332 787 faceret
1378 742 1533 787 Deum
1580 740 1700 803 legis
1745 745 1795 785 et

391 819 596 871 IsraeliS‚
616 819 752 864 illum
777 819 971 879 igneum
996 819 1266 864 affirmans:
1302 819 1588 865 Valentinus
1603 818 1798 864 Aeonas

389 913 498 942 suos
534 903 793 958 spargeret,
817 903 864 942 et
900 896 1044 942 unius
1069 896 1251 942 Aeonis
1275 897 1447 942 vitium
1485 896 1536 942 in
1560 896 1795 958 originem

389 977 640 1020 deduceret
681 974 773 1019 Dei
813 975 1052 1020 creatoris.
1127 975 1220 1020 His
1259 974 1370 1021 solis
1418 983 1465 1021 et
1507 974 1581 1020 his
1627 973 1797 1034 primis

389 1055 597 1099 revelata
620 1059 692 1098 est
716 1053 891 1099 veritas
914 1052 1215 1110 Divinitatis,
1236 1053 1466 1114 majorem
1490 1052 1668 1098 scilicet
1690 1051 1798 1113 ‹lig-
1815 1071 1864 1096 10

389 1131 631 1177 nationem
678 1141 725 1176 et
771 1130 1030 1190 pleniorem
1078 1130 1283 1193 gratiam
1333 1145 1360 1175 a
1407 1129 1597 1175 diabolo
1637 1144 1798 1175 conse-

388 1209 524 1262 cutiS,
548 1208 632 1267 qui
659 1208 813 1254 Deum
841 1208 908 1254 sic
931 1224 1121 1268 quoque
1145 1208 1350 1254 voluerit
1383 1207 1628 1261 aemulari,
1654 1214 1708 1253 ut
1739 1208 1799 1253 de

389 1286 617 1332 doctrinis
655 1302 959 1339 venenorum,
995 1288 1123 1346 quod
1162 1286 1400 1332 Dominus
1447 1285 1654 1347 negavit,
1696 1285 1798 1345 ipse

391 1365 566 1410 faceret
589 1364 848 1424 discipulos
873 1380 1017 1424 super
1042 1364 1341 1426 magistrum.
1413 1363 1615 1426 Eligant
1643 1363 1796 1425 igitur

391 1442 482 1487 sibi
507 1448 722 1501 tempora
746 1442 996 1488 universae
1020 1443 1251 1494 haereses,
1272 1457 1394 1501 quae
1419 1439 1572 1504 [som.
1598 1439 1863 1501 delend.]15

391 1520 583 1578 quando
606 1511 800 1573 fuerint,
825 1522 938 1566 dum
966 1519 1115 1582 [sors.
1142 1519 1318 1581 quum]
1343 1535 1437 1566 non
1461 1519 1652 1565 intersit
1674 1533 1798 1578 quae

393 1595 548 1658 [fors.
573 1595 943 1660 disstessurquendum
976 1604 1080 1660 post
1102 1597 1250 1659 quae]
1278 1600 1471 1657 quando
1505 1599 1563 1644 de
1599 1597 1799 1644 veritate

394 1690 487 1720 non
513 1675 623 1721 sint.
695 1675 875 1735 Utique
899 1692 1020 1735 quae
1044 1676 1105 1722 ab
1129 1676 1374 1736 Apostolis
1403 1676 1676 1722 nominatae
1704 1691 1798 1720 non

394 1754 601 1806 fuerunt,
627 1754 718 1799 sub
743 1752 988 1813 Apostolis
1014 1753 1160 1799 fuisse
1189 1769 1283 1799 non
1308 1760 1520 1813 possunt.
1593 1753 1646 1799 Si
1671 1752 1798 1799 enim

393 1831 608 1885 fuissent,
647 1831 1010 1877 nominarentur
1046 1838 1094 1878 et
1132 1831 1275 1891 ipsae,
1314 1838 1369 1877 ut
1409 1838 1456 1877 et
1503 1832 1633 1891 ipsae
1672 1846 1799 1876 coer·
1815 1846 1865 1871 20

392 1910 578 1956 cendae.
650 1910 786 1963 Quae
822 1926 931 1955 vero
972 1910 1062 1955 sub
1100 1909 1342 1969 Apostolis
1378 1909 1586 1961 fuerunt,
1624 1909 1673 1955 in
1715 1924 1801 1954 sua

394 1986 718 2032 nominatione
760 1988 1066 2033 damnantur.
1138 1986 1248 2032 Sive
1289 2002 1404 2048 ergo
1444 1987 1634 2032 eaedem
1677 2001 1801 2031 nunc

393 2071 506 2109 sunt
529 2064 776 2124 aliquanto
795 2065 1112 2124 expolitiores,
1133 2080 1254 2124 quae
1273 2065 1362 2110 sub
1381 2063 1627 2123 Apostolis
1646 2064 1801 2116 rudes,

395 2142 571 2187 habent
586 2157 722 2188 suam
742 2143 915 2188 exinde
933 2142 1290 2188 damnationem
1309 2161 1319 2192 ς
1355 2142 1453 2188 sive
1470 2141 1592 2187 aliae
1607 2140 1801 2201 quidem

396 2220 502 2265 illae
527 2220 735 2273 fuerunt,
756 2220 878 2267 aliae
901 2227 1060 2266 autem
1086 2228 1249 2280 postea
1273 2219 1466 2265 obortae
1489 2219 1717 2278 quasdem
1742 2233 1801 2263 ex
1818 2233 1866 2273 25

395 2297 489 2342 illis
524 2297 771 2356 opiniones
808 2305 1173 2358 usurpaverunt,
1200 2297 1416 2343 habendo
1450 2312 1556 2343 cum
1592 2296 1660 2342 eis
1694 2311 1802 2342 con-

394 2374 592 2419 sortium
637 2374 1016 2433 praedicationis,
1059 2374 1262 2419 habeant
1306 2390 1492 2419 necesse
1538 2381 1610 2419 est
1655 2373 1798 2419 etiam

394 2451 685 2497 consortium
715 2451 1055 2505 damnationi&
1082 2452 1388 2511 praecedente
1423 2450 1506 2496 illo
1532 2451 1622 2496 fine
1647 2449 1800 2513 [jors.

397 2530 519 2581 func,
545 2528 748 2590 danius]
778 2529 1051 2589 supradicto
1087 2529 1396 2589 posteritatis,
1421 2544 1528 2589 qu0‚
1554 2528 1642 2574 etsi
1679 2528 1800 2574 nihil

394 2609 452 2653 de
476 2607 776 2654 damnatitiis
803 2607 1156 2667 participarent,
1181 2609 1239 2653 de
1263 2613 1417 2652 aetate
1440 2608 1538 2652 sola
1565 2605 1868 2667 praeiudi-,30

395 2691 643 2738 carentum
681 2692 815 2732 tanto
840 2685 994 2747 magis
1011 2686 1268 2734 adulterae,
1284 2691 1465 2744 quanto
1490 2700 1572 2730 nec
1596 2684 1658 2729 ab
1673 2682 1802 2742 Apo-

397 2763 530 2808 stolis
568 2763 854 2809 nominatae.
929 2763 1067 2809 Unde
1102 2762 1286 2808 firmius
1325 2768 1522 2808 constat.
1561 2761 1644 2806 has
1686 2776 1801 2811 esse,

397 2856 517 2899 quzw
542 2842 697 2886 adhue
725 2848 836 2887 tunc
864 2841 1211 2886 'nuntiabantur
1235 2840 1437 2886 futurae.
