2034 3204
537 248 965 291 HAERETICOS
1002 248 1343 291 LIBELLUS.
1558 248 1636 292 171

237 360 318 405 sed
350 358 624 412 Marcionis,
649 358 698 404 id
727 364 812 412 est,
837 373 931 404 non
962 364 1087 413 toto;
1124 357 1393 403 animarum
1431 359 1641 402 solarum

236 435 353 482 dicit
371 434 521 498 [for-⁹.
540 434 699 496 docet]
719 437 920 481 salutem
937 450 949 490 ;
981 435 1126 481 habet
1149 441 1391 494 praeterea
1414 434 1640 494 privatas,

236 514 316 559 sed
341 513 426 575 [an
449 520 498 560 et
512 513 561 574 P]
585 513 987 560 extraordinarias
1011 512 1234 559 lectiones
1258 528 1383 565 suas,
1407 528 1527 572 quas
1558 527 1643 571 ap-

234 593 380 651 pellat
432 592 745 638 Phaneroseis
799 592 1105 638 Philumenes
1150 592 1400 652 cujusdam
1441 591 1640 649 puellae,

199 683 379 728 5quam
404 669 542 728 quasi
567 669 914 729 prophetissam
940 668 1169 728 sequitur.
1214 668 1373 713 Habet
1397 674 1640 727 praeterea

236 761 345 791 suos
370 746 527 799 libros,
552 762 671 807 quos
696 746 942 806 inscripsit
965 746 1363 807 syllogismorum,
1391 745 1439 790 in
1463 745 1640 804 quihus

235 824 434 883 probare
471 826 585 878 vult,
622 825 750 884 quod
787 824 947 869 omnia
983 839 1310 884 quaecumque
1349 823 1541 883 Moyses
1582 824 1640 867 de

236 901 339 946 Deo
367 902 624 962 scripserit,
657 917 766 947 vera
796 917 890 947 non
920 901 1029 953 sint,
1061 902 1139 946 sed
1171 900 1291 946 falsa
1321 900 1430 946 sint.

306 978 398 1024 His
434 979 681 1025 haereticis
711 979 931 1025 omnibus
965 979 1146 1026 accedit
1172 978 1409 1024 Tatianus
1441 978 1638 1037 quidam
1701 986 1817 1036 CVAP-

175 1075 222 1100 10
235 1058 353 1102 alter
371 1057 648 1103 haereticus.
691 1057 783 1103 Hic
796 1057 828 1102 J
831 1057 981 1103 ustini
998 1057 1230 1118 Martyris
1249 1056 1512 1116 discipulus
1532 1056 1638 1107 fuit,
1651 1029 1825 1105 rralississss.

235 1140 342 1192 post
366 1134 491 1180 hunc
515 1134 703 1180 diversa
726 1134 901 1180 sentire
929 1134 1113 1194 coepitt,
1151 1140 1280 1179 totus
1316 1134 1443 1179 enim
1475 1149 1640 1180 secun-

234 1212 350 1256 dum
388 1211 700 1258 Valentinum
738 1211 877 1272 sapit,
911 1212 1140 1273 adjiciens
1181 1211 1313 1263 illud,
1352 1212 1512 1257 Adam
1555 1228 1642 1258 nec

235 1289 437 1334 salutem
483 1289 713 1349 consequi
753 1305 904 1349 posse,
939 1289 1077 1348 quasi
1121 1304 1227 1340 non,
1271 1289 1311 1334 si
1350 1289 1471 1334 rami
1519 1289 1640 1334 salvi

236 1364 368 1420 flant,
394 1372 441 1411 et
463 1367 601 1412 radix
633 1368 765 1412 salva
788 1366 864 1412 sit.
936 1366 1254 1412 Accesserunt
1277 1366 1359 1412 alii
1396 1366 1639 1418 haeretici,

176 1459 220 1498 15
235 1444 318 1504 qui
336 1444 562 1490 dicuntur
575 1445 834 1490 secundum
852 1444 1074 1504 Phrygas
1092 1458 1104 1498 ;
1135 1445 1215 1488 sed
1235 1444 1407 1488 horum
1429 1459 1523 1489 non
1543 1460 1638 1489 una
1655 1454 1745 1485 Kana
1756 1454 1860 1495 Phry-

233 1522 450 1568 doctrina
472 1528 557 1567 est.
610 1521 734 1567 Sunt
757 1521 884 1567 enim
908 1521 993 1581 qui
1016 1520 1132 1566 kata
1157 1521 1379 1567 Proclum
1403 1510 1719 1576 dicantur‚g²⁸·

234 1607 347 1646 sunt
381 1599 465 1659 qui
502 1601 762 1645 secundum
786 1598 1073 1645 Aeschinem
1112 1598 1497 1659 pronuntientur.
1572 1599 1639 1645 Hi

235 1677 412 1723 habent
441 1677 584 1724 aliam
614 1692 913 1723 communem
949 1676 1309 1736 blasphemiam,
1339 1676 1482 1722 aliam
1520 1678 1645 1723 blas-

234 1754 475 1814 phemiam
510 1770 605 1800 non
637 1769 951 1808 communem,
975 1755 1055 1800 sed
1093 1754 1379 1814 peculiarem
1403 1761 1451 1800 et
1475 1770 1641 1808 sua1n;

174 1847 222 1872 20
235 1838 283 1877 et
306 1830 458 1893 [fors.
483 1832 719 1892 particula
742 1836 783 1877 et
803 1831 972 1876 melius
993 1830 1201 1892 abesset]
1219 1847 1517 1877 communem
1536 1832 1643 1891 qui-

234 1911 343 1956 dem
367 1910 514 1963 illam,
538 1925 635 1968 qua
658 1909 707 1954 in
733 1907 979 1968 Apostolis
1003 1908 1195 1968 quidem
1219 1908 1382 1954 dicant
1405 1909 1639 1968 Spiritum

237 1988 466 2034 Sanctum
512 1987 674 2041 fuisse,
724 1987 1024 2032 Paracletum
1072 2002 1166 2032 non
1218 1986 1395 2040 fuisse3
1452 1994 1499 2032 et
1544 2002 1642 2046 qua

234 2065 397 2111 dicant
421 2064 734 2118 ⁸Paracletum
768 2065 908 2123 plura
935 2063 985 2109 in
1018 2063 1251 2109 Montano
1279 2053 1470 2113 dixisse,
1495 2079 1639 2122 quam

235 2142 483 2188 Christum
521 2141 572 2187 in
613 2141 934 2203 Evangelium
981 2141 1265 2201 protulisse3
1320 2157 1404 2186 nec
1451 2147 1641 2186 tantum

173 2233 220 2271 25
234 2222 385 2280 plura,
424 2221 504 2265 sed
543 2219 687 2265 etiam
727 2218 922 2264 meliora
959 2225 1104 2278 atque
1142 2219 1353 2279 majora:
1403 2218 1640 2277 privatam

234 2304 394 2343 autem
430 2296 774 2357 blasphemiam
811 2297 896 2350 illi,
925 2296 1009 2356 qui
1045 2302 1159 2342 sunt
1193 2295 1307 2341 kata
1338 2296 1641 2350 Aeschinem,

234 2376 356 2422 hanc
401 2376 594 2427 habent,
630 2390 726 2435 qua
771 2374 1007 2436 adjiciunt
1052 2374 1195 2419 etiam
1243 2374 1349 2429 hoc,
1387 2380 1442 2419 ut
1479 2373 1642 2419 dicant

234 2452 482 2499 Christum
518 2452 677 2512 ipsum
713 2468 813 2498 esse
849 2451 1029 2497 Filium
1064 2457 1112 2496 et
1148 2451 1355 2496 Patrem.

301 2530 394 2576 Est
419 2536 663 2589 praeterea
682 2529 756 2574 his
774 2529 996 2575 omnibus
1015 2529 1159 2574 etiam
1181 2529 1378 2574 Blastus
1401 2530 1638 2582 accedens,
1657 2542 1723 2573 CA
1735 2542 1771 2574 P.
1790 2543 1856 2574 lx.

170 2625 220 2660 30
233 2607 316 2666 qui
364 2608 566 2652 latenter
599 2607 630 2652 J
634 2606 905 2652 udaismum
943 2608 1047 2651 vult
1084 2606 1412 2659 introducere;
1463 2607 1639 2665 pascha
1651 2585 1795 2618 mmm*

234 2684 359 2730 enim
385 2684 501 2730 dicit
524 2700 619 2730 non
652 2683 791 2729 aliter
812 2683 1175 2729 custodiendum
1201 2698 1315 2735 esse,
1340 2683 1447 2736 nisi,
1473 2699 1639 2729 seeun-

233 2763 347 2807 dum
373 2763 524 2823 legem
551 2760 724 2821 Moysi,
751 2772 852 2805 XIV
878 2760 1066 2805 mensis
1117 2760 1238 2812 Quis
1261 2766 1421 2806 autem
1447 2761 1639 2816 nesciat,

234 2839 458 2899 qnoniam
496 2837 764 2900 evangelica
796 2838 952 2899 gratia
985 2845 1255 2890 evacuatur,
1287 2838 1326 2882 si
1362 2839 1421 2883 ad
1460 2838 1637 2900 Legem
