1988 3216
182 409 198 430 2
211 399 296 431 Tim.
316 400 359 431 iv.

185 453 232 475 10.

183 921 194 942 1
201 911 275 942 Pet.
284 911 318 942 ii.
333 921 344 942 1
354 919 381 951 7.

177 1117 276 1149 Tobit
286 1117 342 1148 xii.
351 1127 383 1158 9.

183 1191 274 1223 1Pet.
287 1190 382 1231 ii.,12.

186 1819 197 1841 1
211 1809 324 1842 Thess.
340 1820 370 1841 v.

183 1862 234 1885 π.

183 1950 269 1992 Eph.
285 1958 320 1982 v:
333 1958 362 1989 5.

182 1994 307 2026 coloss.
323 1994 367 2025 iii.

184 2046 286 2114 ξῦον.
299 2081 342 2112 vi.
357 2090 386 2113 α.

184 2287 270 2320 rhu.
285 2297 357 2329 cap.
369 2286 389 2319 i.

190 2633 330 2665 zThenn.
347 2632 390 2664 iii.

192 2685 239 2716 ¹5-

401 277 458 317 18
738 276 780 318 S.
807 276 1138 319 POLYCARPI
1170 277 1454 320 EPISTULA

398 388 484 434 νῦν
508 381 771 449 ἠγάπησαν
795 386 960 434 αἰῶνα·
1012 382 1146 435 ἀλλὰ
1178 382 1263 436 τὸν
1289 383 1408 452 ὑπὲρ
1445 384 1579 449 ἡμῶν
1617 386 1798 436 ἀποθα-

399 465 555 530 νόντα,
581 470 658 520 καὶ
682 467 738 519 δι’
766 468 888 532 ἡμᾶς
923 484 942 505 ³
959 467 1052 520 ὑπὸ
1077 474 1162 520 τοῦ
1190 471 1316 520 Θεοῦ
1350 466 1644 521 ἀναστάντα.
1680 468 1800 541 [fors.

398 551 727 603 ἀνασταθέντα
754 550 978 624 Ueserim]

397 670 593 709 abierunt:
613 671 703 722 quia
718 685 796 710 non
810 672 882 710 hoc
901 673 1072 710 seculum
1126 673 1219 723 ipsis
1238 678 1277 711 et
1300 686 1371 724 pro
1394 673 1504 711 nobis
1529 680 1705 713 mortuus
1734 680 1802 721 est,

396 724 625 772 dilexerunt,
661 725 728 763 sed
766 739 854 764 eum
892 726 957 777 qui
1002 740 1073 776 pro
1128 732 1167 765 et
1186 740 1209 764 a
1227 727 1312 765 Deo
1330 727 1587 766 resuscitatus.
1818 738 1841 776 5

456 834 509 875 X.
541 833 624 875 bIn
660 834 724 876 his
757 850 859 892 ergo
896 843 1017 884 state,
1049 842 1091 878 et
1123 836 1288 878 Domini
1319 837 1532 893 exemplar
1562 837 1803 894 sequimini;

396 903 503 944 firmi
524 903 566 944 in
586 903 668 945 fide
698 910 740 945 et
770 903 1058 952 immutabiles,
1086 904 1362 947 fraternitatis
1391 912 1610 958 amatores,
1633 906 1806 963 diligen-

396 977 460 1013 tes
488 970 675 1020 invicem,
696 971 739 1013 in
770 972 946 1014 veritate
976 972 1131 1022 sociati,
1162 973 1519 1015 mansuetudinem
1551 974 1717 1016 Domini
1748 975 1807 1017 al-

396 1039 547 1081 terutri
582 1046 886 1096 cpraestantes,
923 1041 1079 1082 nullum
1115 1040 1398 1097 despicientes,
1461 1042 1599 1093 Quum
1636 1042 1807 1099 potestis

398 1108 654 1158 benefacere,
676 1109 803 1151 nolite
824 1109 1017 1152 differre:
1049 1109 1146 1165 quia
1166 1109 1453 1165 deleemosyna
1473 1112 1525 1153 de
1551 1119 1684 1153 ‘morte
1705 1112 1805 1154 libe·
1824 1134 1872 1159 10

397 1185 484 1219 rac.
538 1178 691 1220 Omnes
710 1178 828 1220 vobis
848 1179 1030 1221 invicem
1050 1178 1226 1233 subjecti
1245 1186 1372 1221 estote
1383 1194 1398 1227 ;
1424 1181 1808 1222 comversationem

398 1254 584 1288 vestram
618 1247 1034 1302 irreprehensibilem
1067 1245 1292 1289 shabentes
1321 1248 1369 1289 in
1400 1248 1597 1303 yentibus
1619 1263 1632 1288 :
1676 1255 1725 1289 ut
1759 1262 1810 1289 ea:

398 1315 519 1357 bonis
538 1316 737 1371 operibus
756 1316 909 1358 vestris
935 1320 978 1356 et
999 1330 1071 1357 vos
1098 1315 1262 1356 laudem
1290 1315 1514 1372 accipiatis,
1537 1322 1579 1358 et
1608 1315 1809 1357 Dominus

397 1383 438 1425 in
460 1383 576 1426 vobis
596 1397 678 1425 non
698 1383 1021 1440 blasphemetur.
1068 1383 1159 1425 Vae
1178 1389 1318 1424 autem
1338 1383 1410 1433 illi,
1427 1398 1503 1439 per
1516 1398 1636 1440 quem
1658 1398 1808 1426 nomen

401 1451 567 1494 Domini
587 1452 911 1509 blasphematur.
974 1451 1250 1495 Sobrietatem
1272 1466 1374 1509 ergo
1395 1452 1539 1494 docete
1567 1467 1734 1495 omnes:
1766 1451 1808 1494 in
1826 1472 1872 1510 15

399 1535 483 1578 qua
502 1527 545 1564 et
565 1536 637 1563 vos
657 1520 968 1563 conversamini.

458 1590 536 1632 XI.
568 1589 703 1632 Nimis
732 1589 999 1632 contristatus
1028 1605 1119 1632 sum
1150 1604 1226 1646 pro
1258 1589 1453 1642 Valente,
1485 1589 1556 1646 qui
1586 1590 1810 1648 presbyter

397 1660 531 1702 factus
560 1667 624 1702 est
653 1658 874 1715 aliquando
904 1659 1016 1716 apud
1044 1674 1141 1702 vos:
1173 1658 1285 1715 quod
1315 1658 1372 1701 sic
1402 1659 1567 1715 ignoret
1597 1659 1631 1701 is
1661 1659 1808 1708 locum,

400 1728 471 1785 qui
501 1728 624 1771 datus
653 1734 717 1770 est
746 1727 797 1770 ei.
862 1728 1013 1769 Moneo
1044 1727 1183 1784 itaque
1203 1742 1276 1770 vos
1305 1734 1350 1770 ut
1376 1727 1617 1770 abstineatis
1641 1728 1694 1770 ab
1714 1743 1811 1771 ava-

401 1797 510 1846 ritia,
533 1803 576 1839 et
595 1796 683 1838 sitis
711 1796 826 1845 casti,
849 1802 892 1838 et
912 1810 1091 1838 veraces.
1154 1795 1372 1839 Abstinete
1394 1811 1465 1838 vos
1485 1797 1538 1839 ab
1559 1796 1668 1838 omni
1689 1797 1808 1839 malo.
1826 1819 1876 1845 20

405 1865 486 1917 Qui
515 1872 655 1908 autem
685 1865 727 1907 in
748 1864 812 1907 his
840 1879 922 1907 non
953 1870 1090 1922 potest
1119 1879 1164 1907 se
1193 1865 1443 1923 gubernare,
1465 1880 1546 1922 quo
1567 1865 1689 1907 modo
1709 1864 1811 1907 salii

401 1933 649 1991 pronunciat
679 1931 785 1976 hoc?
828 1932 873 1976 Si
894 1932 985 1990 quis
1012 1948 1095 1975 non
1115 1932 1361 1976 abstinuerit
1390 1948 1434 1975 se
1464 1933 1517 1975 ab
1547 1932 1736 1985 avaritia,
1757 1933 1811 1975 ab

402 2002 635 2045 idololatria
664 2001 1020 2059 coinquinabitur3
1052 2008 1095 2045 et
1124 2008 1321 2059 tanquam
1352 2001 1461 2045 inter
1481 2008 1628 2059 gentes
1651 2001 1812 2059 judica-

403 2070 528 2114 bitur.
592 2070 674 2123 Qui
704 2077 844 2114 autem
873 2070 1068 2129 ignorant
1088 2070 1289 2127 judicium
1310 2070 1510 2113 Domini?
1559 2069 1660 2112 ¹¹sz
1679 2072 1813 2114 nesci-

403 2156 510 2194 mus,
532 2141 639 2197 quia
659 2142 803 2184 sancti
822 2142 1030 2183 mundum
1043 2141 1310 2196 judicabunt
1326 2140 1349 2183 ,⁹
1378 2139 1483 2182 sicut
1504 2139 1657 2182 Paulus
1677 2139 1810 2182 docet.
1826 2158 1876 2199 ²5

405 2209 497 2267 Ego
527 2215 666 2252 autem
699 2209 801 2251 nihil
830 2209 915 2252 tale
945 2208 1052 2252 sensi
1082 2208 1125 2251 in
1154 2209 1282 2259 vobis,
1314 2208 1379 2251 vel
1408 2208 1560 2259 audivi,
1591 2208 1634 2251 in
1664 2208 1813 2266 quibus

404 2277 609 2321 laboravit
639 2278 796 2321 Beatus
827 2278 1004 2329 Paulus3
1045 2277 1140 2335 ¹qui
1170 2277 1268 2320 estis
1298 2277 1341 2320 in
1371 2277 1571 2335 principio
1602 2277 1813 2334 Epistolae

405 2347 506 2404 ejus.
567 2346 633 2389 De
654 2346 769 2389 vobis
798 2346 950 2389 etenim
977 2346 1182 2403 gloriatur
1202 2346 1244 2388 in
1271 2346 1460 2389 omnibus
1480 2345 1684 2396 Ecclesiis,
1706 2359 1813 2402 quae

407 2416 543 2459 Deum
567 2414 679 2458 solae
700 2421 798 2458 tunc
819 2420 1124 2472 cognoverant:
1156 2429 1230 2457 nos
1259 2420 1397 2458 autem
1429 2414 1611 2456 nondum
1642 2428 1813 2456 novera-

406 2499 510 2527 mus.
570 2483 704 2527 Valde
725 2498 840 2541 ergo,
863 2483 1028 2533 fratres,
1050 2482 1271 2526 contristor
1292 2497 1368 2540 pro
1389 2482 1457 2525 illo
1478 2488 1521 2525 et
1541 2497 1617 2539 pro
1638 2482 1812 2541 conjuge
1825 2509 1878 2547 30

407 2553 520 2610 ejus:
551 2551 700 2610 quibus
721 2552 793 2595 dot
814 2551 1016 2595 Dominus
1036 2550 1331 2609 poenitentiam
1353 2566 1505 2595 veram.
1554 2550 1690 2595 Sobrii
1711 2566 1812 2609 orgo

407 2627 540 2665 estote
559 2628 603 2665 et
625 2636 695 2664 vos
715 2620 757 2663 in
778 2620 881 2670 hom
913 2625 956 2664 et
976 2634 1058 2663 non
1087 2619 1193 2664 sicut
1215 2619 1398 2663 inimicos
1425 2620 1529 2664 tales
1558 2619 1812 2670 existimetis,

970 2732 1022 2764 Ex
1037 2730 1158 2764 saniem
1172 2730 1249 2764 edic.

453 2801 471 2819 ι
497 2793 590 2825 Huc
618 2793 801 2835 posteriora
824 2792 925 2824 verba
948 2802 988 2824 ex
1014 2792 1159 2825 Eusebio
1181 2794 1217 2824 et
1239 2791 1323 2823 Nice
1349 2791 1429 2823 horo
1453 2790 1621 2833 supplevit
1644 2789 1809 2822 Ussoriuu.

408 2836 569 2878 {Ex-«tant
585 2847 680 2868 vooen
698 2836 756 2868 ῠτὸ
771 2836 830 2869 τοῦ
846 2836 878 2868 in
896 2835 1072 2879 Polycarpi
1088 2835 1163 2868 MS.
1184 2834 1322 2867 Florem.
1337 2833 1406 2877 no.]
1536 2836 1553 2860 b
1572 2833 1814 2866 Desidet-antur

408 2881 535 2911 (ir-sca.
629 2887 645 2905 ⁰
663 2880 719 2913 Al.
734 2884 983 2922 pumturum.
1075 2877 1093 2904 d
1108 2878 1189 2911 Tob.
1206 2878 1262 2911 xii.
1276 2887 1306 2922 9.
1398 2883 1414 2902 θ
1433 2877 1527 2910 [Pet.
1542 2877 1574 2909 ii.
1592 2886 1636 2909 ιτ.
1731 2875 1809 2909 ¹A1.

409 2923 655 2956 annumerantes,
748 2929 767 2953 Ι
786 2923 874 2965 Lege
890 2922 978 2956 aliia.
1071 2921 1089 2947 ὴ
1111 2923 1210 2955 iCor.
1224 2922 1266 2954 vi.
1284 2932 1312 2954 τ.
1405 2922 1412 2944 ⁸
1430 2920 1549 2963 Philip.
1566 2921 1585 2953 i.
