2034 3204
225 370 330 401 Exod.

221 1451 287 1484 Pro

221 1506 253 1538 9.

220 1680 305 1712 Gen.
323 1680 368 1712 iv.

446 251 530 290 1328
584 251 624 292 S.
661 251 979 292 CYPRIANI
1016 252 1094 292 DE
1130 251 1294 293 ZELO
1329 251 1407 291 ET
1445 248 1707 290 LIVORE.

353 381 404 402 xv.
446 359 573 417 apud
600 358 845 404 Merrham
870 358 1070 418 profecit
1093 359 1143 404 in
1168 358 1378 419 imagine
1401 359 1462 402 ad
1486 356 1669 416 saporis
1692 357 1852 402 dulce-

289 1462 320 1483 Υ.
338 1461 360 1484 1

445 435 621 489 dinem,
658 436 748 481 tibi
788 436 839 481 in
880 436 1080 481 veritate
1117 435 1334 494 proficiat
1374 436 1434 480 ad
1472 434 1707 480 mulcendi
1744 448 1851 493 pec-

445 513 562 558 toris
597 514 858 568 lenitatem,
882 530 967 559 nec
1001 515 1062 559 ad
1097 514 1328 558 medelam
1358 512 1706 572 prosperandae
1729 510 1849 556 vali-

444 591 628 637 tudinis
674 591 926 637 laborabis.
1015 590 1156 636 Unde
1202 591 1478 636 vulneratus
1523 589 1695 643 fueras,
1738 588 1850 634 inde

443 681 623 712 curare.
693 666 822 711 Ama
846 681 925 712 eos
952 681 1071 725 quos
1099 672 1210 711 ante
1233 667 1414 719 oderas,
1439 665 1586 726 dilige
1608 664 1715 710 illos
1742 663 1887 724 qui-5

443 745 531 789 bus
556 744 750 805 injustis
775 743 1199 790 obtrectationibus
1222 743 1482 790 invidebas.
1553 743 1713 789 Bonos
1741 741 1850 788 imi-

443 827 556 873 tare,
593 820 633 866 si
670 820 839 867 sectari
875 827 1021 880 potes.
1092 820 1145 866 Si
1177 820 1347 868 sectari
1382 834 1478 866 non
1511 826 1658 880 potes,
1682 820 1850 865 collae-

442 905 543 943 tare
577 905 703 943 certe
734 905 780 943 et
811 900 1144 959 congratulare
1178 898 1468 946 melioribus.
1539 897 1638 943 Fac
1671 903 1719 943 te
1753 896 1850 943 illis

441 975 652 1020 adunata
683 974 935 1022 dilectione
966 975 1263 1036 participem,
1287 976 1362 1022 fac
1394 982 1441 1022 te
1468 974 1706 1022 consortio
1728 973 1850 1020 cari-

441 1052 555 1098 tatis
590 1058 638 1097 et
671 1051 990 1099 fraternitatis
1024 1053 1216 1100 vinculo
1254 1054 1597 1099 cohaerentem.
1668 1051 1849 1098 Dimit-
1866 1069 1915 1095 10

441 1136 605 1175 tentur
633 1129 723 1176 tibi
751 1130 924 1184 debita,
950 1132 1143 1190 quando
1170 1139 1218 1177 et
1245 1131 1347 1191 ipse
1374 1130 1643 1184 dimiseris;
1677 1129 1850 1189 accipi-

441 1214 585 1253 entur
602 1207 836 1254 sacrificia
859 1215 955 1262 tua,
974 1224 1125 1268 quum
1143 1207 1368 1268 pacificus
1391 1209 1453 1254 ad
1470 1208 1629 1254 Deum
1647 1207 1847 1254 veneris.

443 1285 619 1331 Sensus
647 1291 791 1345 atque
823 1292 958 1332 actus
991 1286 1064 1333 tui
1091 1286 1323 1333 divinitus
1349 1286 1633 1348 dirigentur,
1657 1286 1851 1346 quando

442 1378 499 1409 ea
519 1378 643 1422 quae
666 1362 830 1409 divina
853 1370 901 1409 et
917 1364 1054 1425 justa
1082 1371 1195 1410 sunt
1226 1363 1525 1426 cogitaveris,
1548 1363 1672 1410 sicut
1700 1362 1850 1423 scrip-

362 1453 406 1484 vi.
442 1446 547 1485 tum
581 1446 679 1486 est:
724 1438 820 1487 Cor
854 1440 948 1487 viri
981 1441 1142 1504 coyitet
1161 1441 1306 1502 justa,
1342 1446 1393 1487 ut
1427 1456 1455 1487 a
1489 1439 1696 1487 Domino
1730 1439 1849 1487 diri·
1866 1454 1915 1495 15

435 1522 610 1580 yantur
638 1533 824 1582 qrcssus
857 1517 965 1578 ejus.
1036 1518 1200 1566 Habes
1235 1526 1395 1565 autem
1430 1520 1585 1565 multa
1617 1534 1740 1579 quae
1773 1534 1850 1566 co-

442 1595 578 1658 gites.
650 1595 936 1642 Paradisum
970 1596 1144 1658 cogita,
1179 1611 1275 1656 quo
1309 1596 1432 1643 Cain
1466 1611 1562 1642 non
1596 1596 1734 1648 redit,
1763 1596 1849 1656 qui

442 1674 547 1719 zelo
580 1672 779 1719 fratrem
814 1673 1028 1733 peremit.
1099 1674 1274 1737 Cogita
1306 1676 1504 1720 coeleste
1538 1689 1753 1736 regnum,
1785 1675 1848 1721 ad

440 1751 567 1810 quod
602 1765 697 1796 non
732 1750 826 1797 nisi
861 1752 1114 1797 concordes
1147 1758 1292 1812 atque
1326 1751 1578 1798 unanimes
1609 1751 1847 1799 Dominus

439 1827 667 1874 admittit.
738 1828 912 1891 Cogita
946 1831 1074 1889 quod
1109 1828 1197 1875 filii
1221 1829 1315 1875 Dei
1350 1829 1402 1875 hi
1437 1829 1526 1875 soli
1554 1829 1740 1889 possint
1767 1844 1848 1875 vo·
1864 1850 1915 1876 20

439 1906 539 1952 cari
562 1906 648 1966 qui
679 1906 778 1952 sint
810 1906 1008 1966 pacifici,
1033 1908 1119 1967 qui
1153 1906 1406 1953 nativitate
1439 1906 1630 1953 coelesti
1664 1913 1712 1953 et
1745 1908 1849 1968 lege

439 1984 603 2030 divina
643 1985 702 2030 ad
744 1984 1110 2031 similitudinem
1148 1984 1240 2031 Dei
1283 1984 1443 2031 Patris
1477 1992 1524 2032 et
1560 1985 1741 2032 Christi
1777 2000 1850 2031 re-

440 2060 704 2119 spondeant
726 2060 941 2107 adunati.
997 2060 1172 2124 Cogita
1194 2062 1284 2108 sub
1307 2061 1456 2108 oculis
1480 2061 1573 2108 Dei
1597 2076 1684 2108 nos
1707 2067 1846 2116 stare,

440 2143 683 2196 spectante
717 2153 771 2184 ac
798 2138 1051 2199 judicante
1085 2139 1191 2199 ipso
1224 2139 1598 2186 conversationis
1633 2155 1688 2185 ac
1720 2138 1848 2186 vitae

441 2219 631 2260 nostrae
665 2215 903 2262 curricula
936 2217 1198 2272 decurrere,
1222 2217 1469 2277 pervenire
1502 2232 1589 2263 nos
1624 2223 1739 2264 tunc
1768 2218 1849 2264 de·
1864 2236 1913 2276 25

442 2305 574 2337 mum
605 2306 743 2351 posse
773 2299 829 2339 ut
851 2307 962 2339 eum
986 2292 1147 2339 videre
1173 2294 1434 2356 contingat,
1458 2294 1500 2341 si
1531 2295 1689 2355 ipsum
1720 2310 1848 2341 nunc

441 2366 680 2414 videntem
715 2370 1002 2416 delectemus
1037 2370 1222 2416 actibus
1258 2371 1447 2426 nostriS,
1479 2371 1520 2417 si
1556 2387 1641 2418 nos
1675 2371 1848 2433 dignos

439 2444 597 2507 gratia
631 2446 735 2507 ejus
769 2453 817 2492 et
853 2447 1153 2510 indulgentia
1186 2449 1510 2508 praebeamuS,
1547 2449 1587 2495 si
1623 2449 1847 2509 placituri

442 2539 627 2583 semper
652 2524 700 2570 in
725 2540 884 2587 regno,
912 2526 960 2572 in
986 2526 1074 2572 hoc
1099 2527 1277 2573 mundo
1301 2534 1411 2573 ante
1435 2529 1717 2587 placeamus.
