2034 3204
473 690 536 758 S.
576 689 985 755 CAECILII
1034 687 1490 754 CYPRIANI

934 860 1078 889 mmm

326 993 433 1047 DE
485 956 1088 1057 ΜΟΒΤΑΕΙΤΑΤΕ,
1138 993 1318 1046 SIVE
1372 992 1631 1046 PESTE.

747 1191 1213 1198 ’.Ψ-.-

278 1290 318 1337 Ῑ·
355 1279 535 1358 ETSI
568 1314 696 1373 apud
737 1313 968 1372 plurimos
1006 1319 1233 1367 vestrum,
1267 1312 1439 1360 fratres
1476 1312 1684 1359 dilectis·
1697 1324 1894 1376 theroeia-

238 1388 401 1443 Ssimi,
440 1405 572 1436 mens
619 1390 771 1435 solida
810 1397 882 1435 est
921 1395 968 1435 et
1005 1388 1120 1435 fides
1151 1389 1290 1435 firma
1323 1395 1372 1435 et
1408 1390 1569 1435 anima
1605 1368 1882 1454 de-ffffiffissd

276 1474 400 1523 vota,
416 1483 539 1528 quae
562 1469 622 1513 ad
646 1468 909 1527 praesentis
934 1467 1241 1513 mortalitatis
1259 1467 1446 1526 copiam
1469 1482 1566 1513 non
1584 1482 1683 1513 mo-
1694 1456 1905 1541 fflffii‘jssffi‘

276 1551 428 1600 vetur,
453 1548 532 1592 sed
558 1554 789 1606 tanquam
822 1551 960 1604 petra
993 1544 1133 1590 fortis
1168 1551 1217 1590 et
1247 1544 1433 1591 stabilis
1465 1546 1681 1592 turbidos
1693 1543 1886 1619 ξυῖῗῦθῐω

276 1622 483 1684 impetus
517 1622 684 1668 mundi
721 1628 770 1668 et
809 1622 1041 1668 violentos
1079 1622 1255 1668 saeculi
1292 1620 1464 1669 fluctus
1501 1623 1683 1685 frangit

275 1700 435 1761 potius
459 1701 578 1761 ipsa,
606 1716 691 1746 nec
725 1700 983 1762 frangitur,
1007 1706 1056 1746 et
1078 1700 1424 1747 tentationibus
1458 1717 1555 1747 non
1579 1702 1686 1748 vin-

216 1797 265 1823 10
277 1779 415 1833 citur,
434 1780 515 1824 sed
533 1779 790 1839 probatum
820 1784 979 1824 tamen
998 1778 1114 1838 quia
1131 1778 1462 1825 animadverto
1479 1779 1529 1825 in
1549 1781 1684 1840 plebe

277 1857 509 1915 quosdam
533 1856 609 1900 vel
640 1855 967 1900 imbecillitate
997 1854 1163 1907 animi,
1188 1856 1263 1900 vel
1287 1855 1397 1901 fidei
1431 1857 1683 1915 parvitate,

277 1935 352 1979 vel
375 1932 623 1980 dulcedine
647 1932 900 1978 saecularis
924 1931 1066 1984 vitae,
1091 1934 1166 1978 vel
1189 1947 1331 1978 sexus
1356 1933 1568 1988 mollitie,
1594 1937 1682 1988 vel,

277 2011 403 2071 quod
428 2010 584 2071 majus
608 2018 694 2064 est,
718 2009 936 2055 veritatis
960 2025 1117 2055 errore
1141 2009 1301 2055 minus
1329 2019 1456 2056 stare
1478 2011 1682 2068 fortiter,

277 2102 364 2133 nec
398 2088 600 2147 pectoris
634 2088 707 2132 sui
737 2086 957 2132 divinum
991 2092 1136 2146 atque
1160 2086 1393 2133 invictum
1428 2089 1575 2135 robur
1604 2106 1684 2137 ex-

217 2172 264 2212 15
278 2180 443 2220 serere,
478 2165 826 2211 dissimulanda
856 2179 930 2209 res
966 2179 1062 2210 non
1097 2163 1193 2210 fuit
1230 2180 1315 2211 nec
1352 2168 1552 2212 tacenda
1587 2183 1684 2227 quo

277 2243 450 2298 minus,
486 2248 722 2303 quantum
758 2248 924 2288 nostra
957 2242 1260 2288 mediocritas
1299 2243 1487 2298 sufficit,
1519 2245 1685 2307 vigore

277 2322 417 2382 pleno
441 2326 489 2367 et
512 2335 726 2366 sermone
754 2321 812 2366 de
844 2319 1099 2365 Dominica
1128 2320 1328 2366 lectione
1356 2329 1582 2382 concepto
1605 2324 1686 2368 de-

277 2399 448 2445 licatae
485 2398 658 2445 mentis
705 2397 900 2459 ignavia
939 2398 1298 2457 comprimatur,
1336 2405 1384 2444 et
1419 2400 1501 2459 qui
1540 2400 1685 2447 homo

278 2475 367 2522 Dei
392 2482 440 2522 et
457 2475 640 2522 Christi
664 2491 764 2522 esse
780 2477 883 2538 jam
909 2476 1078 2536 coepit,
1096 2476 1200 2522 Deo
1224 2483 1271 2522 et
1289 2476 1485 2523 Christo
1509 2478 1684 2540 dignus

126 2552 135 2563 ¹
217 2572 267 2597 20
278 2553 526 2600 habeatur.
596 2554 869 2616 Agnoscere
903 2554 1033 2599 enim
1067 2570 1117 2599 se
1150 2554 1306 2610 debet,
1333 2554 1506 2600 fratres
1540 2555 1688 2602 dilec-

280 2630 470 2685 tissimi,
505 2631 589 2691 qui
624 2632 728 2677 Deo
762 2631 951 2685 militat,
982 2631 1067 2691 qui
1098 2631 1283 2691 positus
1318 2633 1367 2677 in
1404 2633 1684 2679 coelestibus

279 2708 448 2755 castris
472 2708 638 2754 divina
656 2710 760 2770 jam
784 2714 958 2769 sperat,
982 2715 1038 2754 ut
1061 2710 1120 2754 ad
1145 2711 1373 2768 procellas
1397 2716 1445 2755 et
1469 2711 1684 2757 turbines

280 2785 448 2832 mundi
477 2786 734 2846 trepidatio
762 2788 894 2832 nulla
927 2787 990 2832 sit
1022 2787 1071 2832 in
1103 2786 1253 2839 nobis,
1290 2788 1424 2833 nulla
1458 2788 1684 2841 turbatio,

277 2865 469 2924 quando
486 2865 601 2910 haec
625 2870 825 2910 ventura
849 2865 1137 2923 praedixerit
1156 2865 1406 2911 Dominus.
1451 2866 1683 2912 Providae
