2034 3204
211 707 293 739 Luc.
306 708 374 739 xvi.

215 761 227 781 1
234 763 266 790 4.

215 1326 378 1358 sterilita-

215 1373 284 1401 tem
300 1370 370 1401 sola

213 1414 355 1445 avaritia

214 1457 327 1489 efficit.

429 202 515 243 304
937 202 979 242 S.
1009 201 1328 243 CYPRIANI

430 309 528 355 saei
552 310 641 355 tibi
667 310 820 371 magis
844 310 1067 372 congruit
1090 325 1277 354 nomen.
1344 308 1469 352 Nam
1494 322 1643 366 quum
1668 306 1836 351 Domi-

429 403 520 432 nus
556 387 608 432 in
643 387 912 449 Evangelio
946 388 1005 431 de
1041 385 1350 445 eleemosynis
1386 385 1666 443 disputaret,
1700 389 1746 428 et
1781 390 1837 429 ut

430 464 567 510 nobis
609 464 785 510 amicos
820 466 877 509 de
914 463 1217 509 terrestribus
1253 462 1397 508 lucris
1440 461 1641 521 provida
1674 476 1838 520 opera-

432 541 562 587 tione
592 541 872 597 faceremus,
896 540 981 600 qui
1012 554 1097 584 nos
1129 540 1434 598 postmodum
1457 537 1508 582 in
1532 538 1838 583 tabernacula

432 625 625 664 aeterna
661 618 968 677 susciperent,
1006 616 1209 662 fideliter
1243 631 1296 661 ac
1331 614 1589 661 salubriter
1622 627 1873 674 praemo-5

432 701 579 748 neret,
605 694 791 740 addidit
813 701 922 753 post
946 694 1062 739 haec
1087 693 1350 753 Scriptura,
1374 692 1550 747 dicenS,
1572 690 1839 738 Audiebant

433 778 581 818 autem
610 770 719 818 liaeo
743 771 899 818 omnia
921 769 1185 825 Pharisaei,
1212 771 1292 832 qui
1315 777 1446 816 erant
1469 769 1772 831 cupidissimi,
1798 775 1839 815 et

432 847 688 895 irridebant
722 866 836 896 eum.
907 849 1084 903 Quales
1119 865 1246 895 nunc
1275 850 1507 908 quosdam
1538 848 1588 893 in
1623 848 1840 893 Ecclesia

432 927 664 980 videmus,
689 943 894 987 quorum
929 929 1202 987 praeclusae
1230 942 1368 972 aures
1401 932 1448 971 et
1477 927 1619 972 corda
1649 930 1839 971 caecata

431 1006 620 1050 nullum
662 1006 720 1050 de
760 1004 1058 1064 spiritalibus
1099 1020 1153 1050 ac
1194 1004 1485 1049 salutaribus
1526 1003 1721 1048 monitis
1767 1004 1839 1048 lu-
1855 1016 1903 1041 10

432 1098 540 1127 men
577 1082 869 1137 admittunt;
907 1084 964 1128 de
988 1082 1164 1143 quibus
1188 1082 1354 1127 mirari
1378 1097 1475 1127 non
1499 1087 1686 1141 oportet
1709 1082 1837 1141 quod

433 1166 739 1205 contemnant
768 1160 819 1205 in
849 1161 1131 1206 tractatibus
1163 1174 1367 1211 servum,
1393 1159 1585 1219 quando
1609 1173 1638 1203 a
1661 1158 1838 1204 talibus

434 1238 593 1297 ipsum
617 1237 882 1283 Dominum
906 1238 1153 1284 videamus
1178 1253 1278 1282 esse
1301 1242 1610 1282 contemtum.

503 1315 594 1361 IX.
632 1315 759 1369 Quid
792 1315 882 1361 tibi
913 1315 960 1361 in
993 1315 1100 1361 istis
1131 1314 1307 1375 ineptis
1332 1321 1379 1360 et
1402 1314 1564 1360 stultis
1588 1313 1840 1376 cogitatio-

435 1393 576 1438 nibus
599 1393 803 1452 plaudis,
828 1392 966 1452 quasi
995 1398 1127 1438 metu
1151 1398 1197 1437 et
1222 1391 1540 1438 sollicitudine
1566 1392 1838 1437 futurorum
1857 1405 1904 1445 15

435 1470 495 1515 ab
518 1469 740 1529 operibus
764 1470 1019 1515 retarderis
1035 1470 1057 1515 P
1111 1469 1242 1522 Quid
1265 1470 1461 1515 umbras
1486 1475 1532 1514 et
1555 1469 1839 1531 praestigias

433 1548 665 1606 quasdam
709 1562 860 1592 vanae
907 1546 1227 1592 excusationis
1267 1547 1525 1592 obtendis?
1602 1546 1839 1592 Confitere

434 1624 583 1670 immo
619 1639 742 1684 quae
779 1640 890 1670 vera
930 1631 1056 1678 sunt,
1093 1630 1140 1669 et
1175 1624 1288 1684 quia
1329 1624 1529 1670 scientes
1570 1639 1664 1670 non
1706 1631 1840 1684 potes

435 1702 610 1755 fallere,
635 1709 814 1748 secreta
838 1709 884 1747 et
917 1702 1080 1747 abdita
1115 1702 1290 1747 mentis
1325 1717 1562 1761 exprome.
1632 1701 1841 1747 Obsede-

436 1785 551 1824 runt
595 1779 810 1824 animum
853 1786 991 1825 tuum
1033 1779 1302 1824 sterilitatis
1348 1779 1588 1833 tenebrae,
1630 1785 1678 1825 et
1718 1794 1842 1825 rece·
1857 1801 1906 1826 20

436 1857 577 1902 dente
612 1856 723 1902 inde
758 1857 939 1903 lumine
975 1858 1201 1911 veritatis,
1237 1859 1425 1902 carnale
1461 1864 1626 1917 pectus
1661 1859 1760 1903 alta
1793 1864 1842 1904 et

438 1934 674 1994 profunda
712 1934 943 1980 avaritiae
979 1933 1133 1996 caligo
1168 1934 1390 1980 caecavit.
1463 1934 1699 1981 Pecuniae
1731 1940 1842 1980 tuae

436 2012 656 2072 captivus
684 2019 732 2057 et
760 2028 925 2058 servus
957 2027 1019 2065 es,
1051 2011 1230 2057 catenis
1263 2011 1540 2071 cupiditatis
1565 2019 1612 2058 et
1636 2011 1841 2058 vinculis

436 2089 660 2152 alligatus
696 2106 760 2143 es,
793 2096 841 2135 et
872 2105 1012 2150 quein
1043 2090 1147 2150 jam
1183 2091 1385 2135 solverat
1417 2089 1655 2144 Christus,
1685 2091 1842 2136 denuo

436 2166 623 2213 vinctus
658 2183 720 2213 es.
790 2167 960 2213 Servas
998 2167 1266 2227 pecuniam,
1291 2183 1412 2229 quae
1443 2173 1489 2212 te
1525 2174 1712 2213 servata
1746 2182 1841 2213 non
1858 2187 1906 2226 25

438 2252 607 2291 servat.
671 2244 1024 2291 Patrimonium
1049 2246 1276 2298 cumulas,
1303 2246 1427 2304 quod
1457 2251 1502 2291 te
1526 2246 1732 2305 pondere
1756 2261 1843 2292 suo

437 2328 633 2377 onerat;
671 2338 756 2367 nec
790 2321 1050 2367 meministi
1076 2321 1192 2382 quid
1218 2322 1349 2368 Deus
1383 2323 1680 2382 responderit
1704 2322 1841 2368 diviti

437 2399 802 2446 exuberantium
846 2399 1090 2445 fructuum
1137 2398 1321 2459 copiam
1362 2402 1509 2445 stulta
1550 2400 1842 2446 exultatione

218 2486 422 2519 Lucanae.
431 2476 635 2538 jactanti
654 2490 665 2522 ε
703 2474 866 2527 Stulte,
894 2475 1067 2537 inquit,
1087 2473 1171 2521 Ιιαε
1195 2480 1322 2521 nocte
1345 2474 1662 2538 eapostedcztm·
1685 2476 1843 2523 anima

438 2559 516 2600 tua
540 2569 568 2600 a
593 2559 647 2600 le.
704 2553 836 2612 Quae
861 2568 966 2616 erqo
986 2552 1172 2615 parasti
1196 2551 1322 2613 cnjus
1346 2560 1479 2599 erunt
1494 2555 1522 2599 ξ)
1567 2554 1695 2608 Quid
1722 2554 1842 2600 divi·
1857 2580 1909 2617 30

439 2632 520 2677 tiis
550 2631 646 2677 tuis
676 2633 804 2677 solus
838 2630 1048 2682 incubas,
1077 2631 1190 2691 quid
1223 2631 1271 2675 in
1302 2646 1499 2690 poenam
1534 2638 1665 2677 tuam
1696 2631 1844 2691 patri-

439 2708 584 2754 monii
617 2707 687 2754 tui
720 2708 904 2767 pondus
939 2722 1214 2770 exaggeras,
1240 2714 1292 2754 ut
1318 2722 1414 2768 quo
1442 2707 1722 2767 locupletior
1744 2722 1844 2753 sae-

438 2787 544 2830 culo
568 2784 730 2837 fueris,
750 2784 1004 2845 pauperior
1023 2785 1125 2831 Deo
1150 2784 1234 2830 fias
1249 2784 1271 2829 P
1324 2784 1526 2831 Reditus
1552 2791 1658 2830 tuos
1683 2783 1842 2830 divide
