2034 3204
375 250 440 292 IN
478 248 930 292 TERTULLIANI
969 248 1051 289 DE
1091 249 1442 292 ORATIONE.
1524 251 1608 294 179

264 358 311 399 Ρ.
333 358 422 399 ιο6.
444 357 471 399 l.
491 371 555 411 ¹4·
576 361 620 399 et
637 356 837 412 spiritali
855 355 1110 412 disciplina]
1137 356 1312 398 Facilior
1332 356 1464 398 oratio
1486 362 1606 405 esset,

203 415 240 456 si
259 414 525 466 scriberetur,
546 420 590 457 et
608 413 785 470 spiritali
804 413 1031 470 disciplina.

264 472 370 515 Ibid.
393 471 420 514 l.
444 485 514 528 31.
544 471 579 513 si
604 471 662 514 illi
689 472 951 528 reputamur]
985 471 1078 513 Hoc
1107 470 1323 528 significat,
1352 470 1387 512 si
1418 472 1508 513 Deo
1535 471 1608 513 ob-

204 529 349 580 stricti,
384 529 482 580 sive,
519 528 685 572 obnoxii
719 544 872 571 sumuS.
933 528 1002 571 Sic
1030 528 1154 586 paulo
1188 534 1294 585 post,
1330 530 1384 572 de
1417 530 1609 572 Lamech,

165 594 191 633 5
204 595 347 630 autem
365 588 606 644 septuayiee
625 588 777 643 septies
796 587 904 629 ultio
923 591 1117 644 reputata
1136 592 1212 629 est.

262 646 310 688 P.
329 655 422 699 107.
451 644 477 687 l.
501 658 565 701 13.
594 659 643 687 eo
663 643 859 701 competit
879 644 978 703 δια]
1003 643 1194 687 Conferri
1214 643 1378 686 videtur
1397 658 1424 686 a
1444 643 1608 686 Tertul-

203 701 312 744 liano
327 704 542 746 modicum
556 703 759 746 delictam
774 717 867 744 cum
882 716 944 752 eo,
962 701 1074 758 quod
1093 716 1167 744 nos
1182 701 1437 744 debitoribus
1457 701 1609 744 nostris

203 760 464 804 remittimus.
526 761 588 803 Ut
614 765 662 803 ut
684 775 752 802 res
781 759 862 802 ista
885 774 929 802 se
959 760 1100 809 habet,
1125 759 1347 816 Origenes,
1367 758 1540 816 perinde
1559 774 1608 801 ac

203 817 302 861 fecit
338 817 381 860 in
420 818 686 874 sequentibus
720 817 1013 869 Tertullianus,
1047 817 1102 860 ad
1142 817 1347 859 Matthaei
1387 817 1519 859 locum
1554 831 1608 859 ex

143 888 191 914 10
206 875 358 918 Genesi
387 875 675 918 illustrandum
702 875 746 917 in
777 875 1082 918 Commentario
1106 889 1180 917 suo
1207 874 1250 917 in
1279 874 1388 917 idem
1418 875 1608 932 Evange-

203 933 300 975 lium
322 948 398 990 per
429 933 473 976 it.
522 933 615 976 Vid.
638 933 743 976 Gen.
765 932 832 975 xii.
855 947 945 989 cap.
961 946 1003 989 5,
1023 932 1119 975 alibi
1152 947 1215 974 ue.

262 991 366 1033 Ibid.
416 1024 425 1033 .
449 1003 516 1044 27.
546 996 620 1033 aut
650 990 828 1048 dejicere
858 990 911 1032 sit
934 990 1126 1056 gestiens.
1181 990 1366 1032 Verbum
1394 991 1465 1039 sit,
1497 989 1609 1046 quod

203 1048 339 1091 omisit
359 1048 580 1106 Rigaltius,
602 1063 653 1090 ex
685 1048 802 1091 editt.
829 1048 1035 1105 prior1bus
1064 1048 1267 1097 revocavi.
1289 1047 1331 1089 in
1351 1047 1499 1104 quibus
1520 1047 1609 1104 qui-

203 1106 297 1148 dem
318 1112 455 1149 exstat
475 1108 736 1149 consentiens
755 1120 831 1163 pro
849 1107 1043 1162 yestiens.

142 1178 188 1216 ¹5
262 1164 308 1205 P.
334 1164 427 1206 108.
449 1164 474 1206 l.
495 1177 533 1206 2.
565 1164 682 1206 Adeo
702 1163 851 1206 tentati
880 1169 976 1206 sunt
1006 1162 1228 1205 Dominum
1249 1161 1499 1220 deserendo]
1524 1163 1608 1206 Ubi

203 1220 349 1264 similia
381 1221 444 1263 his
478 1227 645 1264 exstant
673 1221 716 1263 in
751 1236 840 1278 cap.
874 1221 948 1264 ult.
982 1221 1076 1263 libri
1105 1221 1157 1263 de
1194 1220 1422 1277 Bapfismo,
1458 1220 1515 1262 ibi
1549 1220 1609 1263 ait

201 1285 358 1329 auctor,
382 1286 391 1303 ‘
410 1280 466 1322 Et
485 1279 590 1330 ideo,
612 1279 750 1329 credo,
771 1278 921 1321 tentati
940 1285 1048 1327 sunt,
1067 1278 1260 1335 quoniam
1280 1278 1607 1331 obdormierunt,

203 1344 213 1359 ‘
235 1343 283 1379 ut
301 1337 606 1394 adprehensum
627 1336 849 1379 Dominum
870 1336 1158 1379 destituerint.’

261 1394 366 1437 Ibid.
398 1394 423 1437 l.
444 1408 486 1451 5.
516 1409 545 1436 A
567 1394 701 1450 mo]
745 1394 944 1436 Conferas
974 1394 1131 1436 utiliter
1161 1408 1267 1450 quae
1303 1393 1430 1436 habet
1461 1399 1608 1436 auctor

138 1465 189 1491 20
202 1451 244 1494 in
263 1452 334 1495 lib.
355 1452 407 1494 de
429 1452 548 1510 Fuga
567 1452 609 1494 in
630 1451 935 1502 Persecutione,
958 1466 1045 1509 cap.
1065 1465 1102 1494 2.

259 1509 367 1552 Ibid.
396 1509 422 1553 1.
452 1511 491 1552 6.
529 1509 792 1566 Compendiis
821 1510 1088 1566 pauculorum
1118 1507 1361 1564 verborum]
1394 1509 1609 1551 Pauculo-

199 1582 298 1610 rum
313 1582 389 1625 pro
404 1582 504 1611 voce
515 1573 684 1624 recepta
696 1582 939 1624 paucorum
953 1582 1003 1609 ex
1023 1566 1173 1610 Codice
1191 1566 1462 1608 Ambrosiano
1477 1566 1609 1609 edidit

200 1624 479 1676 Muratoriuoe
490 1625 560 1682 qui
581 1625 747 1682 quidem
770 1625 912 1668 Codex
933 1626 986 1668 ab
1008 1625 1071 1667 his
1092 1624 1229 1667 verbis
1249 1624 1402 1681 incipit.
1453 1625 1607 1667 Vocem

194 1684 404 1740 pauculis
424 1684 553 1726 habes
572 1683 682 1725 infra
699 1697 791 1740 cap.
811 1695 878 1738 23.

138 1750 187 1790 25
258 1740 367 1783 Ibid.
388 1740 415 1783 l.
435 1753 501 1796 23.
521 1740 791 1783 accidentium
801 1740 871 1797 jus
886 1746 949 1782 est
965 1738 1283 1796 desideriorum]
1304 1739 1353 1781 Id
1368 1746 1443 1788 est,
1466 1754 1607 1796 possu-

201 1813 291 1840 mus
311 1804 454 1856 petere
475 1813 595 1864 quae,
616 1804 742 1856 prout
762 1797 924 1847 accidit,
946 1797 1239 1846 desideramus,
1261 1797 1487 1854 praemissa
1506 1797 1608 1854 legi-

200 1855 302 1898 tima
329 1862 374 1899 et
403 1855 616 1898 ordlnaria
646 1855 847 1907 oratione,
877 1855 920 1897 id
952 1861 1015 1897 est
1051 1854 1267 1896 Dominica
1296 1854 1499 1897 Oratione
1529 1870 1607 1912 pro

200 1913 481 1956 fundamento.
533 1913 724 1956 GUIDO
746 1913 1172 1962 PANCIROLIMS,
1194 1927 1221 1954 a
1248 1913 1480 1955 Muratorio
1507 1913 1608 1955 alla-

200 1977 281 2013 tus.
319 1971 541 2029 Cori-igere
561 1971 749 2014 voluerat
771 1970 944 2013 Latinus
965 1970 1152 2012 Latinius
1172 1971 1463 2013 accedentium
1473 1971 1606 2026 βιαία

135 2041 189 2077 3ο
201 2030 524 2078 desideriorum,
546 2029 658 2085 quod
686 2034 899 2085 receptum
930 2028 1049 2070 video
1073 2042 1099 2070 a
1126 2027 1359 2070 Delacerda
1391 2028 1433 2069 in
1462 2028 1607 2071 editio-

202 2101 295 2128 nem
325 2101 441 2128 suam
471 2086 717 2129 Tertulliani
748 2085 916 2128 Parisiis
945 2100 1054 2128 anno
1078 2087 1190 2138 1624
1210 2085 1321 2142 typis
1349 2085 1605 2142 impressam.

203 2144 288 2187 Sed
307 2144 445 2187 malim
466 2159 544 2202 ego
565 2150 726 2187 tantum
746 2158 951 2201 reponere
971 2145 1274 2186 accedentium.

260 2201 365 2244 Ibid.
396 2202 422 2243 l.
448 2214 517 2257 32.
548 2202 602 2244 ad
632 2216 775 2259 pacem
812 2201 892 2244 Dei
926 2200 1145 2257 accedere]
1183 2201 1334 2243 Exstat
1362 2201 1528 2257 quidem
1564 2202 1606 2243 in

201 2259 300 2302 edit.
333 2259 562 2316 posteriore
599 2259 784 2317 Rigaltii,
813 2274 920 2315 quae
951 2273 1059 2301 anno
1087 2258 1240 2315 prodiit
1276 2259 1401 2314 1634,
1434 2259 1606 2301 verbum

135 2327 187 2365 35
201 2319 404 2366 recedere,
425 2317 498 2360 sed
527 2317 667 2360 forsan
696 2318 943 2383 typothetae
970 2331 1127 2366 errore,
1148 2316 1219 2372 qui
1239 2316 1404 2358 transiit
1423 2316 1465 2358 in
1486 2317 1602 2359 editt.

200 2381 429 2431 sequentes.
488 2375 631 2418 Habes
660 2375 839 2431 qmdem,
862 2389 898 2416 c.
924 2376 988 2423 18,
1022 2375 1157 2426 Quale
1186 2376 1451 2430 sacr-{ficium
1480 2383 1554 2423 est,
1575 2391 1605 2416 a

200 2448 282 2488 quo
312 2434 402 2475 sine
424 2448 536 2488 pace
562 2435 776 2476 receditur
790 2433 813 2475 .⁹
848 2432 933 2475 Sed
965 2446 1106 2474 omnes
1137 2432 1337 2474 editiones
1365 2439 1463 2474 ante
1494 2432 1604 2474 illam

202 2489 480 2547 Rigaltianam
502 2490 672 2532 verbum
694 2492 891 2533 accedere
912 2489 977 2532 hic
997 2495 1224 2546 praestant.
1269 2490 1497 2532 Adnotavit
1513 2491 1606 2532 Mu-

201 2547 391 2596 ratorius,
423 2551 435 2570 ‘
448 2549 657 2591 Recedere
685 2563 762 2604 pro
792 2549 948 2590 reverti
962 2563 975 2588 .·
1003 2548 1109 2590 hanc
1131 2562 1268 2589 vocem
1299 2562 1518 2604 usurpasse
1548 2548 1606 2590 vi-

134 2612 210 2654 40‘
235 2605 386 2647 dentur
418 2605 636 2648 Sallustius
669 2612 794 2662 atque
825 2604 1036 2647 Horatius.
1099 2605 1235 2655 Quum
1266 2611 1405 2647 tamen
1436 2605 1604 2648 dubium

202 2669 212 2686 ‘
233 2677 396 2704 sensum
418 2662 599 2704 habeant
620 2662 790 2705 istorum
812 2662 1014 2718 exempla,
1035 2668 1078 2704 et
1100 2664 1287 2705 secedere
1307 2663 1428 2704 etiam
1451 2662 1606 2720 signifi-

202 2728 211 2741 ‘
230 2727 340 2771 cent,
362 2720 504 2762 vellem
527 2720 668 2762 liceret
688 2719 788 2762 mihi
817 2734 893 2776 per
914 2719 1212 2763 Tertullianum
1236 2720 1312 2762 hoc
1333 2720 1374 2762 in
1395 2720 1482 2762 loco
1503 2722 1599 2763 scri-

201 2785 210 2799 ·‘
234 2778 334 2820 bere
355 2793 437 2820 non
458 2779 661 2826 recedere,
684 2777 756 2820 sed
777 2779 975 2820 accedere
991 2780 1000 2795 ’

260 2836 305 2877 Ρ.
333 2849 425 2891 109.
458 2835 484 2876 l.
508 2848 548 2890 3.
580 2836 687 2878 Nam
708 2841 750 2877 et
770 2835 1115 2891 Joseph—quum
1148 2835 1212 2877 ira
1231 2835 1496 2892 incedamus]
1520 2836 1606 2892 Op-

135 2892 312 2942 ⁴5time,
345 2899 390 2934 ut
423 2899 534 2949 puto,
567 2893 760 2936 monebat
779 2893 882 2935 haec
910 2892 968 2990 i2ta
995 2892 1288 2950 distinguenda
1315 2908 1403 2935 esse
1433 2894 1604 2937 Latinus

867 2965 894 2991 N
