2034 3204
223 445 386 477 Marcion.

224 760 327 791 Matt.
341 761 396 791 vii.

230 815 239 836 ι
250 813 277 844 7.

225 1067 338 1098 Lucan
343 1077 391 1098 us.

226 1293 374 1335 Apelles.

442 245 528 290 170
835 246 1184 288 ADVERSUS
1224 246 1447 288 OMNES

442 356 783 415 Apostolorum
830 362 878 401 et
923 355 1266 416 Apocalypsim
1311 355 1450 415 quasi
1496 355 1619 401 falsa
1674 355 1845 417 rejicit.

443 433 560 479 Post
583 433 711 479 hunc
733 432 995 492 discipulus
1019 432 1170 492 ipsius
1195 433 1387 478 emersit
1407 432 1625 478 Marcion
1648 433 1846 493 quidam

442 510 646 565 nomine,
690 510 919 556 Ponticus
965 525 1151 571 genere,
1197 507 1420 569 Episcopi
1467 509 1608 566 filius,
1654 516 1849 570 propter

441 594 664 646 stuprum
698 588 949 649 cujusdam
983 586 1183 648 virginis
1220 587 1281 632 ab
1313 587 1554 633 Ecclesiae
1585 589 1848 635 communi-

441 664 626 711 catione
660 666 887 726 abjectus.
960 664 1054 709 Hic
1078 680 1136 709 ex
1165 664 1420 716 occasione,
1444 681 1541 725 qua
1563 666 1742 712 dictum
1769 666 1845 722 sit,
1860 682 1886 723 5

448 743 610 790 Omni-s
646 742 783 788 arbor
817 741 931 787 bona
972 741 1108 786 bonos
1135 741 1328 802 'fructus
1353 741 1494 804 facit,
1539 742 1659 789 mala
1699 750 1846 790 autem

446 819 603 874 malos,
653 820 884 865 haeresim
933 818 1163 864 Cerdonis
1212 820 1476 878 approbare
1521 827 1718 866 conatus
1764 828 1848 874 est,

441 898 604 943 eadem
624 897 779 942 dicere
797 894 945 958 [fone.
962 896 1138 948 dicens,
1153 894 1346 941 danius.
1394 894 1506 942 Vide
1519 897 1712 958 notam}
1727 914 1849 958 quae

443 975 522 1020 ille
558 974 773 1033 superior
801 973 1068 1019 haereticus
1099 980 1210 1019 ante
1233 974 1433 1020 dixerat.
1506 975 1712 1022 Exstitit
1743 983 1850 1036 post

443 1053 572 1098 hunc
610 1051 834 1097 Lucanus
871 1051 1069 1111 quidam
1106 1051 1311 1106 nomine,
1349 1053 1611 1099 Marcionis
1648 1060 1851 1100 sectator
1867 1071 1914 1095 10

444 1136 588 1189 atque
634 1129 926 1188 discipulus:
961 1135 1009 1174 et
1054 1128 1131 1174 hic
1177 1145 1263 1188 per
1302 1131 1465 1176 eadem
1507 1133 1682 1178 vadens
1727 1133 1852 1178 blas-

444 1207 663 1267 phemiae
718 1222 906 1268 genera,
954 1207 1117 1252 eadem
1169 1208 1315 1260 docet,
1363 1223 1486 1267 quae
1539 1209 1756 1255 Marcion
1802 1217 1850 1256 et

445 1286 632 1331 Cerdon
673 1286 944 1330 docuerant.
1017 1284 1133 1330 Post
1169 1285 1256 1330 hos
1293 1287 1604 1346 subsequitur
1639 1288 1846 1347 Apelles,

443 1363 706 1422 discipulus
723 1361 996 1414 MarcioniS,
1013 1362 1097 1421 qui
1114 1368 1423 1422 posteaquam
1438 1363 1488 1409 in
1507 1380 1696 1410 carnem
1712 1381 1846 1411 suam

444 1442 604 1499 lapsus
628 1445 712 1492 est,
737 1454 767 1483 a
786 1437 1031 1483 Marcione
1054 1446 1330 1500 segregatus
1355 1446 1451 1486 est:
1484 1441 1563 1487 hic
1587 1442 1849 1488 introducit
1866 1455 1914 1494 15

445 1532 596 1562 unum
616 1508 773 1561 Deum
799 1513 1000 1560 infinitis
1029 1513 1179 1577 [forsa
1204 1515 1254 1561 in
1279 1516 1507 1578 infinitis]
1526 1519 1852 1578 superioribus

444 1594 694 1654 partibus;
731 1592 859 1638 hunc
884 1598 1139 1652 potestates
1164 1595 1340 1639 multas
1364 1597 1651 1656 angelosque
1670 1597 1850 1651 fecisse,

446 1678 695 1732 propterea
723 1681 770 1720 et
804 1674 948 1720 aliam
981 1674 1209 1719 virtutem
1240 1689 1387 1734 quam
1421 1674 1552 1728 dicit,
1588 1675 1850 1722 Dominiun

445 1750 578 1804 dicit,
615 1751 695 1796 sed
738 1751 980 1814 Angelum
1028 1751 1176 1811 ponit.
1251 1751 1355 1797 Hoc
1406 1751 1562 1814 [sors.
1621 1752 1702 1799 Ab
1750 1754 1851 1807 hoc,

445 1826 649 1889 Jmaias]
685 1831 790 1875 vult
824 1829 976 1875 videri
1015 1830 1247 1874 mundum
1286 1829 1562 1876 institutum
1597 1832 1657 1876 ad
1693 1831 1852 1878 imita·
1867 1849 1917 1875 20

446 1905 624 1951 tionem
662 1907 828 1952 mundi
871 1906 1158 1966 superioris;
1196 1906 1272 1952 cui
1308 1909 1488 1953 mundo
1522 1909 1852 1967 permiscuisse

447 1981 803 2040 poenitentiam,
839 1981 955 2041 quia
989 1997 1082 2027 non
1119 1981 1254 2027 illum
1292 1988 1390 2027 tam
1427 1983 1632 2041 perfecte
1668 1985 1853 2031 fecisset

446 2074 590 2118 quam
617 2058 695 2104 ille
718 2059 935 2118 superior
952 2060 1159 2105 mundus
1183 2059 1434 2106 institutus
1453 2060 1634 2107 fuisset.
1673 2062 1851 2125 Legem

446 2143 495 2182 et
533 2137 796 2197 Prophetas
834 2137 1067 2197 repudiat.
1139 2136 1388 2183 Christum
1426 2154 1579 2198 neque
1610 2139 1661 2185 in
1702 2140 1853 2200 phan-

447 2221 649 2261 tasmate
685 2215 803 2261 dicit
844 2215 1002 2269 fuisse,
1038 2215 1162 2261 sicut
1200 2215 1431 2270 Marcion,
1464 2232 1617 2277 neque
1653 2218 1703 2264 in
1741 2220 1852 2265 sub·
1868 2237 1916 2276 25

447 2292 626 2338 stantia
655 2292 754 2338 veri
790 2292 1013 2352 corporis,
1043 2298 1098 2338 ut
1130 2292 1450 2354 Evangelium
1485 2295 1649 2349 docet;
1687 2298 1767 2342 sed
1797 2313 1852 2343 eo

447 2370 572 2429 quod
610 2385 636 2414 e
672 2368 997 2428 superioribus
1033 2368 1249 2428 partibus
1280 2370 1595 2425 descenderet,
1632 2372 1736 2432 ipso
1771 2374 1852 2419 de-

448 2461 615 2492 scensu
639 2445 870 2491 sideream
904 2444 995 2490 sibi
1020 2461 1208 2491 carnem
1238 2453 1285 2492 et
1308 2447 1494 2493 aeream
1526 2450 1851 2505 contexuisse3

449 2523 575 2568 hunc
608 2522 657 2568 iu
693 2522 1034 2568 resurrectione
1068 2522 1272 2585 si1·1gulis
1302 2524 1571 2585 quibusque
1595 2528 1851 2583 elementis,

448 2616 570 2659 (ntae
606 2599 654 2645 in
690 2601 917 2646 descensu
949 2616 1035 2646 suo
1071 2606 1290 2646 mutuata
1326 2601 1541 2653 fuissent.
1572 2603 1621 2649 in
1654 2620 1850 2652 ascensu
1865 2625 1917 2661 30

451 2677 723 2730 reddidisse,
755 2684 815 2730 et,
853 2677 920 2723 sic
957 2677 1183 2737 dispersis
1224 2678 1494 2740 quibusque
1530 2683 1738 2741 corporis
1775 2683 1848 2729 sui

451 2755 680 2815 partibus,
707 2756 752 2801 in
779 2757 906 2801 coelo
930 2755 1151 2815 spiritum
1184 2763 1371 2803 tantum
1411 2759 1681 2805 reddidisse.
1757 2761 1850 2807 Hic

448 2833 604 2878 varnis
631 2833 1017 2880 resurrectionem
1046 2841 1216 2895 negat:
1252 2836 1350 2880 solo
1370 2835 1523 2882 utitur
1540 2843 1587 2882 et
1608 2837 1850 2897 Apostolo,
