<?xml version="1.0" encoding="UTF-8"?>
<!DOCTYPE html PUBLIC "-//W3C//DTD XHTML 1.0 Transitional//EN"
    "http://www.w3.org/TR/xhtml1/DTD/xhtml1-transitional.dtd">
<html xmlns="http://www.w3.org/1999/xhtml" xml:lang="en" lang="en">
 <head>
  <title>
</title>
<meta http-equiv="Content-Type" content="text/html;charset=utf-8" />
  <meta name='ocr-system' content='tesseract 3.04.00' />
  <meta name='ocr-capabilities' content='ocr_page ocr_carea ocr_par ocr_line ocrx_word'/>
</head>
<body>
  <div class='ocr_page' id='page_1' title='image "./scriptorumeccles01rout_0443.png"; bbox 0 0 2034 3204; ppageno 0'>
   <div class='ocr_carea' id='block_1_1' title="bbox 267 871 1594 928">
    <p class='ocr_par' dir='ltr' id='par_1_1' title="bbox 267 871 1594 928">
     <span class='ocr_line' id='line_1_1' title="bbox 267 871 1594 928; baseline -0.002 0"><span class='ocrx_word' id='word_1_1' title='bbox 267 873 766 928; x_wconf 84' lang='lat' dir='ltr'><strong>LECTIONES</strong></span> <span class='ocrx_word' id='word_1_2' title='bbox 822 871 1594 927; x_wconf 87' lang='lat' dir='ltr'><strong>TERTULLIANEAE</strong></span> 
     </span>
    </p>
   </div>
   <div class='ocr_carea' id='block_1_2' title="bbox 410 1070 1456 1122">
    <p class='ocr_par' dir='ltr' id='par_1_2' title="bbox 410 1070 1456 1122">
     <span class='ocr_line' id='line_1_2' title="bbox 410 1070 1456 1122; baseline -0.001 -2"><span class='ocrx_word' id='word_1_3' title='bbox 410 1072 547 1122; x_wconf 88' lang='lat' dir='ltr'>MSS.</span> <span class='ocrx_word' id='word_1_4' title='bbox 582 1071 931 1122; x_wconf 87' lang='lat' dir='ltr'><strong>AGOBARDI</strong></span> <span class='ocrx_word' id='word_1_5' title='bbox 967 1071 1049 1121; x_wconf 93' lang='lat' dir='ltr'>ET</span> <span class='ocrx_word' id='word_1_6' title='bbox 1084 1071 1280 1121; x_wconf 86' lang='lat' dir='ltr'>LUGD.</span> <span class='ocrx_word' id='word_1_7' title='bbox 1312 1070 1456 1120; x_wconf 88' lang='lat' dir='ltr'>BAT.</span> 
     </span>
    </p>
   </div>
   <div class='ocr_carea' id='block_1_3' title="bbox 223 1397 1636 1869">
    <p class='ocr_par' dir='ltr' id='par_1_3' title="bbox 223 1397 1636 1869">
     <span class='ocr_line' id='line_1_3' title="bbox 284 1397 1633 1456; baseline -0.001 -15"><span class='ocrx_word' id='word_1_8' title='bbox 284 1400 498 1442; x_wconf 87' lang='lat' dir='ltr'>Postremo</span> <span class='ocrx_word' id='word_1_9' title='bbox 528 1399 616 1441; x_wconf 93' lang='lat' dir='ltr'>loco</span> <span class='ocrx_word' id='word_1_10' title='bbox 637 1398 724 1455; x_wconf 85' lang='lat' dir='ltr'>jam</span> <span class='ocrx_word' id='word_1_11' title='bbox 755 1399 942 1456; x_wconf 86' lang='lat' dir='ltr'>sequitur</span> <span class='ocrx_word' id='word_1_12' title='bbox 974 1398 1135 1442; x_wconf 90' lang='lat' dir='ltr'>Codicis</span> <span class='ocrx_word' id='word_1_13' title='bbox 1166 1398 1379 1455; x_wconf 83' lang='lat' dir='ltr'>Agobardi</span> <span class='ocrx_word' id='word_1_14' title='bbox 1407 1403 1450 1441; x_wconf 86' lang='lat' dir='ltr'>ct</span> <span class='ocrx_word' id='word_1_15' title='bbox 1471 1397 1633 1440; x_wconf 83' lang='lat' dir='ltr'>Codicis</span> 
     </span>
     <span class='ocr_line' id='line_1_4' title="bbox 227 1466 1633 1526; baseline -0.001 -16"><span class='ocrx_word' id='word_1_16' title='bbox 227 1467 507 1510; x_wconf 82' lang='lat' dir='ltr'>Bibliothecae</span> <span class='ocrx_word' id='word_1_17' title='bbox 541 1467 734 1526; x_wconf 89' lang='lat' dir='ltr'>Lugduni</span> <span class='ocrx_word' id='word_1_18' title='bbox 767 1469 1020 1511; x_wconf 82' lang='lat' dir='ltr'>Batavorum</span> <span class='ocrx_word' id='word_1_19' title='bbox 1053 1467 1260 1524; x_wconf 82' lang='lat' dir='ltr'>scriptura</span> <span class='ocrx_word' id='word_1_20' title='bbox 1294 1467 1336 1509; x_wconf 91' lang='lat' dir='ltr'>in</span> <span class='ocrx_word' id='word_1_21' title='bbox 1371 1467 1420 1509; x_wconf 92' lang='lat' dir='ltr'>iis</span> <span class='ocrx_word' id='word_1_22' title='bbox 1454 1466 1633 1509; x_wconf 81' lang='lat' dir='ltr'><strong>maxime</strong></span> 
     </span>
     <span class='ocr_line' id='line_1_5' title="bbox 225 1536 1634 1594; baseline -0.001 -15"><span class='ocrx_word' id='word_1_23' title='bbox 225 1536 469 1580; x_wconf 80' lang='lat' dir='ltr'>Tertulliani</span> <span class='ocrx_word' id='word_1_24' title='bbox 489 1537 638 1587; x_wconf 85' lang='lat' dir='ltr'>verbis,</span> <span class='ocrx_word' id='word_1_25' title='bbox 660 1551 766 1594; x_wconf 81' lang='lat' dir='ltr'>quae</span> <span class='ocrx_word' id='word_1_26' title='bbox 796 1537 838 1579; x_wconf 91' lang='lat' dir='ltr'>in</span> <span class='ocrx_word' id='word_1_27' title='bbox 867 1542 1011 1579; x_wconf 83' lang='lat' dir='ltr'>nostra</span> <span class='ocrx_word' id='word_1_28' title='bbox 1031 1536 1209 1579; x_wconf 84' lang='lat' dir='ltr'>editione</span> <span class='ocrx_word' id='word_1_29' title='bbox 1237 1542 1395 1579; x_wconf 87' lang='lat' dir='ltr'>mutata</span> <span class='ocrx_word' id='word_1_30' title='bbox 1414 1551 1440 1579; x_wconf 87' lang='lat' dir='ltr'>a</span> <span class='ocrx_word' id='word_1_31' title='bbox 1459 1536 1634 1578; x_wconf 86' lang='lat' dir='ltr'>lectione</span> 
     </span>
     <span class='ocr_line' id='line_1_6' title="bbox 224 1605 1632 1663; baseline -0.001 -15"><span class='ocrx_word' id='word_1_32' title='bbox 224 1611 394 1663; x_wconf 83' lang='lat' dir='ltr'>recepta</span> <span class='ocrx_word' id='word_1_33' title='bbox 412 1606 661 1663; x_wconf 82' lang='lat' dir='ltr'>discrepant.</span> <span class='ocrx_word' id='word_1_34' title='bbox 705 1606 754 1648; x_wconf 91' lang='lat' dir='ltr'>In</span> <span class='ocrx_word' id='word_1_35' title='bbox 774 1605 855 1648; x_wconf 80' lang='lat' dir='ltr'>fine</span> <span class='ocrx_word' id='word_1_36' title='bbox 870 1612 1009 1648; x_wconf 86' lang='lat' dir='ltr'>autem</span> <span class='ocrx_word' id='word_1_37' title='bbox 1028 1605 1187 1662; x_wconf 83' lang='lat' dir='ltr'>positae</span> <span class='ocrx_word' id='word_1_38' title='bbox 1207 1611 1303 1647; x_wconf 88' lang='lat' dir='ltr'>sunt</span> <span class='ocrx_word' id='word_1_39' title='bbox 1323 1606 1403 1648; x_wconf 75' lang='lat' dir='ltr'>liae</span> <span class='ocrx_word' id='word_1_40' title='bbox 1423 1605 1632 1653; x_wconf 83' lang='lat' dir='ltr'>lectiones,</span> 
     </span>
     <span class='ocr_line' id='line_1_7' title="bbox 223 1673 1636 1732; baseline -0.001 -15"><span class='ocrx_word' id='word_1_41' title='bbox 223 1688 350 1731; x_wconf 91' lang='lat' dir='ltr'>quum</span> <span class='ocrx_word' id='word_1_42' title='bbox 365 1675 478 1732; x_wconf 86' lang='lat' dir='ltr'>typis</span> <span class='ocrx_word' id='word_1_43' title='bbox 492 1674 580 1732; x_wconf 87' lang='lat' dir='ltr'>jam</span> <span class='ocrx_word' id='word_1_44' title='bbox 596 1689 736 1718; x_wconf 90' lang='lat' dir='ltr'>cusum</span> <span class='ocrx_word' id='word_1_45' title='bbox 753 1681 861 1718; x_wconf 85' lang='lat' dir='ltr'>esset</span> <span class='ocrx_word' id='word_1_46' title='bbox 876 1674 953 1717; x_wconf 88' lang='lat' dir='ltr'>hoc</span> <span class='ocrx_word' id='word_1_47' title='bbox 969 1674 1172 1725; x_wconf 81' lang='lat' dir='ltr'>volumen,</span> <span class='ocrx_word' id='word_1_48' title='bbox 1186 1674 1425 1731; x_wconf 81' lang='lat' dir='ltr'>priusquam</span> <span class='ocrx_word' id='word_1_49' title='bbox 1439 1673 1636 1717; x_wconf 77' lang='lat' dir='ltr'>varietas</span> 
     </span>
     <span class='ocr_line' id='line_1_8' title="bbox 223 1741 1635 1800; baseline -0.002 -14"><span class='ocrx_word' id='word_1_50' title='bbox 223 1743 439 1800; x_wconf 81' lang='lat' dir='ltr'>utriusque</span> <span class='ocrx_word' id='word_1_51' title='bbox 469 1743 644 1795; x_wconf 87' lang='lat' dir='ltr'>Codicis,</span> <span class='ocrx_word' id='word_1_52' title='bbox 675 1742 717 1785; x_wconf 89' lang='lat' dir='ltr'>in</span> <span class='ocrx_word' id='word_1_53' title='bbox 749 1742 928 1800; x_wconf 81' lang='lat' dir='ltr'>gratiam</span> <span class='ocrx_word' id='word_1_54' title='bbox 963 1742 1304 1799; x_wconf 78' lang='lat' dir='ltr'>praestantissimi</span> <span class='ocrx_word' id='word_1_55' title='bbox 1336 1742 1414 1786; x_wconf 87' lang='lat' dir='ltr'>viri</span> <span class='ocrx_word' id='word_1_56' title='bbox 1447 1741 1635 1786; x_wconf 85' lang='lat' dir='ltr'>Edvardi</span> 
     </span>
     <span class='ocr_line' id='line_1_9' title="bbox 226 1811 1055 1869; baseline 0.001 -16"><span class='ocrx_word' id='word_1_57' title='bbox 226 1812 362 1869; x_wconf 84' lang='lat' dir='ltr'>Pusey</span> <span class='ocrx_word' id='word_1_58' title='bbox 384 1811 636 1860; x_wconf 83' lang='lat' dir='ltr'>transmissa,</span> <span class='ocrx_word' id='word_1_59' title='bbox 659 1811 852 1869; x_wconf 84' lang='lat' dir='ltr'>Angliam</span> <span class='ocrx_word' id='word_1_60' title='bbox 874 1811 1055 1854; x_wconf 84' lang='lat' dir='ltr'>advenit.</span> 
     </span>
    </p>
   </div>
   <div class='ocr_carea' id='block_1_4' title="bbox 300 1955 1549 2066">
    <p class='ocr_par' dir='ltr' id='par_1_4' title="bbox 300 1955 1549 2066">
     <span class='ocr_line' id='line_1_10' title="bbox 300 1955 1549 2012; baseline 0.001 -15"><span class='ocrx_word' id='word_1_61' title='bbox 300 1956 357 1997; x_wconf 86' lang='lat' dir='ltr'>In</span> <span class='ocrx_word' id='word_1_62' title='bbox 383 1955 645 1998; x_wconf 81' lang='lat' dir='ltr'>Tertulliani</span> <span class='ocrx_word' id='word_1_63' title='bbox 664 1955 716 1997; x_wconf 85' lang='lat' dir='ltr'>de</span> <span class='ocrx_word' id='word_1_64' title='bbox 742 1955 947 1997; x_wconf 76' lang='lat' dir='ltr'>Oratione</span> <span class='ocrx_word' id='word_1_65' title='bbox 967 1955 1104 1997; x_wconf 86' lang='lat' dir='ltr'>Libro</span> <span class='ocrx_word' id='word_1_66' title='bbox 1130 1955 1301 1998; x_wconf 70' lang='lat' dir='ltr'>Codicis</span> <span class='ocrx_word' id='word_1_67' title='bbox 1319 1956 1549 2012; x_wconf 74' lang='lat' dir='ltr'>Ayobardi</span> 
     </span>
     <span class='ocr_line' id='line_1_11' title="bbox 685 2024 1168 2066; baseline -0.002 0"><span class='ocrx_word' id='word_1_68' title='bbox 685 2024 907 2066; x_wconf 70' lang='lat' dir='ltr'>Lectiones</span> <span class='ocrx_word' id='word_1_69' title='bbox 926 2024 1168 2066; x_wconf 78' lang='lat' dir='ltr'>nonnullae.</span> 
     </span>
    </p>
   </div>
   <div class='ocr_carea' id='block_1_5' title="bbox 223 2125 900 2934">
    <p class='ocr_par' dir='ltr' id='par_1_5' title="bbox 282 2125 831 2175">
     <span class='ocr_line' id='line_1_12' title="bbox 282 2125 831 2175; baseline 0.002 -13"><span class='ocrx_word' id='word_1_70' title='bbox 282 2127 374 2175; x_wconf 86' lang='lat' dir='ltr'>Pag.</span> <span class='ocrx_word' id='word_1_71' title='bbox 393 2137 477 2168; x_wconf 84' lang='lat'>101,</span> <span class='ocrx_word' id='word_1_72' title='bbox 496 2125 522 2163; x_wconf 87' lang='lat' dir='ltr'>l.</span> <span class='ocrx_word' id='word_1_73' title='bbox 542 2125 602 2169; x_wconf 89' lang='lat'>18,</span> <span class='ocrx_word' id='word_1_74' title='bbox 622 2138 696 2174; x_wconf 91' lang='lat' dir='ltr'>quo</span> <span class='ocrx_word' id='word_1_75' title='bbox 714 2125 831 2164; x_wconf 86' lang='lat' dir='ltr'>venit.</span> 
     </span>
    </p>

    <p class='ocr_par' dir='ltr' id='par_1_6' title="bbox 226 2179 898 2274">
     <span class='ocr_line' id='line_1_13' title="bbox 282 2179 898 2228; baseline 0.002 -11"><span class='ocrx_word' id='word_1_76' title='bbox 282 2180 323 2217; x_wconf 89' lang='lat' dir='ltr'>P.</span> <span class='ocrx_word' id='word_1_77' title='bbox 341 2193 425 2223; x_wconf 82' lang='lat'>102,</span> <span class='ocrx_word' id='word_1_78' title='bbox 456 2181 482 2218; x_wconf 92' lang='lat' dir='ltr'>l.</span> <span class='ocrx_word' id='word_1_79' title='bbox 505 2191 568 2228; x_wconf 87' lang='lat'>23,</span> <span class='ocrx_word' id='word_1_80' title='bbox 598 2179 658 2217; x_wconf 92' lang='lat' dir='ltr'>vel</span> <span class='ocrx_word' id='word_1_81' title='bbox 687 2180 898 2218; x_wconf 83' lang='lat' dir='ltr'>veneratio-</span> 
     </span>
     <span class='ocr_line' id='line_1_14' title="bbox 226 2247 326 2274; baseline 0.03 -3"><span class='ocrx_word' id='word_1_82' title='bbox 226 2247 326 2274; x_wconf 85' lang='lat' dir='ltr'>nem.</span> 
     </span>
    </p>

    <p class='ocr_par' dir='ltr' id='par_1_7' title="bbox 280 2288 659 2332">
     <span class='ocr_line' id='line_1_15' title="bbox 280 2288 659 2332; baseline 0.011 -7"><span class='ocrx_word' id='word_1_83' title='bbox 280 2289 322 2326; x_wconf 90' lang='lat' dir='ltr'>P.</span> <span class='ocrx_word' id='word_1_84' title='bbox 346 2311 397 2318; x_wconf 88' lang='lat'>--</span> <span class='ocrx_word' id='word_1_85' title='bbox 415 2289 442 2326; x_wconf 89' lang='lat'>1.</span> <span class='ocrx_word' id='word_1_86' title='bbox 467 2289 530 2332; x_wconf 84' lang='lat'>26,</span> <span class='ocrx_word' id='word_1_87' title='bbox 551 2288 659 2330; x_wconf 83' lang='lat' dir='ltr'>alius.</span> 
     </span>
    </p>

    <p class='ocr_par' dir='ltr' id='par_1_8' title="bbox 223 2343 900 2666">
     <span class='ocr_line' id='line_1_16' title="bbox 279 2343 897 2390; baseline 0.003 -10"><span class='ocrx_word' id='word_1_88' title='bbox 279 2343 322 2382; x_wconf 97' lang='lat' dir='ltr'>P.</span> <span class='ocrx_word' id='word_1_89' title='bbox 346 2355 431 2390; x_wconf 81' lang='lat'>¹03·</span> <span class='ocrx_word' id='word_1_90' title='bbox 469 2343 497 2381; x_wconf 86' lang='lat'>1.</span> <span class='ocrx_word' id='word_1_91' title='bbox 521 2353 589 2390; x_wconf 86' lang='lat'>31.</span> <span class='ocrx_word' id='word_1_92' title='bbox 637 2344 897 2382; x_wconf 83' lang='lat' dir='ltr'>meruerimus.</span> 
     </span>
     <span class='ocr_line' id='line_1_17' title="bbox 226 2398 897 2448; baseline 0.003 -14"><span class='ocrx_word' id='word_1_93' title='bbox 226 2398 311 2434; x_wconf 90' lang='lat' dir='ltr'>Hoc</span> <span class='ocrx_word' id='word_1_94' title='bbox 354 2398 511 2435; x_wconf 89' lang='lat' dir='ltr'>verbum</span> <span class='ocrx_word' id='word_1_95' title='bbox 553 2399 633 2448; x_wconf 83' lang='lat' dir='ltr'>jam</span> <span class='ocrx_word' id='word_1_96' title='bbox 681 2404 897 2436; x_wconf 84' lang='lat' dir='ltr'>revocatum</span> 
     </span>
     <span class='ocr_line' id='line_1_18' title="bbox 223 2453 900 2491; baseline 0.003 -3"><span class='ocrx_word' id='word_1_97' title='bbox 223 2464 306 2488; x_wconf 86' lang='lat' dir='ltr'>esse</span> <span class='ocrx_word' id='word_1_98' title='bbox 325 2458 413 2489; x_wconf 90' lang='lat' dir='ltr'>ante</span> <span class='ocrx_word' id='word_1_99' title='bbox 434 2463 555 2488; x_wconf 78' lang='lat' dir='ltr'>meam</span> <span class='ocrx_word' id='word_1_100' title='bbox 575 2453 782 2491; x_wconf 86' lang='lat' dir='ltr'>editionem</span> <span class='ocrx_word' id='word_1_101' title='bbox 798 2465 900 2490; x_wconf 87' lang='lat' dir='ltr'>nunc</span> 
     </span>
     <span class='ocr_line' id='line_1_19' title="bbox 224 2506 897 2545; baseline 0.004 -3"><span class='ocrx_word' id='word_1_102' title='bbox 224 2506 357 2543; x_wconf 81' lang='lat' dir='ltr'>rescivi</span> <span class='ocrx_word' id='word_1_103' title='bbox 388 2506 426 2542; x_wconf 91' lang='lat' dir='ltr'>in</span> <span class='ocrx_word' id='word_1_104' title='bbox 457 2511 637 2544; x_wconf 87' lang='lat' dir='ltr'>contextu</span> <span class='ocrx_word' id='word_1_105' title='bbox 667 2507 805 2545; x_wconf 85' lang='lat' dir='ltr'>Latino</span> <span class='ocrx_word' id='word_1_106' title='bbox 834 2507 897 2544; x_wconf 92' lang='lat' dir='ltr'>In-</span> 
     </span>
     <span class='ocr_line' id='line_1_20' title="bbox 224 2559 898 2609; baseline 0.003 -13"><span class='ocrx_word' id='word_1_107' title='bbox 224 2560 484 2609; x_wconf 85' lang='lat' dir='ltr'>terpretationi</span> <span class='ocrx_word' id='word_1_108' title='bbox 508 2559 660 2598; x_wconf 82' lang='lat' dir='ltr'>Italicae</span> <span class='ocrx_word' id='word_1_109' title='bbox 678 2561 898 2599; x_wconf 81' lang='lat' dir='ltr'>Tertulliani</span> 
     </span>
     <span class='ocr_line' id='line_1_21' title="bbox 225 2614 728 2666; baseline 0.006 -16"><span class='ocrx_word' id='word_1_110' title='bbox 225 2614 412 2664; x_wconf 86' lang='lat' dir='ltr'>adposito.</span> <span class='ocrx_word' id='word_1_111' title='bbox 434 2614 590 2657; x_wconf 80' lang='lat' dir='ltr'>Romae,</span> <span class='ocrx_word' id='word_1_112' title='bbox 613 2616 728 2666; x_wconf 83' lang='lat'>1756.</span> 
     </span>
    </p>

    <p class='ocr_par' dir='ltr' id='par_1_9' title="bbox 225 2667 900 2760">
     <span class='ocr_line' id='line_1_22' title="bbox 279 2667 900 2716; baseline 0.005 -12"><span class='ocrx_word' id='word_1_113' title='bbox 279 2668 321 2705; x_wconf 91' lang='lat' dir='ltr'>P.</span> <span class='ocrx_word' id='word_1_114' title='bbox 345 2667 432 2709; x_wconf 89' lang='lat'>106,</span> <span class='ocrx_word' id='word_1_115' title='bbox 452 2667 478 2705; x_wconf 90' lang='lat' dir='ltr'>l.</span> <span class='ocrx_word' id='word_1_116' title='bbox 501 2679 566 2716; x_wconf 84' lang='lat'>31,</span> <span class='ocrx_word' id='word_1_117' title='bbox 586 2669 672 2712; x_wconf 81' lang='lat' dir='ltr'>illis,</span> <span class='ocrx_word' id='word_1_118' title='bbox 693 2668 760 2707; x_wconf 76' lang='lat' dir='ltr'>sed</span> <span class='ocrx_word' id='word_1_119' title='bbox 778 2668 832 2707; x_wconf 86' lang='lat' dir='ltr'>illi</span> <span class='ocrx_word' id='word_1_120' title='bbox 851 2669 900 2707; x_wconf 88' lang='lat' dir='ltr'>ad</span> 
     </span>
     <span class='ocr_line' id='line_1_23' title="bbox 225 2721 517 2760; baseline 0.003 -1"><span class='ocrx_word' id='word_1_121' title='bbox 225 2734 329 2759; x_wconf 84' lang='lat' dir='ltr'>oram</span> <span class='ocrx_word' id='word_1_122' title='bbox 351 2721 517 2760; x_wconf 88' lang='lat' dir='ltr'>Codicis.</span> 
     </span>
    </p>

    <p class='ocr_par' dir='ltr' id='par_1_10' title="bbox 281 2775 631 2825">
     <span class='ocr_line' id='line_1_24' title="bbox 281 2775 631 2825; baseline 0.003 -13"><span class='ocrx_word' id='word_1_123' title='bbox 281 2775 320 2812; x_wconf 88' lang='grc' dir='ltr'>Ρ.</span> <span class='ocrx_word' id='word_1_124' title='bbox 336 2785 424 2824; x_wconf 87' lang='lat'>107,</span> <span class='ocrx_word' id='word_1_125' title='bbox 445 2777 470 2812; x_wconf 88' lang='lat'>1.</span> <span class='ocrx_word' id='word_1_126' title='bbox 489 2787 549 2825; x_wconf 83' lang='lat'>27,</span> <span class='ocrx_word' id='word_1_127' title='bbox 570 2776 631 2813; x_wconf 77' lang='lat' dir='ltr'>sit.</span> 
     </span>
    </p>

    <p class='ocr_par' dir='ltr' id='par_1_11' title="bbox 283 2829 818 2880">
     <span class='ocr_line' id='line_1_25' title="bbox 283 2829 818 2880; baseline 0.002 -14"><span class='ocrx_word' id='word_1_128' title='bbox 283 2830 324 2867; x_wconf 84' lang='grc' dir='ltr'>Ρ.</span> <span class='ocrx_word' id='word_1_129' title='bbox 340 2829 426 2872; x_wconf 89' lang='lat'>108,</span> <span class='ocrx_word' id='word_1_130' title='bbox 446 2830 473 2866; x_wconf 89' lang='lat'>1.</span> <span class='ocrx_word' id='word_1_131' title='bbox 492 2842 529 2873; x_wconf 85' lang='lat'>2,</span> <span class='ocrx_word' id='word_1_132' title='bbox 550 2830 636 2879; x_wconf 87' lang='lat' dir='ltr'>quia</span> <span class='ocrx_word' id='word_1_133' title='bbox 655 2842 724 2879; x_wconf 90' lang='lat' dir='ltr'>pro</span> <span class='ocrx_word' id='word_1_134' title='bbox 744 2830 818 2880; x_wconf 89' lang='lat' dir='ltr'>qui.</span> 
     </span>
    </p>

    <p class='ocr_par' dir='ltr' id='par_1_12' title="bbox 283 2883 899 2934">
     <span class='ocr_line' id='line_1_26' title="bbox 283 2883 899 2934; baseline 0.003 -14"><span class='ocrx_word' id='word_1_135' title='bbox 283 2885 321 2921; x_wconf 89' lang='lat' dir='ltr'>P.</span> <span class='ocrx_word' id='word_1_136' title='bbox 345 2903 396 2912; x_wconf 85' lang='lat'>--</span> <span class='ocrx_word' id='word_1_137' title='bbox 415 2884 438 2921; x_wconf 89' lang='lat' dir='ltr'>l.</span> <span class='ocrx_word' id='word_1_138' title='bbox 452 2884 489 2927; x_wconf 89' lang='lat'>6,</span> <span class='ocrx_word' id='word_1_139' title='bbox 518 2883 643 2934; x_wconf 80' lang='lat' dir='ltr'>Capiti</span> <span class='ocrx_word' id='word_1_140' title='bbox 666 2897 767 2921; x_wconf 90' lang='lat' dir='ltr'>nono</span> <span class='ocrx_word' id='word_1_141' title='bbox 794 2897 899 2934; x_wconf 85' lang='lat' dir='ltr'>prae·</span> 
     </span>
    </p>
   </div>
   <div class='ocr_carea' id='block_1_6' title="bbox 953 2125 1639 2934">
    <p class='ocr_par' dir='ltr' id='par_1_13' title="bbox 955 2125 1637 2338">
     <span class='ocr_line' id='line_1_27' title="bbox 957 2125 1631 2164; baseline 0 -1"><span class='ocrx_word' id='word_1_142' title='bbox 957 2127 1034 2164; x_wconf 84' lang='lat' dir='ltr'>fixa</span> <span class='ocrx_word' id='word_1_143' title='bbox 1052 2132 1111 2164; x_wconf 85' lang='lat' dir='ltr'>est</span> <span class='ocrx_word' id='word_1_144' title='bbox 1136 2126 1175 2164; x_wconf 89' lang='lat' dir='ltr'>in</span> <span class='ocrx_word' id='word_1_145' title='bbox 1203 2125 1278 2163; x_wconf 88' lang='lat' dir='ltr'>hoc</span> <span class='ocrx_word' id='word_1_146' title='bbox 1297 2125 1438 2164; x_wconf 88' lang='lat' dir='ltr'>Codice</span> <span class='ocrx_word' id='word_1_147' title='bbox 1456 2138 1531 2164; x_wconf 83' lang='lat' dir='ltr'>vox</span> <span class='ocrx_word' id='word_1_148' title='bbox 1551 2126 1631 2163; x_wconf 78' lang='grc' dir='ltr'>ἀνα·</span> 
     </span>
     <span class='ocr_line' id='line_1_28' title="bbox 956 2180 1632 2232; baseline 0 -15"><span class='ocrx_word' id='word_1_149' title='bbox 956 2182 1213 2229; x_wconf 77' lang='grc' dir='ltr'>κεφαλαίωσις;</span> <span class='ocrx_word' id='word_1_150' title='bbox 1246 2186 1285 2217; x_wconf 90' lang='lat' dir='ltr'>et</span> <span class='ocrx_word' id='word_1_151' title='bbox 1313 2180 1466 2230; x_wconf 85' lang='lat' dir='ltr'>reliquis</span> <span class='ocrx_word' id='word_1_152' title='bbox 1498 2180 1632 2232; x_wconf 81' lang='lat' dir='ltr'>capiti-</span> 
     </span>
     <span class='ocr_line' id='line_1_29' title="bbox 955 2234 1637 2284; baseline 0 -12"><span class='ocrx_word' id='word_1_153' title='bbox 955 2235 1026 2272; x_wconf 86' lang='lat' dir='ltr'>bus</span> <span class='ocrx_word' id='word_1_154' title='bbox 1046 2235 1158 2278; x_wconf 87' lang='lat' dir='ltr'>tituli.</span> <span class='ocrx_word' id='word_1_155' title='bbox 1181 2235 1245 2284; x_wconf 91' lang='lat' dir='ltr'>qui</span> <span class='ocrx_word' id='word_1_156' title='bbox 1271 2240 1494 2284; x_wconf 83' lang='lat' dir='ltr'>sequuntur,</span> <span class='ocrx_word' id='word_1_157' title='bbox 1514 2234 1637 2272; x_wconf 79' lang='lat' dir='ltr'>literis</span> 
     </span>
     <span class='ocr_line' id='line_1_30' title="bbox 956 2289 1519 2338; baseline 0.002 -12"><span class='ocrx_word' id='word_1_158' title='bbox 956 2289 1175 2338; x_wconf 85' lang='lat' dir='ltr'>majusculis</span> <span class='ocrx_word' id='word_1_159' title='bbox 1195 2289 1398 2338; x_wconf 84' lang='lat' dir='ltr'>praepositi</span> <span class='ocrx_word' id='word_1_160' title='bbox 1418 2295 1519 2327; x_wconf 84' lang='lat' dir='ltr'>sunt.</span> 
     </span>
    </p>

    <p class='ocr_par' dir='ltr' id='par_1_14' title="bbox 953 2343 1639 2598">
     <span class='ocr_line' id='line_1_31' title="bbox 1008 2343 1632 2393; baseline 0 -13"><span class='ocrx_word' id='word_1_161' title='bbox 1008 2344 1050 2380; x_wconf 89' lang='lat' dir='ltr'>P.</span> <span class='ocrx_word' id='word_1_162' title='bbox 1064 2365 1120 2372; x_wconf 98' lang='lat'><strong>—</strong></span> <span class='ocrx_word' id='word_1_163' title='bbox 1138 2343 1164 2380; x_wconf 91' lang='lat'>1.</span> <span class='ocrx_word' id='word_1_164' title='bbox 1187 2355 1251 2393; x_wconf 81' lang='lat'>3²·</span> <span class='ocrx_word' id='word_1_165' title='bbox 1271 2343 1462 2385; x_wconf 85' lang='lat' dir='ltr'>recedere,</span> <span class='ocrx_word' id='word_1_166' title='bbox 1483 2343 1551 2381; x_wconf 88' lang='lat' dir='ltr'>sed</span> <span class='ocrx_word' id='word_1_167' title='bbox 1569 2355 1632 2380; x_wconf 83' lang='lat' dir='ltr'>ea-</span> 
     </span>
     <span class='ocr_line' id='line_1_32' title="bbox 954 2397 1634 2446; baseline -0.001 -11"><span class='ocrx_word' id='word_1_168' title='bbox 954 2397 1041 2435; x_wconf 90' lang='lat' dir='ltr'>dem</span> <span class='ocrx_word' id='word_1_169' title='bbox 1061 2411 1176 2435; x_wconf 88' lang='lat' dir='ltr'>manu</span> <span class='ocrx_word' id='word_1_170' title='bbox 1195 2410 1293 2435; x_wconf 86' lang='lat' dir='ltr'>corr.</span> <span class='ocrx_word' id='word_1_171' title='bbox 1308 2398 1508 2440; x_wconf 78' lang='lat' dir='ltr'>accedere3</span> <span class='ocrx_word' id='word_1_172' title='bbox 1531 2397 1634 2446; x_wconf 86' lang='lat' dir='ltr'>quod</span> 
     </span>
     <span class='ocr_line' id='line_1_33' title="bbox 954 2452 1634 2501; baseline -0.004 -12"><span class='ocrx_word' id='word_1_173' title='bbox 954 2452 991 2489; x_wconf 93' lang='lat' dir='ltr'>in</span> <span class='ocrx_word' id='word_1_174' title='bbox 1012 2452 1103 2490; x_wconf 89' lang='lat' dir='ltr'>edit.</span> <span class='ocrx_word' id='word_1_175' title='bbox 1119 2453 1331 2489; x_wconf 78' lang='lat' dir='ltr'>Romanam</span> <span class='ocrx_word' id='word_1_176' title='bbox 1355 2452 1435 2501; x_wconf 85' lang='lat' dir='ltr'>jam</span> <span class='ocrx_word' id='word_1_177' title='bbox 1465 2464 1634 2488; x_wconf 83' lang='lat' dir='ltr'>comme-</span> 
     </span>
     <span class='ocr_line' id='line_1_34' title="bbox 955 2506 1639 2544; baseline -0.001 -1"><span class='ocrx_word' id='word_1_178' title='bbox 955 2512 1140 2543; x_wconf 81' lang='lat' dir='ltr'>moratam</span> <span class='ocrx_word' id='word_1_179' title='bbox 1160 2512 1377 2544; x_wconf 82' lang='lat' dir='ltr'>revocatum</span> <span class='ocrx_word' id='word_1_180' title='bbox 1398 2506 1512 2543; x_wconf 81' lang='lat' dir='ltr'>fuisse</span> <span class='ocrx_word' id='word_1_181' title='bbox 1532 2518 1639 2543; x_wconf 83' lang='lat' dir='ltr'>nunc</span> 
     </span>
     <span class='ocr_line' id='line_1_35' title="bbox 953 2560 1077 2598; baseline 0.008 -1"><span class='ocrx_word' id='word_1_182' title='bbox 953 2560 1077 2598; x_wconf 87' lang='lat' dir='ltr'>video.</span> 
     </span>
    </p>

    <p class='ocr_par' dir='ltr' id='par_1_15' title="bbox 1009 2613 1634 2662">
     <span class='ocr_line' id='line_1_36' title="bbox 1009 2613 1634 2662; baseline -0.002 -11"><span class='ocrx_word' id='word_1_183' title='bbox 1009 2614 1049 2651; x_wconf 91' lang='lat' dir='ltr'>P.</span> <span class='ocrx_word' id='word_1_184' title='bbox 1063 2627 1074 2651; x_wconf 86' lang='lat'>1</span> <span class='ocrx_word' id='word_1_185' title='bbox 1090 2625 1150 2661; x_wconf 86' lang='lat'>13,</span> <span class='ocrx_word' id='word_1_186' title='bbox 1167 2614 1192 2651; x_wconf 93' lang='lat' dir='ltr'>l.</span> <span class='ocrx_word' id='word_1_187' title='bbox 1212 2626 1227 2650; x_wconf 94' lang='lat'>1</span> <span class='ocrx_word' id='word_1_188' title='bbox 1239 2626 1272 2657; x_wconf 82' lang='lat'>2,</span> <span class='ocrx_word' id='word_1_189' title='bbox 1287 2626 1362 2662; x_wconf 91' lang='lat' dir='ltr'>quo</span> <span class='ocrx_word' id='word_1_190' title='bbox 1378 2619 1416 2651; x_wconf 88' lang='lat' dir='ltr'>et</span> <span class='ocrx_word' id='word_1_191' title='bbox 1432 2613 1634 2651; x_wconf 69' lang='lat' dir='ltr'>S.Paulus.</span> 
     </span>
    </p>

    <p class='ocr_par' dir='ltr' id='par_1_16' title="bbox 953 2667 1639 2934">
     <span class='ocr_line' id='line_1_37' title="bbox 1011 2667 1631 2717; baseline -0.002 -12"><span class='ocrx_word' id='word_1_192' title='bbox 1011 2669 1053 2705; x_wconf 91' lang='lat' dir='ltr'>P.</span> <span class='ocrx_word' id='word_1_193' title='bbox 1071 2689 1122 2697; x_wconf 97' lang='lat'><strong>—</strong></span> <span class='ocrx_word' id='word_1_194' title='bbox 1143 2668 1166 2704; x_wconf 93' lang='lat' dir='ltr'>l.</span> <span class='ocrx_word' id='word_1_195' title='bbox 1195 2668 1253 2711; x_wconf 77' lang='lat'>16,</span> <span class='ocrx_word' id='word_1_196' title='bbox 1291 2667 1368 2705; x_wconf 90' lang='lat' dir='ltr'>Sed</span> <span class='ocrx_word' id='word_1_197' title='bbox 1402 2667 1504 2716; x_wconf 91' lang='lat' dir='ltr'>quod</span> <span class='ocrx_word' id='word_1_198' title='bbox 1542 2680 1631 2717; x_wconf 90' lang='lat' dir='ltr'>pro-</span> 
     </span>
     <span class='ocr_line' id='line_1_38' title="bbox 956 2721 1639 2771; baseline -0.003 -11"><span class='ocrx_word' id='word_1_199' title='bbox 956 2722 1098 2760; x_wconf 87' lang='lat' dir='ltr'>miscue</span> <span class='ocrx_word' id='word_1_200' title='bbox 1126 2722 1349 2759; x_wconf 85' lang='lat' dir='ltr'>observatur</span> <span class='ocrx_word' id='word_1_201' title='bbox 1368 2734 1437 2771; x_wconf 88' lang='lat' dir='ltr'>per</span> <span class='ocrx_word' id='word_1_202' title='bbox 1455 2721 1639 2759; x_wconf 73' lang='lat' dir='ltr'>ecclesias</span> 
     </span>
     <span class='ocr_line' id='line_1_39' title="bbox 953 2775 1629 2825; baseline -0.003 -11"><span class='ocrx_word' id='word_1_203' title='bbox 953 2776 1347 2825; x_wconf 79' lang='lat' dir='ltr'>quas—Continuatis</span> <span class='ocrx_word' id='word_1_204' title='bbox 1367 2788 1457 2813; x_wconf 89' lang='lat' dir='ltr'>vero</span> <span class='ocrx_word' id='word_1_205' title='bbox 1477 2775 1536 2813; x_wconf 85' lang='lat' dir='ltr'>his</span> <span class='ocrx_word' id='word_1_206' title='bbox 1548 2788 1629 2813; x_wconf 86' lang='lat' dir='ltr'>ver.</span> 
     </span>
     <span class='ocr_line' id='line_1_40' title="bbox 955 2829 1635 2880; baseline 0.001 -13"><span class='ocrx_word' id='word_1_207' title='bbox 955 2831 1026 2874; x_wconf 86' lang='lat' dir='ltr'>bis,</span> <span class='ocrx_word' id='word_1_208' title='bbox 1053 2830 1236 2880; x_wconf 81' lang='lat' dir='ltr'>disposita</span> <span class='ocrx_word' id='word_1_209' title='bbox 1260 2829 1496 2873; x_wconf 82' lang='lat' dir='ltr'>utensilibus,</span> <span class='ocrx_word' id='word_1_210' title='bbox 1526 2835 1568 2867; x_wconf 87' lang='lat' dir='ltr'>ut</span> <span class='ocrx_word' id='word_1_211' title='bbox 1596 2836 1635 2868; x_wconf 92' lang='lat' dir='ltr'>et</span> 
     </span>
     <span class='ocr_line' id='line_1_41' title="bbox 957 2885 1637 2934; baseline -0.001 -12"><span class='ocrx_word' id='word_1_212' title='bbox 957 2885 1127 2934; x_wconf 81' lang='lat' dir='ltr'>proprias</span> <span class='ocrx_word' id='word_1_213' title='bbox 1162 2886 1228 2922; x_wconf 75' lang='grc' dir='ltr'>διο.</span> <span class='ocrx_word' id='word_1_214' title='bbox 1264 2897 1401 2933; x_wconf 90' lang='lat' dir='ltr'>nempe</span> <span class='ocrx_word' id='word_1_215' title='bbox 1436 2890 1542 2934; x_wconf 89' lang='lat' dir='ltr'>parte</span> <span class='ocrx_word' id='word_1_216' title='bbox 1576 2896 1637 2921; x_wconf 86' lang='lat' dir='ltr'>re-</span> 
     </span>
    </p>
   </div>
  </div>
 </body>
</html>
