2034 3204
1123 668 1193 710 IN

814 802 877 869 S.
938 801 1506 869 CYPRIANI

1062 963 1251 992 LIBRUM

620 1084 714 1131 DE
764 1086 997 1133 OPERE
1047 1087 1142 1134 ΕΤ
1188 1088 1689 1138 ELEEMOSYNIS

831 1228 1477 1285 ANNOTATIONES.

510 1521 555 1563 P.
581 1531 675 1577 295.
707 1521 733 1563 l.
758 1533 795 1563 2.
837 1521 972 1563 ana
1011 1535 1066 1563 nn
1099 1521 1248 1564 Orsus
1288 1536 1341 1564 Εἰ·
1373 1523 1682 1579 ΕιΕΕΜοεῩΝῙε]
1725 1524 1854 1568 Nulla

450 1578 582 1636 magis
602 1593 649 1620 re
669 1578 834 1621 emicuit
854 1579 1066 1635 primaeva
1084 1579 1233 1636 pietas,
1249 1594 1372 1635 quam
1393 1579 1464 1622 illa
1483 1581 1612 1623 effusa
1632 1581 1853 1639 largitione

448 1651 531 1693 qua
550 1651 632 1693 pau
664 1652 779 1678 erum
801 1636 1112 1679 necessitatibus
1135 1638 1467 1680 succurrebatur.
1527 1639 1616 1680 Nec
1644 1638 1687 1680 in
1714 1639 1853 1682 officiis

448 1693 540 1735 ullis
570 1651 679 1750 plebi
713 1694 972 1737 Christianae
1007 1694 1340 1737 commendandis
1372 1695 1503 1752 magis
1533 1696 1750 1740 desudavit
1779 1703 1852 1740 aut

449 1751 739 1808 Apostolorum
761 1757 834 1794 aut
855 1752 896 1795 S.
920 1752 1092 1794 Patrum
1114 1751 1340 1809 diligentia.
1402 1752 1458 1795 Et
1477 1753 1642 1809 quidem
1665 1769 1772 1811 quae
1799 1755 1851 1798 de
1868 1770 1917 1796 10

448 1809 526 1851 hac
556 1809 731 1851 materia
759 1809 801 1851 in
832 1809 968 1851 libello
999 1809 1077 1851 isto
1108 1809 1276 1866 egregie
1307 1815 1403 1852 sunt
1423 1816 1633 1868 congesta,
1655 1826 1736 1854 non
1765 1811 1852 1856 sine

448 1866 614 1908 numine
634 1867 772 1923 aliquo
793 1866 984 1909 videntur
1005 1867 1171 1924 scripta,
1193 1873 1240 1909 ut
1267 1867 1498 1924 paratiores
1519 1875 1656 1912 essent
1675 1869 1853 1912 fmtrum

449 1924 853 1982 Carthaginiensium
889 1930 1048 1967 mentes
1082 1925 1136 1967 ad
1169 1939 1289 1981 opem
1318 1925 1533 1968 ferendam
1568 1926 1854 1971 laborantibus

447 1982 637 2024 Numidis
663 1982 733 2039 qui
762 1998 788 2025 a
814 1982 1003 2024 barbaris
1031 1983 1110 2024 hac
1139 1988 1386 2040 tempestate
1417 1989 1537 2026 erant
1563 1984 1698 2042 capti;
1738 1985 1853 2028 cu’us

447 2039 508 2081 rei
540 2040 693 2082 mentio
726 2040 905 2082 occurrit
938 2040 1015 2097 Ep.
1043 2042 1112 2089 62,
1142 2040 1197 2082 ad
1228 2040 1399 2083 Pamelii
1432 2056 1624 2085 numeros
1654 2044 1723 2085 60.
1820 2042 1852 2085 i-
1868 2055 1916 2095 15

447 2097 598 2140 bellum
635 2097 743 2140 hunc
777 2104 874 2140 ante
904 2097 1014 2140 illam
1045 2097 1203 2140 cladem
1233 2098 1431 2154 scriptum
1461 2098 1586 2142 fuisse
1620 2099 1721 2143 satis
1754 2099 1852 2144 inde

447 2154 672 2205 conficitur,
705 2155 816 2212 quod
856 2155 965 2197 inter
999 2155 1276 2205 hortamenta,
1317 2156 1430 2198 nulla
1468 2162 1659 2200 occurrat
1698 2158 1852 2202 mentio

446 2227 594 2255 causae
634 2219 719 2255 tam
754 2212 1003 2255 favorabilis.
1065 2213 1305 2255 Tractatum
1341 2213 1470 2271 igitur
1504 2214 1638 2271 ipsum
1676 2230 1743 2258 an.
1768 2228 1790 2257 2
1793 2226 1852 2272 54

445 2270 715 2328 assignamus,
732 2270 801 2327 qui
824 2270 1078 2336 praedictam
1100 2270 1372 2313 barbarorum
1393 2271 1664 2315 incursionem
1686 2273 1851 2316 videtur

476 2328 727 2371 raecessisse.
791 2328 959 2371 Librum
988 2328 1096 2370 hunc
1124 2328 1267 2371 laudat
1298 2328 1350 2370 D.
1375 2328 1618 2387 Hieronym.
1642 2330 1774 2388 Epist.
1795 2331 1849 2374 ad
1865 2349 1915 2376 20

445 2342 684 2428 l’ammach.
726 2400 801 2427 neo
840 2400 922 2428 non
963 2386 1015 2428 D.
1039 2386 1213 2442 August.
1256 2392 1401 2429 eontra
1440 2386 1699 2445 Pelagianos,
1740 2394 1848 2432 cont.

446 2442 601 2485 Julian.
633 2449 676 2486 et
704 2442 800 2485 alibi
831 2442 994 2500 passim.
1056 2442 1252 2508 Ejusdem
1285 2443 1516 2487 meminisse
1546 2444 1711 2487 videtur
1742 2446 1850 2488 Pon-

446 2500 528 2543 tius
547 2501 623 2543 sub
640 2500 759 2543 titulo
780 2500 872 2543 libri
894 2500 946 2543 de
961 2499 1257 2543 Misericordia.
1280 2501 1517 2545 FELLUS.
1560 2502 1626 2545 De
1647 2502 1724 2545 hoc
1743 2503 1848 2547 libro

444 2557 502 2601 sic
538 2558 719 2615 loquitur
753 2564 919 2601 sanctus
955 2557 1236 2615 Hieronymus
1276 2558 1318 2600 in
1357 2558 1532 2615 epistola
1570 2559 1624 2602 ad
1660 2561 1848 2604 Pamma-

444 2615 580 2658 chium
602 2616 654 2658 de
674 2615 919 2658 dormitione
942 2615 1162 2659 Paulinae:
1195 2622 1204 2639 ‘
1221 2615 1408 2667 Quantas
1431 2616 1537 2660 vires
1558 2617 1711 2661 habeat
1730 2618 1848 2662 mise-
1862 2633 1912 2674 25

446 2680 455 2697 ‘
474 2673 665 2724 rieordia,
679 2680 720 2716 ct
736 2673 884 2730 quibus
900 2673 1093 2716 donanda
1107 2672 1161 2716 sit
1176 2673 1381 2730 praemiis,
1396 2679 1438 2717 et
1454 2675 1599 2718 beatus
1613 2675 1847 2733 Cyprianus

445 2738 454 2754 ⁴
472 2730 621 2787 grandi
644 2730 847 2773 volumino
873 2730 1149 2788 prosequitur,
1171 2737 1214 2774 et
1237 2731 1420 2774 Danielis
1445 2731 1654 2775 consilium
1682 2733 1845 2790 probat,

444 2795 453 2811 ⁴
470 2788 539 2844 qui
564 2789 720 2846 Regem
744 2787 1036 2846 impiissimum,
1052 2788 1084 2831 si
1105 2788 1251 2831 audire
1274 2788 1477 2839 voluisset,
1499 2789 1598 2832 dicit
1617 2804 1846 2848 pauperum

442 2852 451 2868 ⁴
469 2845 766 2889 mnstcntationo
787 2845 1054 2889 salvandum!
1085 2846 1391 2890 BALUZIUS.

501 2902 633 2945 Multa
673 2910 714 2946 ot
762 2895 914 2961 inagna
1032 2903 1271 2946 mortalibus
1321 2903 1559 2961 exhiberet]
1604 2903 1682 2947 llic
1732 2904 1843 2948 locus
1857 2923 1910 2960 30
