1988 3216
528 260 770 303 CONTRA
804 262 1114 305 HAERESIM
1148 265 1342 308 NOETI.
1583 267 1632 310 61

307 365 367 434 ζ.
410 369 530 422 Ἐὰν
555 369 604 422 δὲ
637 370 778 437 λέγει,
807 369 962 427 Αὐτὸς
987 368 1129 424 εἶπεν·
1174 381 1189 404 6
1210 373 1343 441 Ἐγὼ
1369 376 1447 427 καὶ
1473 377 1501 428 ὁ
1529 380 1635 429 Πα-

236 460 251 484 6
279 451 369 522 τὴρ
387 454 437 505 ἕν
454 455 632 520 ἐσμεν·’
668 455 959 509 ἐπιστανέτω
988 454 1107 528 [fors.
1126 457 1403 532 ἐπίσταιτο]
1426 458 1512 512 τὸν
1528 466 1640 513 νοῦν

231 539 312 590 καὶ
347 539 638 604 μανθανέτω,
664 540 734 594 ὅτι
773 542 858 593 οὐκ
894 537 1020 594 εἶπεν
1046 541 1118 595 ὅτι
1154 541 1249 610 ἐγὼ
1287 544 1365 595 καὶ
1402 546 1430 597 ὁ
1466 543 1639 614 Πατὴρ

231 623 281 676 ἕν
304 627 414 690 εἰμι,
447 624 582 678 ἀλλὰ
600 626 650 678 ἕν
673 627 834 693 ἐσμεν.
882 625 956 680 Τὸ
980 626 1076 696 γάρ
1105 636 1118 659 6
1137 628 1297 694 ε’σμεν’
1325 631 1410 682 οὐκ
1433 629 1508 701 ἐφ’
1534 629 1639 687 ἑνὸς

194 722 218 762 5
231 708 438 777 λέγεται,
457 712 571 764 ἀλλ’
591 713 664 766 ἐπὶ
695 712 815 787 [fors.
832 715 945 776 ἐπεὶ,
968 730 1013 764 ut
1033 714 1260 789 Interpres]
1286 714 1372 767 δύο
1396 714 1639 784 πρόσωπα

228 793 418 864 ἔδειξεν,
447 796 646 863 δύναμιν
672 797 719 850 δὲ
743 797 872 865 μίαν.

960 800 1117 857 Αὐτὸς
1153 799 1202 853 δὲ
1236 798 1356 854 αὐτὸ
1393 800 1639 854 ἀπέλυσεν

233 879 353 954 [fors.
381 883 644 957 ἐπέλυσεν]
674 883 818 937 εἰπὼν
854 887 959 954 περὶ
997 890 1223 952 μαθητῶν
1259 885 1382 954 πρὸς
1418 884 1503 938 τὸν
1532 889 1637 939 Ha·

227 967 355 1036 τέρα·
425 976 440 1000 6
468 967 573 1034 Τὴν
598 967 748 1038 δόξαν
771 968 830 1036 ἣν
855 970 1030 1028 ἔδωκάς
1053 995 1152 1038 μοι,
1179 970 1332 1024 ἔδωκα
1356 972 1532 1036 αὐτοῖς,
1562 971 1639 1024 ἵνα

232 1060 246 1084 6
293 1050 313 1073 5·
423 1051 441 1072 A
606 1053 619 1071 x
699 1055 710 1070 e
773 1059 793 1069 a
842 1056 865 1074 α
890 1075 899 1084 ,

274 1076 398 1106 ωσιν
421 1076 484 1117 εν,
504 1058 660 1111 καθως
683 1078 813 1120 ημεις
837 1079 886 1108 εν

959 1055 1093 1124 Ἐγὼ
1116 1058 1166 1109 ἐν
1189 1057 1362 1120 αὐτοῖς,
1389 1058 1466 1109 καὶ
1494 1056 1564 1110 Σὺ
1588 1058 1638 1109 ἐν

169 1160 216 1186 10
232 1144 247 1168 ‘
272 1138 390 1204 ἐμοὶ,
418 1138 493 1190 ἵνα
533 1137 654 1192 ὦσιν
680 1141 1023 1207 τετελειωμένοι
1061 1145 1125 1197 εἷς
1161 1140 1227 1205 ἓν,
1255 1142 1333 1194 ἵνα
1367 1142 1584 1212 γινώσκῃ
1611 1144 1638 1195 ὁ

231 1231 246 1255 6
273 1222 456 1289 κόσμος
471 1225 542 1278 ὅτι
560 1226 632 1278 Σύ
646 1249 704 1292 με
724 1225 1040 1283 ἀπέστειλας.’
1080 1228 1147 1280 Τι’
1162 1226 1283 1295 πρὸς
1302 1233 1452 1279 ταῦτα
1472 1228 1637 1297 ἔχουσι

228 1308 384 1376 λέγειν
409 1312 451 1362 οἱ
469 1311 731 1375 Νοητιανοί
743 1333 756 1375 ;
802 1309 890 1376 Μὴ
915 1310 1089 1368 πάντες
1112 1311 1163 1364 ἓν
1189 1311 1335 1376 σῶμά
1358 1313 1491 1365 ἐστιν
1515 1313 1636 1387 [som.

226 1395 403 1468 ἐσμεν]
433 1394 554 1448 κατὰ
577 1393 666 1461 τὴν
690 1397 890 1459 οὐσίαν;
933 1394 963 1462 ἢ
988 1400 1048 1467 τῇ
1072 1397 1263 1462 δυνάμει
1289 1399 1366 1449 καὶ
1392 1401 1451 1468 τῇ
1479 1401 1633 1453 διαθέ-

226 1502 302 1532 σει
327 1483 412 1545 τῆς
443 1481 735 1551 ὀμοφρονίας
758 1479 808 1533 ἓν
833 1480 1059 1548 γινόμεθα
1080 1505 1094 1546 ;
1140 1481 1242 1535 Τὸν
1267 1482 1413 1536 αὐτὸν
1438 1482 1496 1550 δὴ
1522 1485 1633 1554 τρό-

166 1586 213 1626 15
225 1588 319 1619 πον
344 1567 370 1619 ὁ
398 1570 523 1623 Παῖς
548 1567 575 1619 ὁ
606 1567 837 1637 πεμφθεὶς
875 1568 952 1619 καὶ
991 1566 1068 1621 ὑπ’
1095 1570 1252 1621 αὐτῶν
1285 1567 1353 1634 μὴ
1392 1571 1632 1636 γινωσκό-

224 1673 364 1716 μενος
413 1650 565 1704 ὅντων
607 1653 658 1704 ἐν
706 1651 892 1724 κόσμῳ,
940 1652 1260 1721 ὡμολόγησεν
1301 1651 1416 1706 εἶναι
1465 1657 1514 1708 ἐν
1565 1659 1634 1729 τῷ

229 1739 386 1806 Πατρὶ
403 1734 610 1802 δυνάμει,
625 1737 825 1791 διαθέσει
845 1737 966 1812 [fors.
985 1741 1061 1792 καὶ
1077 1738 1177 1813 δ.].
1209 1738 1295 1796 Εἷς
1316 1740 1434 1814 [fors.
1446 1740 1628 1817 Ἔστι]

225 1821 321 1892 γὰρ
355 1828 463 1879 νοῦς
491 1822 686 1892 Πατρὸς
712 1826 737 1876 ὁ
767 1828 906 1882 Παῖς.

225 1910 348 1961 οὕτω
382 1908 502 1982 [fors.
530 1909 714 1983 τούτῳ]
743 1910 1046 1976 πιστεύομεν.

280 2034 373 2073 VII.
417 2034 470 2073 Si*
501 2040 630 2073 autem
660 2035 774 2082 dicat,
809 2034 898 2086 Ipse

224 2089 336 2136 dixit,
364 2089 472 2138 ‘Eyo
490 2095 524 2127 et
544 2090 664 2128 Pater
680 2103 808 2127 unum
835 2103 899 2127 am-

223 2157 313 2182 mus
326 2157 343 2189 ‚·
372 2143 547 2182 advertat
574 2143 757 2190 animum,
778 2149 817 2182 et
842 2143 898 2182 in-

223 2197 374 2248 telligat
388 2197 491 2248 quod
510 2210 588 2236 non
606 2197 707 2235 dixit
724 2211 732 2236 ε
761 2197 848 2247 E'yo
866 2204 899 2236 et

224 2252 477 2290 Paterunum
486 2265 598 2298 sum,·
618 2252 685 2290 sed
697 2265 824 2290 unum
835 2266 898 2291 820-

222 2319 320 2344 mus.
379 2306 484 2344 Illud
512 2306 625 2354 enim,
651 2320 797 2354 sumus,
822 2320 898 2345 non

222 2360 365 2400 dicitur
396 2360 444 2399 de
481 2373 570 2408 uno,
603 2360 670 2399 sed
700 2361 754 2399 sic
786 2360 897 2408 dixit,

222 2415 313 2466 quia
335 2415 430 2453 duas
457 2428 638 2466 personas
661 2415 898 2454 demonstra-

222 2469 291 2517 vit,
302 2482 420 2507 unam
434 2474 564 2508 autem
578 2469 803 2520 potentiam,
818 2469 898 2508 sive

223 2523 418 2562 virtutem.
476 2523 567 2574 Ipse
589 2523 661 2562 hoc
680 2523 898 2574 explicavit,

225 2591 345 2628 quum
360 2577 460 2616 dixit
479 2578 527 2616 de
546 2577 742 2629 discipulis
760 2578 809 2616 ad
830 2578 898 2616 Pa-

225 2637 350 2671 trem:
384 2629 586 2670 bGloriam
614 2646 733 2682 quam
761 2632 900 2670 dedisti

225 2686 333 2733 mihi,
360 2686 449 2724 dedi
475 2686 556 2732 εἰει,-
585 2693 630 2724 ut
656 2687 736 2724 sim
762 2700 900 2732 wnwn,

224 2741 280 2779 εἰσ
293 2746 337 2778 ut
350 2753 421 2778 nos
433 2754 561 2778 unum
573 2754 718 2778 eumue.
757 2741 797 2778 Ε
795 2754 843 2790 9⁰
856 2741 902 2779 in

225 2795 332 2845 ipsis,
345 2800 378 2832 et
390 2801 434 2832 tu
445 2794 490 2832 in
501 2808 582 2840 me,·
602 2801 646 2832 ut
658 2794 737 2832 sim
743 2794 902 2844 perfhcti

309 2901 324 2917 ⁸
345 2896 424 2927 Joh.
444 2906 476 2926 x.
497 2905 547 2936 30.

815 2894 830 2916 δ
854 2895 905 2927 Id.
925 2896 1004 2928 xvii.
1025 2906 1075 2927 22.

979 1828 1045 1878 Οἱ
1084 1831 1197 1878 νοῦν
1226 1826 1423 1895 Πατρὸς
1447 1827 1633 1898 ἔχοντες

1348 1910 1362 1928 Χ

1129 1914 1195 1963 Οἱ
1234 1910 1282 1963 δὲ
1315 1936 1400 1965 τον
1426 1918 1539 1965 νοῦν
1562 1912 1630 1978 μὴ

953 2035 1000 2074 in
1011 2049 1160 2081 unum;
1190 2042 1234 2074 ut
1248 2042 1444 2086 coqnoecat
1458 2037 1632 2075 mundus

954 2090 1059 2140 quod
1070 2090 1337 2128 turnwmisisti.
1374 2090 1630 2139 Quidadhaee

954 2144 1079 2182 dicere
1092 2149 1252 2195 possunt
1265 2144 1305 2181 N
1307 2144 1450 2183 oetiani
1463 2145 1477 2182 '1
1505 2145 1630 2183 Num-

954 2198 1048 2249 quid
1070 2211 1204 2236 omnes
1228 2211 1349 2236 unum
1377 2212 1516 2250 corpus
1541 2204 1631 2239 sunt

953 2252 1163 2291 secundum
1189 2253 1471 2292 substantiam?
1500 2267 1549 2292 an
1570 2267 1631 2293 ve-

954 2320 997 2346 ro
1026 2311 1217 2358 potestate
1247 2312 1287 2346 et
1314 2307 1513 2346 affectione
1542 2321 1631 2346 con-

953 2361 1139 2399 sensionis
1177 2367 1216 2400 et
1248 2362 1472 2400 concordiae
1510 2375 1631 2400 unum

954 2415 1165 2454 efficimur?
1204 2415 1268 2454 Ad
1289 2417 1453 2454 eundem
1472 2418 1631 2455 modum

953 2483 1049 2521 puer
1067 2470 1216 2517 missus,
1236 2476 1276 2509 et
1302 2470 1348 2508 iis
1367 2470 1433 2522 qui
1458 2470 1498 2508 in
1521 2484 1631 2509 mun-

953 2525 1004 2563 do
1037 2530 1157 2571 erant,
1188 2532 1292 2563 cnon
1322 2525 1510 2576 cognitus,
1543 2539 1631 2564 con-

954 2578 1074 2617 fessus
1102 2584 1159 2617 est
1187 2592 1228 2616 se
1257 2592 1337 2617 esse
1364 2579 1404 2616 in
1426 2579 1539 2618 Patre
1563 2593 1630 2630 po-

954 2637 1105 2679 testate,
1125 2632 1323 2671 affectione
1343 2633 1602 2672 consensionis
1621 2649 1629 2672 :

956 2699 1033 2725 una.
1054 2687 1157 2725 enim
1175 2700 1284 2726 mens
1302 2687 1428 2725 Patris
1446 2694 1505 2727 est
1522 2701 1628 2739 puer.

957 2741 1034 2789 Qui
1061 2746 1192 2780 autem
1219 2746 1390 2780 mentem
1413 2741 1538 2781 Patris
1564 2742 1630 2781 ha-

957 2795 1101 2842 bemus,
1121 2796 1176 2834 sic
1203 2795 1418 2834 credimus:
1448 2797 1514 2847 qui
1538 2810 1630 2835 vero

1343 2902 1356 2918 θ
1380 2897 1431 2929 Id.
1451 2897 1471 2929 i.
1490 2907 1538 2930 ιο.
