2034 3204
388 202 680 246 ANNOTAT.
714 202 776 244 IN
807 202 852 245 S.
876 202 1039 245 CYPR.
1072 202 1151 244 DE
1184 202 1307 244 ZEL.
1338 202 1411 244 ET
1443 202 1555 244 LIV.
1587 203 1674 249 357

271 316 282 331 ‘
303 308 356 351 de
378 308 463 351 zelo
483 314 527 351 et
545 307 673 350 livore
692 314 736 350 et
754 321 933 366 arguere
953 307 1139 365 graviter
1159 313 1202 350 et
1221 321 1402 354 monere,
1425 321 1451 348 a
1477 321 1558 363 quo
1585 312 1671 349 tam

271 373 281 389 ‘
303 366 516 409 mortifero
531 365 638 408 malo
651 380 721 407 cor
737 364 824 422 ejus
868 364 1003 407 enitus
1017 364 1195 407 alienum
1211 370 1329 407 tanta
1344 363 1528 406 caritatis
1542 365 1672 406 abun-

271 430 281 446 ‘
302 423 445 466 dantia
465 422 775 489 comprobavit.'
835 379 952 465 fdem
979 422 1057 478 [sic
1076 428 1190 465 recte
1216 421 1497 520 repostXro
1519 421 1672 464 Hiero-

268 495 394 538 nymo
430 480 643 538 Baluzms]
680 480 723 522 in
757 486 882 537 caput
916 480 1103 537 quintum
1138 479 1347 537 Epistolae
1474 480 1670 522 Galatas:

230 548 254 587 5
270 545 280 562 ⁴
303 538 476 595 Scripsit
495 544 539 580 et
558 539 703 580 beatus
725 537 958 595 Cyprianus
978 538 1129 581 librum
1149 538 1202 580 de
1218 537 1317 579 Zelo
1337 541 1380 579 et
1396 535 1546 579 Livore
1566 537 1672 594 opti-

269 601 281 620 ‘
301 611 426 646 mum,
448 610 571 652 quem
601 595 673 652 qui
698 595 860 661 legerit,
884 610 967 637 non
995 595 1247 638 dubitaverit
1273 608 1548 638 annumerare
1575 610 1671 652 ope-

268 658 280 678 ‘
301 653 416 696 ribus
454 653 588 695 carnis
626 652 852 695 invidiam-⁹
926 653 1034 696 Vide
1074 653 1345 695 Hincmarum
1385 650 1428 693 in
1467 653 1573 696 libro
1611 666 1668 709 55

268 710 329 753 Ca
358 710 553 753 itulorum
573 726 606 753 c.
623 720 693 764 47.
715 725 754 767 p.
771 711 869 766 566.
904 711 1212 754 BALUZIUS.

362 801 371 810 .
389 779 487 824 317.
508 768 534 810 l.
553 781 592 824 3.
616 767 771 810 Circuit
802 767 870 809 ille
903 768 1000 824 δια]
1026 768 1135 810 Hinc
1167 769 1357 812 firmatur
1392 768 1548 836 optima
1575 782 1670 810 con-

205 843 252 869 10
258 824 424 882 jectura
443 825 491 868 cl.
515 824 745 868 Oberthuri
771 824 853 867 fine
873 825 944 867 lib.
963 825 1209 868 Tertulliani
1232 826 1285 868 de
1306 827 1521 876 Orat1one‚
1542 840 1670 883 supra

264 897 304 940 p.
327 896 419 926 121.
481 883 587 926 Item
606 882 765 939 respice
785 882 838 924 ad
859 882 932 924 loc.
955 897 1082 940 supra
1102 897 1142 940 p.
1162 895 1258 939 279,
1279 884 1306 926 l.
1324 897 1389 926 20.

322 940 427 983 Ibid.
460 940 486 983 l.
510 953 573 983 10.
606 939 810 997 Linguam
846 939 1022 983 convitio
1056 940 1275 998 provocat]
1309 941 1457 984 Oratio
1492 941 1669 983 fortasse

262 997 465 1055 integrior
485 1003 605 1047 esset,
625 997 661 1039 si
681 1011 733 1041 ex
753 997 1019 1054 sequentibus
1038 998 1265 1040 adderetur
1284 1000 1347 1041 ad
1357 1000 1667 1055 petulantiam,

262 1061 306 1098 et
334 1070 412 1112 pro
441 1070 540 1098 voce
563 1055 859 1112 petulantiam
888 1055 945 1098 ibi
979 1055 1148 1098 inventa
1180 1056 1482 1099 rescriberetur
1511 1057 1668 1100 violen-

203 1131 217 1156 1
225 1127 249 1167 5
263 1114 384 1156 tiam.
457 1113 599 1156 Habes
638 1112 747 1155 infra
787 1113 826 1167 ᾧ.
862 1126 892 1167 4
930 1128 1086 1156 manus
1125 1114 1187 1156 ad
1226 1116 1374 1157 caedis
1417 1115 1667 1157 violentiam

291 1186 382 1214 rom
416 1178 476 1213 ta.

253 1186 290 1227 p
319 1186 424 1270 Ibild.
460 1228 486 1270 l.
517 1239 583 1270 21.
614 1227 679 1270 vel
708 1227 875 1270 fallaces
909 1227 1076 1271 insidias
1107 1228 1172 1271 vel
1201 1235 1369 1286 apertas
1398 1228 1551 1286 minas]
1593 1230 1669 1272 Vel

260 1291 358 1328 ante
372 1286 567 1338 fallace-9
592 1284 794 1334 revocavi,
845 1285 926 1328 uod
954 1286 1146 1328 omissum
1174 1293 1237 1329 est
1263 1302 1290 1329 a
1314 1287 1497 1336 Baluzio,
1519 1287 1665 1329 suffra-

261 1342 455 1401 gantibus
483 1341 584 1384 mihi
616 1342 766 1385 Codice
797 1300 905 1384 §ovi
937 1343 1038 1386 Coll.
1059 1355 1082 1384 2
1114 1350 1157 1386 et
1188 1344 1318 1387 MSto
1349 1350 1526 1401 utroque
1558 1359 1663 1393 meo,

198 1416 248 1443 20
260 1400 419 1457 pariter
445 1406 571 1456 atque
598 1399 715 1443 editt.
743 1406 841 1442 ante
868 1400 1145 1443 Baluzianam.
1207 1402 1329 1444 Nunc
1356 1402 1464 1445 addo
1494 1402 1666 1446 Codices

259 1457 434 1515 scriptos
453 1458 823 1500 Meermannanum
838 1463 882 1500 et
901 1464 1122 1514 utrumque
1143 1459 1411 1502 Drurianum.

316 1516 363 1558 P.
379 1516 478 1572 318.
512 1516 537 1558 l.
557 1528 624 1557 20.
655 1515 751 1557 dum
789 1515 996 1558 diabolum
1029 1515 1100 1572 qui
1137 1516 1243 1559 zelat
1277 1517 1482 1573 imitatur]
1521 1518 1663 1559 Zalmf

259 1573 347 1616 lum
377 1587 460 1615 non
489 1572 695 1615 diabolum
726 1579 912 1630 praestat
942 1574 994 1616 de
1023 1573 1243 1616 Codicibus
1273 1574 1375 1617 meis
1404 1589 1523 1623 unus,
1545 1574 1663 1632 isque

259 1631 560 1682 membraneus,
582 1636 625 1673 et
643 1630 687 1672 in
713 1630 829 1673 editt.
851 1630 1010 1688 aliquot
1031 1631 1231 1688 Cypriani
1258 1632 1318 1675 ita
1343 1647 1424 1675 vox
1451 1632 1660 1675 scribitur.

196 1701 245 1741 25
260 1693 271 1713 ‘
292 1688 471 1731 Zabolus
497 1688 532 1730 is
559 1694 623 1731 est
651 1687 850 1738 diabolus,
879 1703 955 1745 pro
986 1691 1050 1731 διὰ
1079 1689 1188 1732 enim
1218 1690 1388 1732 Aetoles
1416 1696 1463 1741 ζα
1491 1690 1662 1733 dixere!

259 1745 436 1789 Gesneri
455 1745 576 1804 Ling.
599 1746 691 1788 Lat.
714 1746 838 1788 Thes.
859 1745 902 1788 in
921 1761 1035 1789 voce.

317 1803 364 1846 P.
378 1816 478 1859 3¹9.
510 1803 537 1846 1.
550 1818 591 1856 4.
622 1802 665 1844 in
696 1802 834 1845 odium
863 1803 1160 1860 persecutionis
1189 1804 1346 1847 facibus
1373 1804 1512 1848 livoris
1538 1819 1661 1848 exar-

256 1860 329 1917 sit]
362 1861 522 1904 Odium
532 1862 854 1918 persecutioni&
876 1876 983 1917 quae
1003 1868 1065 1904 est
1085 1861 1283 1904 librorum
1304 1868 1388 1905 tam
1414 1862 1663 1920 scriptorum

257 1932 382 1975 quam
417 1917 621 1961 editorum
651 1918 784 1967 lectio,
816 1918 953 1962 odium
989 1918 1195 1977 significat
1229 1934 1282 1962 ex
1320 1934 1402 1977 quo
1437 1926 1531 1963 orta
1568 1935 1661 1978 per-

194 1987 246 2024 3ο
258 1975 412 2018 secutio
431 1975 497 2019 sit.

317 2033 421 2076 Ibid.
453 2033 483 2076 l.
505 2046 567 2075 11.
609 2032 699 2075 miti
738 2033 909 2076 lenitate
949 2034 1198 2091 patientem]
1246 2035 1336 2077 Etsi
1375 2035 1550 2078 reducta
1583 2035 1662 2078 fuit

258 2105 337 2133 vox
367 2092 511 2134 mitem
545 2105 622 2148 pro
657 2092 757 2134 miti
792 2090 834 2133 in
869 2091 1091 2134 editionem
1125 2092 1450 2143 Benedictinam,
1481 2093 1660 2150 praetuli

257 2162 366 2191 nunc
399 2163 479 2207 ego
510 2148 726 2191 lectionem
766 2149 953 2199 alteram,
991 2149 1210 2192 Codicibus
1249 2150 1412 2208 scriptis
1452 2153 1552 2195 meis
1592 2151 1661 2193 fir-

255 2211 423 2249 matam.

193 2271 243 2310 35
315 2263 420 2306 Ibid.
450 2263 476 2306 l.
500 2275 562 2318 17.
592 2263 728 2318 simul]
758 2264 808 2306 In
834 2278 916 2306 uno
945 2264 1051 2307 libro
1076 2279 1167 2307 meo
1197 2271 1339 2308 vetere
1369 2265 1567 2322 scriptum
1597 2274 1661 2310 est

255 2322 382 2364 semel
409 2327 452 2363 et
481 2335 607 2378 supra
635 2320 783 2364 lineam
813 2322 880 2364 vel
906 2323 1050 2365 simul.
1113 2323 1222 2365 Hinc
1246 2338 1361 2380 ergo,
1384 2323 1444 2365 uti
1467 2323 1555 2379 jam
1578 2339 1658 2366 non

256 2378 381 2420 semel
408 2378 598 2428 diximus,
620 2384 714 2421 orta
738 2384 801 2421 est
825 2378 1102 2436 discrepantia
1125 2395 1232 2436 quae
1258 2380 1350 2423 istic
1377 2381 1586 2437 reperitur
1616 2381 1659 2423 in

259 2435 476 2479 Codicibus
502 2435 803 2493 manuscriptis,
829 2451 1004 2494 quorum
1032 2437 1218 2480 nonnulli
1247 2438 1405 2480 habent
1431 2440 1568 2488 semel,
1589 2439 1658 2481 alii

256 2494 398 2536 simul.
436 2493 643 2536 BALUZ.
702 2493 857 2544 Simul,
879 2508 985 2550 quae
1006 2495 1105 2538 edit.
1128 2495 1324 2552 principis
1351 2495 1557 2552 scriptura
1581 2504 1657 2546 est,

193 2562 243 2596 40
255 2550 534 2608 adstipulante
563 2550 601 2593 ei
631 2565 713 2592 uno
743 2566 795 2594 ex
823 2551 957 2594 MStis
983 2552 1096 2603 meis,
1116 2553 1319 2602 revocavi,
1345 2552 1422 2595 etsi
1448 2552 1657 2596 interdum

255 2609 382 2652 semel
398 2622 475 2665 pro
486 2622 672 2664 prorsus
691 2614 735 2650 et
761 2610 809 2650 in
821 2618 1077 2665 perpetuum
1097 2615 1259 2652 veteres
1282 2615 1454 2667 ponunt.
1515 2611 1658 2654 Habet

255 2667 341 2709 sibi
365 2680 443 2723 pro
472 2666 604 2709 simul
631 2665 773 2708 Codex
802 2679 918 2708 meus
947 2667 1043 2708 olim
1075 2667 1382 2716 Tewateranus,
1413 2682 1521 2710 anno
1548 2671 1656 2724 1396

254 2723 446 2780 scriptus,
467 2727 511 2766 et
536 2723 712 2779 simula
738 2737 815 2779 pro
841 2725 1045 2780 sinquloe.
1105 2726 1206 2766 Mox
1226 2725 1295 2767 lin.
1312 2738 1370 2781 30
1390 2727 1554 2769 viderie
1579 2741 1655 2783 pro

255 2780 454 2838 perspice,
476 2779 625 2838 cogita,
646 2780 783 2837 posuit
801 2786 970 2831 auctor;
1002 2788 1046 2824 et
1065 2788 1165 2825 sect.
1182 2785 1208 2823 6
1230 2783 1370 2832 verba,
1391 2786 1469 2840 qui
1493 2783 1656 2826 Christ-

192 2844 242 2884 45
255 2839 407 2882 ianwm
429 2852 473 2882 se
497 2839 714 2887 mentitur,
736 2852 910 2894 quorum
939 2839 1124 2883 ordinem
1151 2840 1208 2883 sic
1234 2840 1322 2883 sine
1349 2854 1472 2884 causa
1498 2840 1655 2898 primus
