2034 3204
430 239 493 281 IN
525 240 567 282 S.
591 239 754 282 CYPR.
774 240 853 281 DE
875 239 1113 282 IDOLOR.
1137 240 1447 282 VANITATE.
1566 241 1648 283 331

249 345 425 388 Admeti
454 352 648 402 posuerat
669 346 900 389 Gronovius
924 346 965 389 in
990 347 1077 403 jam
1102 346 1213 389 dicta
1242 347 1338 389 edit.
1360 346 1482 403 hujus
1512 347 1650 396 libelli,

249 407 355 457 quae
376 402 556 445 Minucio
579 403 703 445 Felici
722 404 885 456 adiecta
903 419 1012 446 anno
1039 416 1145 460 1705
1167 404 1331 446 circiter
1351 404 1497 461 viginti
1521 420 1652 447 annos

249 465 346 501 ante
373 460 571 526 Cypriani
601 449 822 504 editionem
853 461 1118 504 Baluzianam
1149 461 1315 518 prodiit.
1377 462 1651 519 Suffraganti-

250 516 325 558 bus
352 517 471 559 dictls
497 518 656 561 duobus
682 519 791 561 Novi
813 519 986 577 Collegii
1013 519 1146 562 MStis
1173 520 1280 561 hanc
1305 520 1484 576 praetuli
1512 520 1651 563 lectio-

212 580 234 619 5
250 588 355 616 nem.
418 575 663 632 Ubicunque
692 583 830 619 autem
859 577 912 619 ab
933 576 1112 620 editione
1141 577 1211 619 illa
1232 577 1389 619 Baluzii
1413 577 1455 618 in
1483 577 1547 619 his
1569 578 1652 634 Cy-

278 631 381 673 riani
402 633 605 688 opusculis
626 634 844 684 discedam,
866 634 909 677 id
929 649 1039 684 vero,
1062 641 1186 691 prout
1208 634 1295 691 jam
1326 634 1406 677 feci
1436 635 1478 676 in
1504 636 1539 676 F
1539 635 1651 677 irmi-

247 645 344 730 iiani
366 690 550 746 epistola,
572 706 773 748 nusquam
799 707 882 734 non
908 692 1181 735 adnotaturus
1211 707 1314 744 sum,
1335 707 1433 734 raro
1453 692 1551 735 alibi
1571 693 1651 736 lec-

247 745 369 788 tionis
389 747 631 790 varietatem
651 749 872 792 adducens.

306 804 352 845 P.
384 817 481 854 270.
518 806 544 848 l.
576 820 616 860 4.
657 807 752 849 inde
790 807 935 849 falcem
976 807 1114 849 ferens
1153 807 1355 865 pingitur]
1399 807 1538 865 Vulgo
1577 808 1650 850 ad-

187 874 235 900 10
249 860 360 903 ditur
379 877 502 905 senem
535 870 629 920 post
646 866 810 920 ferens,
846 864 956 921 quod
991 864 1033 906 in
1065 865 1164 907 edit.
1201 880 1276 907 sua
1306 871 1420 907 recte
1454 865 1650 908 omiserat

249 918 494 962 Gronovius.
556 921 719 963 Primus
740 937 879 964 vocem
906 922 1062 979 recepit
1082 923 1288 964 Pamelius
1308 937 1358 964 ex
1383 923 1507 964 MSto
1529 923 1650 965 Cam-

247 976 430 1026 bonensi,
458 978 531 1020 sed
562 979 747 1021 nesciunt
777 995 866 1022 eam
898 987 1076 1036 quatuor
1108 980 1279 1022 Codices
1319 980 1359 1022 in
1391 980 1488 1022 edit.
1513 981 1650 1023 Oxon.

246 1033 427 1084 adducti,
459 1042 626 1092 praeter
653 1043 740 1079 tres
770 1037 860 1079 illos
894 1037 1002 1080 Novi
1036 1037 1207 1094 Collegii
1243 1038 1401 1088 MStos,
1432 1052 1651 1094 meumque

249 1091 441 1133 Codicem
466 1092 553 1148 jam
584 1108 710 1150 supra
739 1101 1024 1146 memoratum,
1046 1095 1140 1136 olim
1164 1095 1492 1144 Tewateranum,
1516 1102 1558 1138 et
1584 1111 1651 1138 ve-

186 1160 232 1199 15
248 1148 489 1192 tustissimas
512 1151 711 1208 Cypriani
741 1153 951 1195 editiones.
1005 1153 1271 1209 Quapropter
1299 1167 1438 1195 vocem
1464 1160 1651 1210 praeter-

246 1206 349 1248 misi.
412 1208 530 1250 Nunc
560 1209 715 1252 addere
745 1210 840 1253 licet
860 1210 962 1252 duos
989 1210 1160 1253 Codices
1190 1211 1436 1260 Drurianos,
1456 1211 1652 1254 alterum-

246 1278 327 1319 que
367 1264 462 1306 olim
502 1267 551 1309 cl.
591 1267 848 1310 Meermanni
890 1268 978 1324 jam
1018 1283 1167 1318 meum,
1208 1268 1450 1311 duodecimo
1489 1269 1652 1312 saeculo

245 1321 322 1363 scri
357 1327 455 1364 tum.

305 1336 411 1421 liiid.
445 1379 471 1422 l.
501 1394 562 1432 ¹4·
593 1381 685 1423 Hoc
720 1381 779 1424 ita
810 1396 899 1424 esse
929 1382 1168 1424 Alexander
1197 1384 1276 1439 Μ.]
1318 1384 1525 1441 Rigaltius
1557 1402 1651 1428 con-

184 1450 234 1476 20
246 1436 392 1486 tendit,
414 1437 516 1480 haec
542 1452 690 1481 revera
713 1439 767 1481 ad
797 1439 973 1481 alterum
994 1440 1291 1489 Alexandrum,
1313 1442 1504 1485 nimirum
1528 1444 1652 1500 Poly-

246 1493 457 1546 historem,
478 1496 712 1552 pertinere:
743 1511 850 1562 quae
871 1497 1108 1554 conjectura
1126 1498 1169 1540 in
1189 1507 1350 1541 tantum
1378 1500 1454 1557 ipsi
1481 1502 1650 1558 placuit,

246 1556 294 1594 ut
323 1556 389 1594 ter
422 1551 654 1610 ingesserit.
716 1553 921 1596 Nimirum
955 1554 1022 1597 hic
1054 1555 1144 1605 loci,
1176 1555 1218 1598 in
1251 1556 1359 1599 notis
1398 1558 1453 1601 ad
1485 1560 1651 1602 Tertul-

244 1608 411 1657 lianum,
448 1615 491 1653 et
522 1610 645 1653 etiam
686 1611 740 1654 ad
780 1611 1015 1654 Minatium.
1078 1613 1253 1670 Decepti
1295 1622 1414 1658 erant
1456 1617 1649 1660 nimirum

247 1666 494 1732 Cyprianus,
524 1668 829 1726 Athenagoras,
861 1670 1080 1719 Minutius,
1102 1671 1370 1728 Augustinus,
1401 1673 1525 1716 immo
1555 1690 1651 1732 pro-

184 1731 232 1770 25
247 1723 443 1767 batlssimi
474 1725 598 1768 etiam
627 1727 739 1782 apud
765 1727 952 1770 ethnicos
981 1728 1215 1785 scriptoreS,
1240 1730 1311 1786 qui
1337 1745 1479 1774 omnes
1508 1732 1651 1776 literas

245 1781 299 1823 ab
335 1781 573 1825 Alexandro
608 1784 765 1841 Magno
800 1784 924 1827 matri
959 1785 1198 1842 Olympiadi
1236 1787 1412 1844 scriptas
1446 1790 1650 1843 referunt,

246 1837 288 1880 in
309 1838 457 1894 quibus
486 1855 682 1883 arcanum
708 1841 786 1883 hoc
816 1842 868 1884 de
899 1842 1110 1885 numinum
1141 1844 1359 1894 natalibus,
1381 1853 1493 1888 metu
1523 1848 1651 1904 ipsius

247 1896 456 1951 potentiae
485 1904 693 1941 extortum
724 1899 981 1964 perhibetur.
1103 1901 1188 1944 Sed
1217 1902 1329 1944 litem
1358 1903 1526 1947 dirimat
1554 1906 1652 1948 Plu-

248 1953 428 2003 tarchus,
449 1954 492 1996 in
513 1955 740 1998 Alexandri
769 1957 893 1999 rebus
913 1957 947 1999 si
968 1958 1059 2014 quis
1085 1958 1189 2001 alius
1210 1960 1522 2011 versatissimus,
1544 1970 1587 2005 et
1607 1963 1651 2006 in

183 2027 234 2064 30
247 2010 419 2053 historia
439 2012 555 2054 testis
575 2013 766 2069 locuples.
799 2014 853 2064 Is,
875 2014 917 2056 in
934 2016 1161 2058 Alexandri
1179 2017 1292 2068 Vita,
1312 2018 1372 2060 ait
1392 2020 1653 2075 Ἀλέξανδρος

247 2069 291 2109 ἐν
311 2069 503 2126 ἐπιστολῇ
527 2070 623 2123 πρὸς
650 2072 721 2122 τὴν
738 2072 887 2126 μητέρα
907 2074 1046 2126 φησὶν,
1070 2074 1284 2127 γεγονέναι
1303 2078 1413 2120 τινὰς
1433 2077 1536 2134 αὐτῷ
1554 2095 1654 2131 μαν-

247 2127 353 2169 τείας
373 2125 627 2180 ἀποῤῥήτους,
649 2128 695 2171 ἃς
721 2129 837 2173 αὐτὸς
866 2131 1099 2172 ἐπανελθὼν
1120 2131 1268 2185 φράσει
1289 2133 1386 2186 πρὸς
1404 2135 1532 2187 μόνην
1553 2137 1653 2178 ἑκεί-

248 2199 320 2234 νην
341 2181 416 2224 &c.
446 2183 606 2237 λέγεται
633 2186 675 2226 δὲ
707 2187 769 2228 καὶ
795 2186 1008 2239 Ψάμμονος
1038 2190 1083 2230 ἐν
1103 2191 1290 2246 Αἰγύπτῳ
1319 2193 1390 2232 τοῦ
1418 2193 1652 2247 φιλοσόφου

247 2241 472 2289 διακούσας,
495 2242 764 2294 ἀποδέξασθαι
782 2244 959 2295 μάλιστα
977 2249 1055 2287 τῶν
1074 2246 1314 2301 λεχθέντων,
1337 2249 1398 2290 ὅτι
1416 2248 1562 2294 πάντες
1583 2251 1652 2293 ἆν-

183 2307 234 2346 35
248 2299 398 2350 θρωποι
426 2300 713 2349 βασιλεύονται
742 2301 818 2343 ὑπὸ
843 2303 968 2352 Θεοῦ,
988 2302 1033 2344 τὸ
1064 2305 1142 2357 γὰρ
1169 2304 1295 2359 ἄρχον
1325 2306 1371 2347 ἐν
1402 2306 1554 2363 ἑκάστῳ
1587 2309 1650 2351 καὶ

249 2357 413 2407 κρατοῦν
434 2357 542 2397 θεῖόν
564 2357 662 2406 ἐστι,
684 2357 760 2399 &c.
793 2359 1029 2402 FELLUS.
1090 2361 1156 2403 De
1183 2361 1366 2418 epistolis
1385 2363 1481 2406 visis
1507 2379 1534 2407 a
1554 2365 1651 2408 Plu-

248 2411 392 2453 tarcho
412 2411 582 2469 aliisque
602 2414 810 2457 veteribus
840 2416 1122 2474 scriptoribus,
1143 2433 1224 2461 non
1246 2420 1298 2462 de
1321 2420 1370 2462 iis
1391 2435 1498 2477 quae
1527 2422 1652 2466 hodie

248 2467 594 2512 circumferuntur
623 2472 786 2515 nomine
808 2474 1035 2516 Alexandri
1065 2475 1297 2533 insignitae,
1325 2478 1428 2520 haec
1459 2485 1502 2521 et
1530 2480 1653 2536 plura

247 2525 461 2569 adnotavit
481 2528 735 2572 doctissimus
757 2531 907 2573 Oxonii
929 2532 1167 2590 Episcopus.
1228 2535 1340 2577 Male
1370 2542 1509 2578 autem
1533 2538 1652 2580 omit-

184 2598 235 2632 40
248 2583 351 2625 titur
371 2590 465 2639 post
483 2587 552 2627 ita
572 2587 742 2629 verbum
763 2603 860 2637 esse,
883 2595 926 2631 et
944 2596 1039 2646 post
1057 2593 1210 2634 scribit
1236 2599 1434 2647 punctum
1462 2593 1504 2635 in
1531 2600 1653 2638 textu

248 2640 485 2691 Baluziano,
507 2643 629 2693 unde,
651 2650 697 2686 ut
716 2645 811 2687 olim
838 2646 990 2696 monui,
1011 2662 1175 2691 errores
1203 2649 1271 2691 isti
1300 2650 1580 2695 transiverant
1608 2653 1652 2695 in

247 2712 395 2740 meum.

307 2755 411 2798 Ibid.
433 2756 460 2798 l.
483 2770 551 2813 3¹.
582 2759 840 2816 meretrices]
878 2761 1027 2804 Postea
1052 2763 1237 2818 sequitur
1266 2763 1308 2806 iu
1336 2764 1515 2807 editione
1545 2780 1652 2822 quae

248 2811 397 2855 dicitur
439 2814 594 2864 Gravii,
635 2815 678 2857 in
725 2817 978 2871 Pameliana,
1020 2819 1272 2876 Rigaltiana,
1313 2827 1357 2864 et
1396 2822 1651 2880 Anglicana:

184 2884 234 2922 45
250 2876 259 2893 ‘
283 2870 497 2914 Interdum
519 2887 618 2915 vero
639 2873 760 2916 deum
782 2876 981 2919 vocabula
1010 2877 1121 2934 apud
1142 2878 1350 2922 Romanos
1369 2879 1584 2938 finguntur
1604 2888 1651 2924 ut
