2034 3204
450 262 538 306 346
935 266 1016 308 AN
1017 266 1059 308 N
1061 265 1324 309 OTATION
1327 267 1396 310 Es

450 376 595 427 utpote
629 376 779 422 certus,
812 386 882 414 eos
913 371 1179 414 accersitione
1213 372 1353 414 divina
1382 373 1434 415 de
1464 373 1626 416 saeculo
1655 374 1852 419 liberatos

449 428 551 470 fore.
611 428 707 471 Vid.
743 430 866 486 paulo
900 429 1035 479 infra;
1077 436 1119 472 et
1151 430 1240 486 jam
1278 445 1405 486 supra
1443 431 1519 473 sub
1554 431 1715 474 initium
1753 434 1791 488 ξ.
1826 447 1850 476 2

449 486 592 536 habes,
614 493 625 510 ‘
645 487 796 529 Laetus
815 487 955 543 itaque
980 487 1032 528 de
1053 494 1186 529 morte
1209 487 1298 543 jam
1327 487 1531 543 proxima,
1552 495 1595 531 et
1623 491 1675 532 de
1704 492 1851 534 vicina

451 546 728 587 accersitione
751 545 951 587 securus?
1012 545 1143 586 Immo
1169 544 1379 600 geminum
1403 545 1514 588 istud
1533 546 1614 589 fine
1634 547 1761 590 libelli
1780 564 1851 591 ex-

450 607 558 644 stat:
590 607 601 626 ‘
616 603 645 644 J
647 617 714 644 am
735 602 786 644 de
806 617 881 644 sua
900 601 1209 644 immortalitate
1229 617 1387 652 secura,
1399 603 1536 645 adhuc
1556 604 1607 646 de
1628 610 1771 648 nostra
1789 606 1850 648 in-
1864 617 1889 657 5

451 665 461 682 ‘
483 659 719 702 columitate
739 660 936 701 sollicita.'
995 660 1053 700 At
1072 674 1171 701 vero
1191 659 1330 702 Fellus
1349 661 1404 702 ad
1424 662 1563 710 verba,
1585 663 1636 704 de
1652 678 1850 718 persecu-

451 718 562 759 tione
576 718 788 766 sollicitis,
803 719 854 759 de
870 718 1147 759 accersitione
1166 719 1339 768 securis,
1356 718 1434 760 hoc
1453 719 1679 770 adnotavit,
1698 727 1722 744 ‘⁶
1737 722 1852 764 Mar-

451 781 475 797 “
496 775 597 831 tyrii
627 789 820 817 coronam
849 774 1076 832 refugiunt,
1099 775 1290 818 coelestia
1319 776 1473 833 gaudia
1498 791 1582 819 non
1611 782 1850 834 expetunt.”

450 831 604 874 Utrum
627 832 755 874 mavis
774 832 925 888 accipe.

507 890 554 931 P.
571 891 667 946 289.
687 890 714 931 1.
734 902 799 945 15.
821 889 962 932 didicit
982 889 1106 931 immo
1126 890 1452 947 remanentibus]
1472 891 1574 934 Fide
1587 892 1718 939 ,nixus
1737 893 1851 936 MSti
1868 913 1920 939 10

449 947 709 989 Tewaterani
748 947 1003 1004 aliorumque
1037 948 1347 1003 quatuordecim
1383 948 1425 990 in
1460 949 1558 992 edit.
1596 950 1730 993 Oxon.
1766 966 1852 994 me-

448 1011 716 1055 moratorum,
747 1005 790 1046 in
819 1005 968 1061 quibus
997 1011 1093 1047 sunt
1122 1006 1204 1047 duo
1234 1005 1292 1047 illi
1320 1006 1429 1048 Novi
1461 1007 1634 1065 Collegii
1666 1008 1851 1059 Codices,

447 1068 651 1105 tractatus
685 1078 826 1105 omnes
858 1062 1058 1119 Cypriani
1092 1063 1359 1113 continentes,
1392 1079 1620 1120 pronomen
1653 1067 1775 1109 nobis
1808 1067 1852 1109 in

447 1120 607 1162 excusis
627 1121 814 1163 additum
834 1127 932 1162 ante
955 1122 1284 1170 remanentibus,
1306 1121 1379 1163 sed
1399 1122 1676 1165 obscuriorem
1697 1123 1852 1166 faciens

447 1192 691 1228 sermonem,
714 1178 907 1235 expunxi.
969 1179 1086 1220 Idem
1107 1178 1236 1221 nescit
1257 1179 1348 1222 MS.
1372 1185 1548 1236 uterque
1569 1181 1815 1224 Drurianus.
1868 1199 1916 1239 15

506 1236 553 1278 P.
578 1250 674 1291 290.
695 1236 721 1278 l.
743 1250 783 1292 3.
817 1237 1032 1293 Improbat
1066 1236 1244 1292 denique
1274 1237 1496 1293 Apostolus
1527 1238 1701 1296 Paulus]
1729 1239 1850 1282 Hanc

447 1293 628 1336 omnium
649 1293 874 1336 editionum
900 1294 1117 1337 lectionem
1138 1294 1332 1337 Baluzius
1361 1295 1497 1337 nescio
1518 1310 1647 1352 quare
1673 1311 1766 1338 cum
1792 1297 1851 1340 al-

446 1356 540 1393 tera
565 1353 762 1407 increpat
789 1351 1066 1394 commutavit.
1127 1352 1178 1393 In
1198 1352 1296 1394 edit.
1320 1352 1459 1395 Oxou.
1483 1367 1602 1409 quae,
1623 1354 1782 1410 pariter
1802 1369 1851 1397 ac

446 1415 623 1459 ceterae,
644 1415 831 1466 praestat
859 1411 1090 1466 improbat,
1115 1410 1197 1452 duo
1227 1415 1390 1452 tantum
1420 1411 1592 1454 Codices
1621 1426 1852 1455 memoran-

445 1472 516 1509 tur
545 1467 588 1509 in
613 1467 762 1524 quibus
791 1473 929 1510 exstat
947 1468 1122 1510 verbum
1151 1469 1374 1524 increpat,·
1405 1483 1549 1511 verum
1579 1469 1732 1512 ibidem
1762 1469 1850 1513 sine
1866 1484 1917 1511 20

445 1539 569 1567 causa
587 1531 830 1567 annotatum
853 1530 929 1574 est,
952 1531 962 1548 ‘
985 1525 1112 1567 Forte
1131 1525 1353 1582 legendum
1373 1527 1666 1583 improperat?
1716 1527 1850 1570 Porro

444 1588 615 1625 tuentur
650 1581 866 1625 lectionem
900 1583 1118 1639 improbat
1151 1582 1325 1625 Codices
1363 1583 1519 1640 scripti,
1555 1584 1704 1640 quibus
1738 1591 1848 1636 utor,

444 1654 597 1683 omnes.

504 1697 611 1740 Ibid.
633 1695 660 1740 l.
684 1698 750 1740 28.
785 1697 888 1749 Quis
917 1712 999 1740 non
1034 1697 1089 1740 ad
1117 1697 1289 1740 meliora
1318 1697 1485 1740 festinet
1497 1697 1535 1755 2²]
1567 1699 1751 1742 Positum
1787 1706 1851 1743 est

442 1754 485 1797 in
505 1762 701 1798 contextu
715 1755 953 1807 Baluziano‚
972 1755 1078 1806 Quis
1097 1770 1182 1798 non
1201 1757 1263 1798 ad
1283 1757 1464 1798 meliora
1483 1758 1626 1799 venire
1633 1759 1815 1812 festinet
1828 1759 1851 1802 ?
1865 1765 1914 1806 25

446 1814 584 1864 Quum
599 1828 698 1855 vero
711 1813 883 1855 verbum
898 1815 1040 1855 venire
1052 1812 1210 1855 frustra
1225 1813 1506 1869 quaerendum
1523 1813 1576 1856 sit
1588 1815 1653 1856 vel
1673 1814 1715 1856 iu
1736 1814 1850 1858 libris

445 1870 580 1923 editis,
602 1871 667 1913 vel
697 1870 860 1927 scriptis
890 1870 969 1912 illis
989 1870 1137 1927 quibus
1166 1885 1264 1913 usus
1294 1885 1397 1920 sum,
1418 1870 1519 1913 illud
1550 1871 1771 1914 delendum
1791 1873 1851 1916 vi-

444 1928 580 1971 detur.
640 1928 761 1971 Adde
791 1928 903 1984 quod
934 1942 1067 1984 neque
1097 1928 1316 1978 Pamelius,
1342 1943 1476 1985 neque
1504 1929 1658 1972 Variae
1689 1930 1850 1974 Lectio—

444 2001 519 2029 nes
547 1986 590 2028 in
621 1986 719 2029 edit.
743 1986 877 2029 Oxou.
900 1986 1058 2043 positae
1088 1985 1177 2042 ejus
1206 1986 1455 2029 mentionem
1480 1986 1649 2031 faciunt.
1710 1988 1778 2031 Ita
1807 1994 1850 2032 et

444 2044 632 2101 proxime
662 2050 768 2101 post,
790 2045 843 2086 ob
871 2044 1044 2086 eandem
1076 2058 1239 2086 causam
1265 2045 1501 2100 reformari
1530 2059 1606 2101 pro
1636 2047 1847 2102 transfor·
1862 2061 1915 2099 30

443 2104 562 2145 mari
582 2102 693 2158 quod
714 2107 852 2144 exstat
870 2101 913 2143 in
934 2101 1158 2144 Baluziano
1177 2107 1309 2151 textu,
1331 2102 1531 2144 reducere
1550 2102 1679 2144 visum
1701 2109 1776 2146 est.

503 2160 549 2202 P.
575 2172 672 2216 29¹·
694 2159 720 2202 l.
749 2171 813 2201 12.
834 2159 1056 2202 secundum
1079 2160 1202 2202 fidem
1223 2159 1325 2216 veri]
1349 2160 1465 2201 Haec
1484 2159 1617 2210 lectio,
1633 2174 1755 2217 quam
1777 2175 1849 2204 ex-

442 2217 587 2260 hibent
617 2217 806 2260 undecim
836 2216 1101 2273 cxemplaria‚
1129 2217 1172 2259 in
1202 2217 1350 2273 quibus
1378 2232 1486 2274 pono
1519 2217 1846 2275 Seguierianum‚

442 2281 506 2318 cst
525 2275 693 2332 optima.
755 2275 804 2316 In
824 2274 983 2317 duobus
1008 2274 1098 2316 aliis
1124 2274 1322 2332 scriptum
1351 2281 1414 2317 est
1441 2276 1571 2317 verbi.
1633 2276 1848 2319 Morellius

441 2333 627 2382 adnotat,
641 2346 685 2375 se
699 2332 846 2375 vidisse
859 2332 1053 2389 scriptum
1068 2332 1109 2374 in
1123 2331 1302 2389 antiquis
1314 2333 1405 2375 veri
1420 2333 1538 2375 alias
1550 2334 1679 2376 verbi.
1725 2334 1846 2386 Quod
1860 2340 1911 2381 35

442 2390 659 2433 confirmat
678 2395 860 2432 nostram
883 2389 1111 2432 lectionem.
1175 2390 1223 2432 In
1247 2389 1397 2432 Codice
1420 2389 1614 2432 Beccensi
1635 2396 1678 2433 et
1698 2391 1738 2433 in
1761 2391 1847 2434 edi·

441 2448 553 2491 tione
570 2447 748 2491 Mor-ollii
768 2447 922 2505 legitur
941 2449 1151 2490 veritatis.
1200 2448 1316 2490 Haec
1339 2447 1647 2498 BALUZIUS,
1665 2448 1735 2505 qui
1755 2451 1848 2493 veri

442 2520 518 2562 pro
558 2505 731 2548 lectione
772 2505 942 2562 vulgata
981 2506 1181 2548 veritatis
1228 2504 1383 2562 primus
1423 2504 1572 2562 posuit,
1613 2506 1846 2549 faventibus

441 2578 606 2620 quoque
628 2563 779 2606 Codice
802 2562 907 2605 Novi
931 2562 1033 2605 Coll.
1059 2575 1096 2613 2,
1120 2569 1162 2605 et
1183 2563 1453 2605 'rowatemno
1474 2577 1580 2605 meo.
1641 2564 1725 2607 Sed
1746 2579 1846 2621 quo-

442 2621 551 2664 niam
583 2627 750 2678 praeter
772 2620 1016 2663 Baluzianos
1046 2620 1148 2662 duos
1170 2620 1313 2663 MStos
1346 2626 1529 2677 praestat
1549 2626 1591 2664 et
1614 2621 1755 2664 Codex
1776 2637 1844 2665 ve·
1859 2644 1911 2679 40

442 2679 592 2722 tustior
624 2678 858 2721 Drurianus
889 2692 1028 2720 vocem
1058 2679 1188 2728 verbi,
1220 2678 1363 2721 dubito
1394 2691 1531 2720 annon
1562 2679 1845 2735 reponendum

442 2736 508 2786 sit,
529 2738 759 2779 secundum
776 2735 909 2790 fidem
930 2737 1048 2779 verbi
1067 2737 1276 2779 veritatis.
1340 2736 1489 2778 Exstat
1509 2741 1646 2778 tamen
1667 2736 1789 2790 infra,
1811 2737 1844 2779 si

442 2794 541 2850 quid
573 2793 613 2836 id
647 2794 789 2843 refert,
815 2793 856 2836 in
888 2793 956 2835 lib.
978 2793 1030 2836 de
1053 2793 1193 2851 Opere
1213 2799 1256 2836 ct
1276 2792 1573 2851 Eleemosynis,
1594 2808 1682 2851 cap.
1705 2809 1746 2848 4,
1768 2796 1845 2851 qui

442 2852 567 2893 habet
579 2853 689 2905 fidei
709 2851 924 2906 veritatem
946 2859 1087 2894 servat
1109 2852 1192 2894 Dei
1213 2852 1417 2894 timorem.

504 2909 547 2950 1’,
565 2920 660 2962 292.
684 2909 708 2950 Ι.
732 2922 744 2949 1
762 2922 794 2950 ι.
816 2910 1022 2966 quomodo
1043 2917 1080 2951 ct
1094 2910 1210 2952 Deus
1230 2917 1371 2951 manet
1393 2909 1435 2951 in
1459 2907 1693 2965 aeternum]
1710 2907 1842 2951 Omis-
1857 2923 1907 2965 45
