2034 3204
191 695 217 724 (t
227 695 259 725 A
270 694 307 725 P.

178 737 321 769 XVIII.

148 782 200 813 De
218 782 340 813 osculo.

196 2328 224 2357 (J
234 2327 261 2358 A
275 2326 310 2357 P.

206 2370 307 2402 XIX.

155 2414 207 2446 Do
224 2414 335 2446 statio-

154 2459 261 2490 nibun.

370 186 451 227 112
839 185 1302 227 TERTULLlANl

368 296 550 356 abyssis
576 310 660 354 per
684 301 864 340 tantam
893 295 1112 354 aequoris
1138 296 1308 339 molem
1334 295 1391 338 ad
1413 295 1592 338 coelum
1621 293 1775 352 potuit

368 373 601 417 evadere?
674 372 801 425 Quid
846 373 1051 431 amplius
1100 372 1304 416 referent
1345 371 1438 422 isti,
1480 371 1558 430 qui
1604 370 1776 415 clarius

368 451 582 498 adorant,
603 450 696 494 nisi
716 450 841 508 quod
869 449 1099 508 proximis
1124 449 1442 508 obstrepunt?
1493 448 1647 493 Immo
1674 464 1778 507 pro-

368 528 522 572 dendo
555 527 808 586 petitiones
845 541 970 578 suaS‚
997 526 1111 585 quid
1151 526 1309 570 minus
1338 525 1536 579 faciunt,
1560 540 1703 584 quam
1736 526 1776 570 si

370 604 416 648 in
443 604 636 663 publico
661 613 797 649 orent
815 605 836 648 ,³
1792 619 1813 657 5

434 682 550 727 Alia
576 683 680 743 jam
713 682 1004 727 consuetudo
1033 681 1268 735 invaluit3
1299 681 1587 741 jejunantes,
1615 681 1776 726 habita

368 759 582 804 oratione
619 774 728 804 cum
769 758 1015 812 fratribus,
1053 758 1345 804 subtrabunt
1381 760 1595 804 osculum
1632 758 1778 818 pacis,

367 838 495 897 quod
515 843 586 882 est
605 836 905 897 signaculum
925 835 1167 881 orationis.
1217 835 1423 888 Quando
1440 841 1601 881 autem
1625 835 1779 896 magis

367 914 652 959 conferenda
683 929 792 958 cum
827 913 1056 959 fratribus
1087 928 1182 972 pax
1210 918 1295 964 est,
1328 911 1422 958 nisi
1445 927 1595 972 quum
1626 912 1780 958 oratio

367 991 790 1037 commendabilior
827 991 1052 1042 ascendit,
1094 999 1146 1035 ut
1187 990 1280 1049 ipsi
1317 991 1376 1035 de
1418 995 1580 1035 nostra
1617 1005 1844 1049 opera-10

369 1070 498 1115 tione
546 1069 814 1128 participes,
850 1070 955 1130 jam
995 1070 1204 1114 audeant
1243 1069 1302 1113 de
1348 1083 1436 1114 sua
1481 1083 1595 1127 pace
1640 1067 1779 1113 fratri

368 1146 668 1208 transigere?
740 1147 874 1200 Quae
898 1146 1051 1192 oratio
1080 1162 1187 1192 cum
1213 1145 1423 1191 divortio
1454 1145 1607 1191 sancti
1631 1147 1776 1191 osculi

368 1225 592 1285 integra?
634 1239 776 1283 quem
801 1224 1011 1270 Domino
1047 1223 1254 1269 officium
1291 1223 1543 1269 facientem
1578 1223 1780 1283 impedit

370 1303 501 1362 pax?
543 1304 684 1362 quale
722 1301 1003 1347 sacrificium
1043 1308 1127 1354 est,
1163 1317 1192 1346 a
1227 1317 1323 1361 quo
1362 1300 1463 1346 sine
1503 1316 1617 1360 pace
1653 1316 1780 1346 rece-

369 1380 541 1426 ditur?
610 1380 949 1439 Quaecumque
990 1379 1203 1439 operatio
1243 1379 1322 1432 sit,
1359 1394 1454 1424 non
1491 1378 1582 1424 erit
1622 1377 1781 1438 potior
1797 1398 1843 1436 15

371 1458 612 1517 praecepti
648 1457 989 1510 observatione,
1013 1473 1109 1516 quo
1138 1457 1367 1518 jubemur
1393 1455 1582 1517 jejunia
1616 1462 1780 1502 nostra

370 1538 534 1581 celare.
605 1530 715 1579 Jam
749 1535 877 1580 enim
903 1536 960 1580 de
984 1534 1274 1580 abstinentia
1298 1534 1445 1579 osculi
1477 1534 1782 1595 agnoscimur

363 1614 654 1674 jejunantes:
727 1613 817 1657 Sed
849 1619 897 1658 et
925 1612 1085 1672 siqua
1123 1612 1246 1658 ratio
1270 1619 1356 1665 est,
1382 1627 1440 1656 ne
1472 1617 1632 1657 tamen
1670 1611 1780 1658 huic

371 1698 622 1750 praecepto
658 1705 766 1735 rcus
803 1689 880 1744 sis,
914 1696 1046 1749 potes
1083 1689 1227 1743 domi,
1259 1689 1299 1734 si
1336 1688 1469 1740 forte,
1507 1688 1634 1734 inter
1661 1703 1781 1748 quos

372 1770 518 1813 latere
537 1767 778 1828 jejunium
808 1767 853 1812 in
882 1774 1035 1812 totum
1064 1783 1154 1812 non
1181 1767 1339 1818 datur,
1363 1764 1555 1811 differre
1581 1781 1743 1824 pacem
1764 1779 1776 1820 ;
1795 1790 1845 1815 20

372 1844 662 1904 ubicumque
697 1851 857 1890 autem
901 1844 1015 1890 alibi
1052 1844 1372 1904 operationem
1411 1850 1544 1889 tuam
1585 1843 1782 1889 abscon-

371 1923 482 1967 dere
515 1931 664 1982 potes‚
688 1922 829 1967 debes
865 1922 1134 1967 meminisse
1167 1920 1431 1981 praecepti:
1469 1921 1539 1966 ita
1566 1926 1614 1966 et
1640 1920 1782 1966 disci-

374 1998 531 2058 plinae
555 1998 686 2052 foriS,
712 2005 759 2044 et
781 1997 1115 2045 consuetudini
1140 1997 1269 2043 domi
1293 1997 1569 2044 satisfacies,
1631 1998 1710 2044 Sic
1733 2004 1781 2043 et

371 2076 450 2122 die
486 2077 704 2137 paschae,
728 2092 824 2136 quo
851 2076 1116 2122 communis
1141 2083 1188 2122 et
1210 2076 1349 2135 quasi
1385 2076 1575 2136 publica
1603 2076 1780 2138 jejunii

374 2154 541 2215 religio
559 2160 644 2207 est,
664 2154 835 2200 merito
858 2154 1140 2214 deponimus
1165 2155 1394 2205 osculum,
1415 2153 1536 2199 nihil
1561 2159 1780 2200 curantes
1795 2176 1843 2213 25

372 2231 430 2277 de
455 2232 735 2278 occultando
758 2233 884 2291 quod
910 2247 1017 2278 cum
1043 2230 1265 2277 omnibus
1288 2230 1533 2277 faciamus.

441 2308 672 2354 Similiter
706 2316 753 2354 et
789 2309 1051 2355 stationum
1089 2308 1256 2355 diebus
1294 2324 1387 2354 non
1427 2314 1602 2368 putant
1642 2308 1781 2368 pleri-

371 2403 464 2448 que
499 2386 837 2432 sacrificiorum
869 2386 1164 2432 orationibus
1197 2385 1626 2440 interveniendum,
1651 2386 1778 2447 quod

373 2464 518 2511 statio
550 2465 769 2510 solvenda
807 2464 870 2510 sit
903 2471 1095 2524 accepto
1127 2479 1321 2524 corpore
1351 2463 1562 2509 Domini.
1646 2463 1780 2527 Ergo

373 2545 597 2589 devotum
629 2542 732 2588 Deo
763 2541 1045 2603 obsequium
1077 2541 1364 2588 eucharistia
1399 2541 1627 2588 resolvit?
1698 2541 1776 2587 An
1793 2560 1843 2597 30

375 2619 528 2682 magis
564 2620 668 2666 Deo
703 2620 930 2682 obligat?
1004 2618 1177 2666 Nonne
1212 2618 1468 2665 solemnior
1504 2618 1596 2665 erit
1634 2618 1779 2665 statio

375 2706 473 2750 tun.
510 2698 548 2744 si
586 2705 634 2744 et
669 2699 726 2745 ad
762 2714 893 2744 aram
921 2698 1010 2744 Dei
1047 2697 1275 2744 steteris?
1340 2697 1551 2758 Accepto
1585 2711 1778 2757 corpore

379 2776 586 2826 Domini.
613 2783 659 2822 et
696 2783 946 2826 reservato.
972 2784 1229 2836 utrumque
1263 2777 1447 2821 salvum
1480 2780 1565 2825 est.
1589 2780 1635 2820 et
1671 2789 1778 2834 par-
