2034 3204
403 240 488 279 404
871 239 951 279 AN
952 239 992 280 N
997 238 1255 282 OTATION
1261 239 1330 281 ES

404 345 628 402 explicatos
658 360 747 388 esse
779 346 967 388 Canones
996 347 1118 403 hujus
1149 346 1308 403 Synodi
1337 345 1525 402 quintum
1557 350 1600 387 et
1629 349 1806 394 sextum,

404 403 508 445 haec
527 403 741 460 praeclare
764 404 945 446 scribere
965 405 1117 462 pergit,
1140 411 1150 428 ‘
1171 405 1322 455 Quum,
1338 404 1512 460 jubente
1535 403 1703 445 Canone
1729 403 1808 444 hoc

406 467 417 483 ‘
439 460 596 516 quinto,
617 476 643 503 a
665 461 834 518 Synodo
854 461 1095 518 provinciali
1123 475 1394 517 unaquaeque
1420 460 1632 518 provincia
1658 460 1809 502 debeat

406 524 417 542 ‘
439 519 677 575 gubernari,
706 519 784 561 hoc
811 519 863 561 de
891 519 1105 575 disciplina
1132 525 1175 561 et
1202 518 1345 575 politia
1370 518 1615 575 praesertim
1644 523 1809 574 oportet

407 582 417 599 ‘
437 576 626 633 intelligi,
657 591 750 618 nam
783 591 851 618 res
880 576 978 618 fidei
1008 577 1291 618 communione
1321 576 1425 618 inita
1458 575 1637 617 omnium
1669 574 1847 627 Eccle-5

407 641 417 657 ⁸
438 633 591 676 siarum
622 634 785 676 definiri
815 634 994 676 debent.'
1054 635 1122 676 Ita
1151 633 1384 676 Richerius.
1444 634 1501 675 Et
1531 633 1585 675 ad
1614 647 1682 674 res
1712 632 1811 674 fidei

405 691 653 748 pertinuisse
673 691 866 734 videntur
886 706 1027 733 omnes
1046 692 1134 733 fere
1155 691 1451 748 appellationes
1471 691 1526 733 ad
1546 696 1712 732 exteras
1732 691 1811 732 Ec-

407 749 563 798 clesias,
584 764 691 805 quae
711 755 808 791 ante
831 749 1045 806 Synodum
1066 750 1108 791 N
1109 749 1292 791 icaenam
1313 748 1531 806 contigisse
1557 748 1811 790 referuntur.

410 807 604 849 Ceterum
636 806 860 848 consimilia
887 807 1091 862 quaedam
1121 807 1173 849 de
1203 806 1535 863 Metropolitanis
1563 811 1690 861 atque
1713 804 1812 862 Epi-

407 864 539 921 scopis
559 864 733 907 subditis
752 865 880 907 habet
902 865 1046 907 Canon
1065 864 1311 907 Antiocheni
1334 863 1502 907 Concilii
1523 877 1611 905 xlx.
1828 874 1877 899 10

942 967 1168 1010 CANON
1201 967 1279 1010 VI.

465 1035 513 1077 P.
530 1046 628 1091 374.
658 1035 686 1077 l.
707 1048 745 1078 2.
777 1038 842 1078 Τᾶ
871 1037 1020 1091 ἀρχαῖα
1049 1036 1118 1089 ἔθη
1150 1036 1352 1089 κρατείτω,
1380 1037 1430 1077 τὰ
1460 1036 1504 1077 ἐν
1534 1034 1719 1089 Αἰγύπτῳ
1751 1034 1814 1075 καὶ

407 1093 538 1145 Λιβύῃ
559 1094 624 1135 καὶ
639 1095 908 1143 Πενταπόλει,
930 1095 1034 1136 ὥστε
1055 1094 1149 1150 &c.]
1177 1094 1260 1135 Pro
1283 1093 1347 1135 his
1371 1092 1507 1135 verbis
1528 1091 1813 1141 Paschasinus,

408 1150 601 1207 Episcopi
622 1151 799 1193 Romani
819 1151 994 1209 legatus.
1015 1152 1127 1208 apud
1149 1151 1372 1194 Concilium
1391 1149 1724 1193 Chalcedonense
1744 1164 1815 1191 ex-

407 1208 567 1264 emplar
590 1208 769 1251 Canonis
796 1209 919 1266 hujus
946 1210 1095 1252 obtulit
1123 1209 1205 1251 ista
1233 1209 1497 1258 substituens,
1517 1206 1574 1249 ‘H
1594 1207 1814 1255 Ἐκκλησία
1830 1218 1879 1258 15

407 1264 558 1318 Ῥώμης
587 1267 758 1308 πάντοτε
793 1267 892 1322 ἔσχε
925 1269 975 1309 τὰ
1009 1271 1192 1320 πρωτεῖα·
1228 1266 1314 1321 ἔχει
1351 1269 1561 1320 τοιγαροῦν
1600 1264 1662 1307 καὶ
1691 1265 1715 1317 ἡ
1746 1266 1815 1307 Αἰ-

409 1325 570 1377 γύπτος,
602 1325 707 1366 ὥστε
737 1325 809 1367 &c.
839 1326 937 1367 Act.
959 1324 1040 1366 xvi.
1061 1339 1096 1367 1.
1165 1324 1250 1368 Sed
1280 1324 1424 1366 eodem
1451 1330 1638 1379 tempore
1667 1321 1816 1364 recita-

408 1387 497 1423 tum
514 1387 578 1424 est
596 1397 622 1424 a
644 1382 914 1425 Constantino
932 1382 1091 1439 Synodi
1111 1383 1164 1425 ab
1181 1381 1362 1439 epistolis
1382 1396 1434 1424 ex
1453 1381 1604 1423 Codice
1623 1380 1676 1422 ab
1692 1379 1815 1422 Aetio

408 1438 717 1482 Archidiacono
739 1440 822 1483 CP.
844 1440 922 1482 sibi
942 1441 1040 1483 dato
1065 1440 1178 1482 aliud
1198 1439 1411 1496 exemplar
1437 1438 1494 1481 sic
1521 1437 1731 1495 incipiens,
1751 1439 1816 1479 Τὰ

410 1497 559 1551 ἀρχαῖα
587 1497 655 1550 ἔθη
684 1499 882 1551 κρατείτω,
903 1499 954 1539 τὰ
984 1499 1029 1539 ἐν
1057 1498 1253 1553 Αἰγύπτῳ,
1278 1496 1517 1539 &are—sed
1540 1496 1628 1538 sine
1649 1495 1815 1538 vocibus
1830 1509 1881 1535 20

413 1555 478 1596 καὶ
507 1556 639 1611 Λιβύῃ
671 1555 733 1596 καὶ
766 1556 1034 1597 Πενταπόλει.
1095 1555 1152 1597 Et
1183 1561 1193 1578 ‘
1211 1554 1569 1611 quandoquidem‚'
1595 1553 1654 1596 ait
1685 1554 1817 1595 Beve-

411 1611 552 1668 regius
570 1612 625 1654 ad
646 1612 755 1654 hunc
777 1613 986 1655 Canonem
1008 1618 1224 1662 annotans,
1246 1619 1255 1636 ‘
1270 1627 1346 1654 nec
1366 1611 1437 1654 ulli
1460 1611 1631 1655 Codices
1652 1610 1815 1660 Graeci,

413 1675 424 1692 ⁴
446 1684 522 1711 nec
558 1669 787 1725 Gregorius
828 1671 938 1712 XIII
978 1670 1021 1712 in
1060 1669 1339 1727 recognitione
1379 1669 1562 1719 Decreti,
1598 1683 1673 1711 nec
1711 1667 1817 1710 aliae

414 1732 424 1750 ‘
446 1741 716 1783 quaecunque
736 1728 944 1770 versiones
963 1728 1067 1770 haec
1087 1729 1216 1770 verba
1238 1732 1480 1785 agnoscunt,
1502 1741 1550 1769 ac
1574 1726 1661 1783 ipse
1684 1726 1817 1769 Cano-

415 1791 424 1808 ‘
448 1784 511 1826 nis
540 1800 683 1827 sensus
713 1785 924 1828 obscurior
953 1785 1002 1828 iis
1028 1791 1071 1828 et
1097 1785 1380 1842 perturbatior
1405 1784 1618 1834 reddatur,
1641 1798 1818 1826 commu·
1832 1791 1882 1831 25

415 1849 425 1866 ‘
447 1842 510 1884 nis
540 1842 653 1885 haud
683 1843 806 1886 dubie
836 1844 955 1886 lectio
986 1843 1273 1900 praeferenda,
1305 1857 1436 1899 eaque
1466 1842 1594 1885 verba
1625 1841 1820 1898 [Pascha-

416 1907 426 1923 ‘
448 1899 542 1957 sini]
562 1907 758 1957 tanquam
789 1901 931 1958 spuria
957 1916 1004 1943 ac
1032 1900 1272 1958 surreptitia
1301 1901 1354 1943 ab
1382 1899 1570 1943 omnibus
1596 1899 1820 1957 rejicienda

417 1964 427 1981 ‘
449 1964 558 2007 sunt,
580 1973 656 2001 nec
676 1958 785 2001 inter
806 1959 942 2002 varias
963 1959 1084 2016 hujus
1106 1958 1285 2002 Canonis
1307 1958 1513 2001 versiones
1539 1957 1819 2000 recensenda.'

417 2016 533 2059 Ilaec
555 2017 714 2059 Bevere
747 2016 821 2059 ius.
884 2017 968 2060 Sed
998 2023 1200 2059 memorat
1226 2016 1314 2074 ipse
1342 2016 1517 2073 priscam
1547 2015 1659 2058 illam
1679 2014 1821 2059 Versi-

417 2088 534 2116 onem
563 2074 675 2131 apud
704 2032 940 2124 fustellum
968 2089 1090 2131 quam
1120 2083 1254 2117 ortum
1287 2074 1448 2117 dedisse
1475 2073 1612 2116 verbis
1642 2073 1820 2116 Pascha·
1833 2086 1886 2124 30

417 2131 494 2173 sini
529 2138 680 2181 censet,
712 2146 819 2189 quae
855 2133 1014 2175 interea
1049 2132 1180 2175 libera
1213 2138 1375 2174 tantum
1409 2131 1629 2189 explicatio
1663 2130 1822 2188 recepti

419 2189 598 2232 Canonis
624 2189 725 2232 mihi
746 2190 921 2233 videtur.
982 2191 1139 2234 Verum
1165 2189 1373 2233 enimvero
1399 2189 1442 2232 in
1468 2188 1654 2247 plurimis
1684 2203 1822 2231 exem-

417 2247 602 2304 plaribus
633 2247 894 2290 Collectionis
925 2248 1138 2291 Canonum
1175 2247 1430 2299 Latinorum,
1466 2262 1493 2289 a
1525 2246 1747 2298 Quosnello
1778 2245 1821 2288 in

419 2306 486 2361 Ap
501 2305 660 2348 ›endice
689 2306 743 2348 ad
776 2307 818 2349 S.
842 2306 991 2348 Leonis
1022 2306 1080 2349 M.
1107 2306 1248 2363 Opera
1283 2305 1459 2362 primum
1495 2304 1644 2354 editae,
1676 2303 1821 2347 iisdem

419 2378 493 2405 ver
523 2362 556 2405 is
584 2363 692 2406 hunc
714 2364 923 2406 Canonem
951 2363 1139 2420 exprimi,
1161 2363 1309 2420 quibus
1332 2368 1396 2406 est
1420 2377 1516 2405 usus
1537 2361 1820 2412 Paschasims,
1835 2368 1887 2410 35

420 2421 691 2464 ostenderunt
725 2421 878 2464 fratres
914 2420 1111 2464 Ballerini
1147 2420 1188 2463 in
1224 2420 1330 2463 notis
1363 2420 1418 2463 ad
1452 2420 1626 2462 eandem
1668 2419 1824 2463 Collec—

420 2478 588 2531 tionem,
604 2494 658 2537 pa
692 2510 700 2521 .
716 2492 788 2535 52,
810 2479 889 2522 vol.
907 2493 966 2529 111,
987 2479 1085 2522 edit.
1108 2492 1237 2521 novae
1259 2478 1368 2536 Opp.
1388 2478 1430 2521 S.
1449 2477 1610 2520 Leonis.
1656 2478 1825 2520 Interea

421 2536 461 2578 in
482 2536 559 2579 hac
581 2537 654 2580 Col
673 2537 830 2580 ectione
853 2539 1041 2580 Canones
1062 2536 1341 2587 Sardicenses,
1363 2535 1510 2602 quibus
1530 2550 1555 2578 a
1585 2534 1825 2592 pollutiones

420 2593 474 2636 ad
514 2595 652 2637 sedem
692 2595 918 2637 Romanam
958 2594 1260 2644 sauciabantur,
1296 2593 1501 2651 conjuncti
1579 2593 1729 2635 icaenis
1767 2592 1824 2636 le-

423 2659 592 2709 guntur,
616 2659 759 2710 utpote
788 2667 863 2710 pro
888 2653 966 2695 illis
986 2653 1088 2695 falso
1116 2651 1247 2695 habiti
1274 2650 1537 2708 adductique.
1600 2650 1684 2694 Sed
1711 2656 1754 2694 et
1781 2644 1890 2696 in‘40

422 2709 504 2752 alia
533 2710 619 2753 anti
652 2710 816 2753 nissima
846 2709 1189 2768 interpretatione
1222 2709 1372 2752 Latina
1404 2723 1431 2751 a
1459 2708 1659 2752 fratribus
1690 2707 1826 2751 Balle-

426 2766 526 2809 rinin
567 2725 716 2811 ibiilem
757 2768 882 2818 edita,
923 2768 964 2810 in
1005 2782 1088 2835 qua
1126 2767 1268 2811 itidem
1309 2766 1395 2809 sine
1440 2766 1525 2809 ulla
1565 2765 1825 2809 distinctione

427 2826 616 2868 (lenones
652 2826 693 2868 hi
726 2825 918 2869 Nicaenis
949 2825 1120 2883 subjecti
1152 2831 1260 2878 sunt,
1291 2824 1435 2868 eadem
1471 2824 1600 2868 verba
1634 2829 1824 2874 exstant;

426 2897 532 2938 quae
560 2890 710 2931 tamon,
738 2897 827 2926 mea
856 2883 1019 2940 quidem
1052 2882 1268 2933 sententia,
1290 2888 1450 2926 tantum
1479 2881 1722 2940 significant,
1750 2881 1826 2924 Ec-
