2034 3204
412 199 499 243 376

964 201 1270 247 CANONES

411 303 566 369 μένοις
609 309 850 375 Καθαροΐς
887 307 1186 365 Ἐπῖσκοπος
1224 308 1313 374 τὴν
1351 314 1436 362 τοῦ
1475 313 1818 380 Πρεσβυτερου

410 389 552 456 τιμὴν
575 390 684 460 ἕξει,
712 391 845 458 πλὴν
870 395 908 443 εἰ
931 389 998 458 μὴ
1024 393 1119 461 ἄρα
1144 394 1304 459 δοκοίη
1328 396 1397 464 τῷ
1421 394 1705 466 Ἐπισκόπῳ
1730 398 1816 461 τῆς

410 478 549 542 τιμῆς
572 482 658 529 τοῦ
683 476 916 542 ὀνόματος
938 475 1084 529 αὐτὸν
1101 476 1323 547 μετέχειν.
1367 481 1427 530 ΕΞ
1453 478 1502 530 δὲ
1530 485 1671 532 τοῦτο
1687 480 1816 550 αὐτῷ

408 559 476 626 μὴ
500 561 707 629 ἀρέσκοι,
726 561 963 628 ἐπινοήσει
982 561 1131 614 τόπον
1149 560 1179 627 ὴ
1195 562 1624 631 Χωρεπισκόπουῆ
1647 569 1813 632 Πρεσ-

408 645 612 714 βυτέρου
638 645 753 714 ὑπὲρ
780 652 865 698 τοῦ
897 647 947 697 ἐν
970 648 1038 716 τῷ
1071 646 1236 718 κλήρῳ
1263 647 1390 703 ὅλως
1414 650 1565 701 δοκεῖν
1589 646 1716 713 εἶναι,
1738 649 1815 701 ἵνα
1828 662 1851 702 5

456 728 470 745 ἱ
512 731 524 746 ⁵
612 734 632 744 ⁶-
711 731 722 745 Ι
869 729 882 747 Ι
935 731 946 748 1
1042 731 1054 749 Ι
1266 729 1287 750 '2'

408 752 475 794 μη
500 753 549 781 εν
573 754 632 799 τῃ
659 737 798 783 πόλει
824 733 910 782 δυο
951 734 1226 784 Επισκοποι
1249 755 1387 784 ωσιν.

924 891 1196 943 ΚΑΝΩΝ
1241 892 1302 944 Θ.

485 984 552 1038 Εἴ
569 1007 690 1041 τινες
713 982 1042 1053 ἀνεξετάστως
1068 985 1388 1056 προήχθησαν
1415 987 1757 1057 Πρεσβύτεροι,
1783 986 1814 1055 ἢ

408 1068 759 1139 ἀνακρινόμενοι
801 1069 1130 1138 ὡμολόγησαν
1179 1070 1240 1124 τὰ
1288 1072 1594 1142 ἡμαρτήμενα
1636 1075 1811 1139 αὐτοῖς,

406 1157 484 1208 καὶ
525 1154 939 1222 ὁμολογησάντων
976 1156 1134 1208 αὐτῶν
1173 1155 1306 1225 παρὰ
1347 1156 1522 1210 κανόνα
1554 1157 1814 1225 κινούμενοι
1831 1185 1880 1211 ιο

407 1244 451 1293 οὶ
489 1241 744 1309 ἄνθρωποι,
782 1245 881 1296 τοῖς
917 1239 1147 1296 τοιούτοις
1179 1246 1314 1310 χεῖρα
1347 1243 1670 1307 ἐπιτεθείκασι,
1699 1241 1811 1296 τού-

405 1349 516 1382 τους
541 1327 567 1378 ὁ
591 1324 750 1378 κανὼν
781 1326 837 1377 οὐ
859 1326 1126 1393 mooe-[erac
1167 1325 1223 1378 τὸ
1256 1325 1353 1395 γὰρ
1386 1329 1710 1394 ἀνεπίληπτον
1735 1329 1809 1381 ἐκ-

406 1413 524 1464 δικεῖ
543 1411 573 1476 ἡ
598 1414 829 1476 καθολικη
854 1411 1144 1476 Ἐκκλησία.

928 1572 1208 1623 ΚΑΝΩΝ
1249 1574 1288 1623 Ι.

471 1669 627 1725 “Οσοι
644 1673 1076 1742 προεχειρίσθησαν
1096 1675 1197 1724 τῶν
1217 1673 1666 1741 παραπεπτωκότων
1690 1676 1811 1730 κατὰ
1829 1694 1875 1733 15

404 1758 617 1825 ἄγνοιαν,
667 1756 697 1824 ἢ

748 1760 825 1811 καὶ
881 1754 1168 1826 προειδότων
1217 1762 1314 1810 τῶν
1361 1761 1810 1830 προχειρισαμένων,

402 1850 544 1897 τοῦτο
586 1845 642 1896 οὐ
681 1844 919 1913 προκρίνει
961 1846 1031 1914 τῷ
1081 1841 1242 1895 κανόνι
1291 1846 1360 1915 τῷ
1401 1846 1806 1919 ἐκκλησιαστικῷ,

402 1929 699 1997 γνωσθέντες
723 1927 820 1998 γὰρ
845 1931 1193 1997 καθαιροῦνται.

402 2067 469 2119 qui
488 2067 710 2107 nominatur
723 2067 826 2119 apud
841 2080 905 2106 eos
920 2066 1077 2119 Episco-

400 2135 485 2173 pus,
515 2122 702 2161 honorem
730 2122 961 2173 Presbyterii
991 2135 1078 2172 pos-

400 2176 552 2224 sidebit,
568 2176 641 2214 nisi
661 2176 759 2215 forte
779 2176 966 2227 placuerit
986 2175 1078 2226 Epi-

400 2244 516 2282 scopo
536 2230 702 2269 nominis
721 2243 809 2269 cum
828 2230 973 2269 honore
992 2243 1078 2268 cen·

398 2286 484 2323 seri.
526 2285 567 2324 Si
582 2298 672 2323 vero
687 2284 759 2323 hoc
771 2284 804 2323 ei
824 2284 982 2323 minime
997 2283 1076 2334 pla-

400 2339 533 2387 cuerit,
556 2338 774 2391 providebit
802 2338 835 2377 ei
862 2345 930 2377 aut
956 2338 1076 2377 Chor-

399 2394 641 2445 episcopatus
668 2398 736 2431 aut
760 2392 991 2444 Presbyterii
1022 2393 1076 2431 lo-

398 2461 497 2496 cum,
525 2453 571 2487 ut
603 2448 642 2486 in
673 2447 774 2486 clero
807 2460 963 2498 prorsus
995 2459 1076 2486 esse

398 2502 584 2550 videatur,
623 2515 670 2541 ne
717 2501 756 2540 in
803 2514 880 2540 una
920 2500 1075 2540 civitate

399 2557 476 2595 ‹luo
509 2555 689 2608 Episcopi
727 2556 939 2607 probentur
977 2555 1075 2594 exis-

399 2617 491 2649 tere.

589 2681 656 2720 CA
664 2682 782 2721 NON
813 2682 882 2720 IX.

454 2767 493 2804 Si
528 2767 592 2818 qui
627 2767 840 2819 Presbyteri
873 2767 955 2806 sine
988 2780 1075 2805 exa-

399 2821 501 2859 mine
530 2827 619 2860 nunt
649 2822 829 2872 provecti,
857 2822 927 2869 vel,
956 2834 1074 2873 qutun

1133 2066 1426 2117 discuterentur,
1446 2074 1602 2121 peecata
1624 2084 1693 2111 sua
1720 2085 1809 2112 con-

1133 2121 1220 2160 fessi
1258 2127 1358 2171 sunt,
1389 2128 1428 2163 et
1465 2124 1638 2164 homines
1675 2132 1810 2167 contra

1134 2189 1297 2215 canones
1327 2179 1510 2218 commoti
1548 2193 1683 2219 manus
1720 2195 1808 2221 con-

1133 2230 1240 2269 fessis
1292 2231 1489 2282 imponere
1550 2238 1807 2284 tentaverunt,

1130 2285 1227 2323 tales
1254 2286 1388 2337 regula
1413 2300 1489 2325 non
1515 2288 1699 2337 admittit,
1719 2290 1810 2341 qnia

1131 2339 1234 2390 quod
1273 2339 1603 2391 irreprehensibile
1647 2348 1706 2383 est.
1749 2357 1809 2382 ca-

1130 2393 1272 2432 tholica
1290 2394 1460 2434 defendit
1479 2395 1658 2436 Ecclesia.

1333 2479 1528 2521 CANON
1556 2482 1602 2522 X.

1186 2550 1414 2602 Quicunque
1447 2553 1494 2592 de
1522 2553 1639 2606 lapsis
1668 2555 1717 2594 ad
1746 2570 1806 2595 or-

1130 2605 1259 2644 dinem
1274 2606 1363 2645 clcri
1377 2609 1544 2658 promoti
1556 2614 1648 2649 sunt
1662 2623 1731 2661 per
1750 2611 1806 2663 ig-

1072 2684 1075 2687 ·
1130 2660 1357 2709 norantium,
1377 2662 1436 2700 vel
1457 2675 1526 2713 per
1544 2664 1805 2704 ordinantium

1131 2715 1487 2764 dissimulationem,
1535 2716 1607 2756 hoc
1656 2718 1805 2758 ceclesi-

1130 2769 1270 2808 nstiene
1290 2783 1365 2808 non
1387 2770 1622 2822 praejudicat
1640 2773 1804 2823 regulae,

1130 2823 1272 2874 cogniti
1295 2837 1457 2876 namquo
1476 2826 1726 2877 deponantur.
