2034 3204
429 248 748 292 EPISTOLA
785 247 874 290 AD
912 248 955 290 S.
978 247 1382 291 CYPRIANUM.
1521 248 1608 290 243

205 356 440 416 peribunt,
469 357 563 404 nisi
589 358 650 404 ad
685 358 879 405 unicum
903 363 951 404 et
982 360 1189 404 salutare
1214 356 1457 404 Ecclesiae
1480 358 1609 403 lava-

205 449 339 479 crum
363 449 448 494 per
470 435 812 494 poenitentiam
835 441 1188 482 convertantur.

273 510 392 556 XII.
429 511 597 565 Qualis
629 528 740 558 vero
763 527 896 559 error
926 513 1004 567 sit,
1028 519 1076 559 et
1106 519 1286 573 quanta
1313 512 1378 558 sit
1405 512 1606 559 caecitas
1620 522 1776 608 Εοοιοεξὲ

1619 577 1719 608 super
1777 583 1788 589 -

204 587 308 648 ejus
339 587 424 647 qui
458 589 782 636 remissionem
818 596 1119 651 peccatorum
1150 590 1266 636 dicit
1300 591 1427 651 apud
1463 606 1607 651 syna·
1619 613 1706 641 mm
1722 609 1797 640 0015-

165 678 352 725 5g0gas
376 665 721 713 haereticorum
743 667 850 714 dari
873 683 1022 728 posse,
1046 684 1130 714 nec
1153 675 1400 728 permanet
1423 667 1474 713 in
1498 668 1607 713 fun-
1617 653 1805 739 ffibfflm

202 741 426 788 damento
449 743 592 790 unius
612 744 866 799 Ecclesiae,
884 761 1006 805 quae
1029 747 1172 791 semel
1195 761 1225 791 a
1242 745 1438 791 Christo
1460 760 1606 804 supra
1618 740 1819 815 gssffi‘issom·

202 824 387 878 petram
423 820 623 867 solidata
651 828 738 876 est,
773 822 886 869 hinc
920 821 1126 884 intelligi
1160 827 1332 883 potest,
1354 823 1482 881 quod
1517 821 1606 867 soli
1618 828 1788 859 mendam·

205 896 349 943 Petro
386 897 608 945 Christus
642 900 831 954 dixerit,
872 899 1174 962 Quaecunque
1218 898 1434 962 liqaveris
1469 914 1722 960 supermae,
1741 919 1808 951 xvi.

203 978 389 1029 terram,
424 982 558 1022 erunt
590 975 733 1040 Ziyata
768 984 809 1024 et
846 977 896 1023 in
932 976 1100 1032 coclis‚·
1135 983 1177 1023 et
1200 991 1491 1038 quaecunque
1516 973 1671 1022 sol-¹⁹·

143 1077 191 1103 10
204 1052 323 1098 veris
356 1068 494 1115 super
525 1059 710 1108 terram,
746 1061 879 1102 erunt
915 1054 1062 1101 selecta
1092 1060 1134 1100 et
1166 1054 1215 1099 in
1245 1052 1380 1100 coelis
1395 1069 1410 1106 ‚·
1447 1060 1494 1099 et
1522 1054 1609 1100 ite-

202 1144 311 1175 rum
341 1130 392 1176 in
422 1131 691 1194 Evangelio
713 1134 905 1193 quando
930 1133 980 1179 in
1016 1134 1139 1178 solos
1163 1131 1420 1192 Apostolos
1455 1132 1610 1178 insuf-

203 1206 340 1254 flavit
374 1208 610 1262 ChristuS‚
643 1210 817 1264 dicens,
842 1209 1055 1272 Accipite
1088 1209 1322 1272 Spiritum
1355 1208 1576 1256 Sanctum
1594 1226 1815 1262 ,·J0.xx.n.

202 1284 246 1329 si·
291 1284 417 1345 cujus
463 1286 735 1332 remiseritis
775 1293 977 1348 peccata,
1018 1287 1307 1334 remittentur
1345 1284 1418 1332 illi
1430 1303 1447 1338 ,·
1486 1292 1529 1333 et
1567 1287 1610 1332 si

204 1361 331 1423 cujus
366 1363 615 1417 tenum-iti&
645 1362 924 1410 tenebuntur.
998 1365 1216 1410 Potestas
1251 1379 1365 1426 ergo
1399 1371 1611 1423 peccato-

143 1454 313 1496 15⁴1⁸um
349 1439 743 1486 remittendorum
773 1439 1020 1500 Apostolis
1043 1441 1156 1486 data
1188 1446 1274 1494 est,
1303 1447 1350 1485 et
1383 1440 1611 1487 Ecclesiis

202 1531 321 1576 quas
356 1516 428 1562 illi
458 1533 486 1562 a
510 1517 706 1563 Christo
729 1516 863 1564 missi
895 1517 1260 1570 constituerunt,
1285 1525 1332 1564 et
1357 1518 1611 1579 Episcopis

200 1593 286 1653 qui
332 1593 401 1640 eis
447 1594 747 1640 ordinatione
793 1595 971 1641 vicaria
1019 1602 1360 1642 successerunt.
1434 1596 1611 1641 Hostes

201 1676 361 1716 autem
385 1671 528 1716 unius
551 1671 811 1717 catholicae
841 1672 1084 1718 Ecclesiae
1117 1672 1163 1718 in
1190 1689 1285 1733 qua
1311 1688 1396 1718 nos
1427 1688 1610 1724 sumuS‚

202 1753 250 1793 et
272 1748 534 1794 adversarii
559 1748 707 1795 nostri
733 1748 818 1808 qui
837 1748 1084 1808 Apostolis
1108 1750 1434 1804 successimuS,
1460 1765 1611 1795 sacer-

139 1853 190 1879 20
203 1827 335 1873 dotia
365 1827 457 1872 sibi
493 1827 659 1874 illicita
697 1834 862 1873 contra
891 1843 976 1872 nos
1006 1827 1320 1883 vindicanteS‚
1356 1835 1403 1874 et
1440 1828 1610 1873 altaria

203 1905 404 1964 profana
438 1911 680 1965 ponentes,
713 1905 828 1965 quid
867 1905 998 1951 aliud
1037 1912 1150 1951 sunt
1187 1921 1330 1966 quam
1372 1906 1529 1951 Chore
1563 1913 1610 1951 et

202 1982 399 2028 Dathan
431 1989 480 2028 et
502 1982 707 2037 Abiron,
742 1983 849 2043 pari
884 1985 1055 2028 scelere
1091 1983 1330 2045 sacrilegi,
1352 1990 1399 2028 et
1422 1985 1610 2029 easdem

201 2075 321 2120 quas
352 2066 399 2106 et
427 2059 498 2106 illi
534 2076 708 2120 poenas
736 2060 898 2106 daturi
926 2076 1035 2106 cum
1061 2060 1135 2106 his
1171 2061 1254 2120 qui
1290 2061 1382 2106 sibi
1414 2077 1610 2107 consen-

202 2137 369 2184 tiunt?
401 2138 658 2184 secundum
680 2139 806 2198 quod
833 2138 977 2183 etiam
997 2144 1111 2183 tunc
1136 2138 1325 2183 illorum
1354 2138 1609 2198 participes

139 2233 188 2272 25
201 2221 250 2261 et
283 2215 494 2261 fautores
530 2215 635 2275 pari
672 2231 779 2261 cum
818 2215 886 2260 eis
923 2221 1075 2260 morte
1116 2215 1375 2275 perierunt.
1445 2216 1610 2275 Atque

201 2309 290 2356 ego
314 2293 363 2339 in
395 2294 484 2339 hac
519 2300 654 2353 parte
681 2294 812 2354 juste
849 2293 1075 2353 indignor
1105 2295 1165 2338 ad
1201 2294 1323 2338 hanc
1352 2299 1449 2339 tam
1475 2309 1611 2353 aper-

202 2377 300 2416 tam
341 2377 389 2416 et
426 2370 729 2416 manifestam
771 2370 1004 2430 Stephani
1046 2370 1319 2421 stultitiam,
1358 2372 1484 2430 quod
1523 2372 1607 2430 qui

201 2449 268 2494 sic
299 2450 358 2494 de
394 2448 712 2507 Episcopatus
748 2448 823 2493 sui
855 2449 957 2493 loco
992 2448 1229 2509 gloriatur
1265 2454 1311 2492 et
1343 2464 1392 2493 se
1429 2464 1610 2494 succes-

201 2526 382 2571 sionem
421 2525 552 2570 Petri
589 2531 750 2570 tenere
786 2525 1044 2577 contendit,
1083 2541 1226 2584 super
1261 2540 1403 2583 quem
1435 2525 1608 2570 funda-

138 2630 189 2666 30
202 2609 364 2649 menta
400 2602 640 2647 Ecclesiae
674 2604 900 2647 collocata
928 2608 1053 2654 sunt,
1084 2604 1260 2647 multas
1296 2602 1415 2647 alias
1447 2610 1606 2661 petras

202 2681 412 2733 inducat,
457 2686 505 2725 et
551 2679 875 2725 Ecclesiarum
922 2681 1182 2724 mult-arum
1221 2694 1347 2724 nova
1391 2679 1606 2725 aedificia

201 2756 474 2811 constituat,
509 2758 624 2802 dum
659 2772 760 2802 esse
795 2756 892 2801 illic
930 2757 1167 2816 baptisma
1204 2771 1291 2802 sua
1322 2757 1606 2803 auctoritate

201 2834 425 2880 defendit.
478 2834 604 2879 Nam
623 2834 705 2893 qui
731 2833 1054 2893 baptizantur,
1073 2835 1309 2893 complent
1333 2834 1435 2879 sine
1458 2834 1605 2880 dubio

866 2923 892 2950 R
918 2922 936 2949 2
1557 2915 1566 2925 '
