2034 3204
383 198 660 243 NICAENI
705 199 1004 243 CONCILII
1043 199 1494 245 UNIVERSALIS.
1567 201 1659 246 377

748 365 1018 416 ΚΑΝΩΝ
1064 366 1153 416 ΙΑ.

341 466 460 533 Περὶ
499 469 596 519 τῶν
631 464 976 568 παραβάντων
992 467 1138 536 χωρὶς
1176 463 1404 532 ἀνάγκης,
1444 463 1474 530 ἢ
1514 466 1659 534 χωρὶς

256 549 554 621 ἀφαιρέσεως
588 551 919 620 ὑπαρχόντων,
951 548 982 616 ἢ
1015 574 1162 621 χωρις
1197 549 1434 614 κινδύνου,
1468 549 1505 615 ἥ
1531 573 1661 606 τινος

253 633 486 699 τοιούτου,
535 660 562 688 o
610 634 804 703 γέγονεν
851 636 925 688 ἐπὶ
973 639 1058 702 τῆς
1104 636 1378 704 τυραννίδος
1428 636 1657 700 Λικινίου,

219 718 386 788 5ἕδοξε
410 723 471 790 τῇ
498 721 710 792 Συνόδῳ,
737 724 775 773 εἰ
800 723 877 774 καὶ
902 719 1089 790 ἀνάξιοι
1120 719 1250 787 ἦσαν
1275 722 1657 792 φιλανθρωπίας,

255 803 382 870 ὅμως
418 805 816 875 χρηστεύσασθαι
853 809 916 862 εἰς
950 805 1136 862 αὐτούς·
1180 805 1288 859 ὅσοι
1325 806 1411 859 οὖν
1447 806 1662 874 γνησίως

252 895 624 956 μεταμελῶνται,
665 890 771 959 τρία
812 890 892 957 ἔτη
930 892 980 943 ἐν
1019 891 1333 960 ἀκροωμένοις
1367 890 1661 958 ποιήσουσιν

254 977 299 1027 οἱ
334 978 516 1041 πιστοὶ,
557 978 635 1028 καὶ
670 975 791 1029 ἑπτὰ
827 976 906 1042 ἕτη
955 978 1326 1041 ὑποπεσοῦνται,
1368 976 1453 1030 δύο
1491 976 1541 1030 δὲ
1578 978 1660 1043 ἔτη

252 1061 398 1129 χωρὶς
431 1064 721 1132 προσφορᾶς
753 1059 1102 1127 κοινωνήσουσι
1132 1063 1200 1132 τῷ
1235 1063 1341 1133 λαῷ
1374 1066 1471 1115 τῶν
1495 1086 1655 1131 προσ-

194 1170 210 1195 1
218 1170 242 1195 0
253 1149 421 1215 ευχῶν.

762 1264 1032 1315 ΚΑΝΩΝ
1082 1263 1167 1315 IB.

328 1360 394 1411 Οἱ
425 1357 474 1411 δὲ
502 1357 886 1426 προσκληθέντες
914 1358 1000 1423 μὲν
1026 1358 1118 1412 ὑπὸ
1142 1361 1228 1426 τῆς
1250 1358 1444 1430 χάριτος
1468 1361 1544 1413 καὶ
1568 1358 1658 1426 τὴν

250 1442 446 1512 πρώτην
481 1440 632 1511 ὁρμὴν
659 1440 987 1511 ἐνδειξάμενοι,
1020 1446 1096 1496 καὶ
1134 1444 1411 1510 ἀποθέμενοι
1444 1445 1531 1502 τὰς
1564 1444 1653 1513 ζώ-

252 1551 352 1593 νας,
387 1526 505 1593 μετὰ
542 1527 591 1580 δὲ
627 1532 780 1580 ταῦτα
814 1528 889 1581 ἐπὶ
925 1528 1011 1582 τὸν
1049 1532 1217 1582 οἰκεῖον
1250 1529 1413 1596 ἔμετον
1446 1532 1654 1600 ἀναδρα-

192 1610 418 1679 ι5μόντες
442 1614 507 1669 ὡς
531 1610 682 1677 κύνες,
711 1610 777 1668 ὥς
800 1636 932 1669 τινας
956 1615 1034 1666 καὶ
1063 1614 1268 1685 ἀργύρια
1302 1615 1549 1685 πρόεσθαι,
1580 1618 1658 1669 καὶ

250 1699 530 1769 βενεφικίοις
565 1699 882 1766 κατορθῶσαί
902 1697 958 1751 τὸ
992 1700 1494 1769 ἀναστρατεύσασθαι,
1529 1701 1658 1754 οὗτοι

252 1782 364 1835 δέκα
386 1783 467 1849 ἔτη
493 1782 914 1847 ὑπωτιπτέτωσαν,
935 1784 1054 1849 μετὰ
1078 1783 1163 1838 τὸν
1180 1788 1266 1852 τῆς
1283 1792 1492 1855 τριετοῦς
1515 1788 1658 1855 ἀκρο-

251 1866 408 1924 άσεως
436 1866 626 1938 χρόνον.

442 2017 635 2058 CANON
664 2018 736 2057 XI.

310 2073 370 2111 De
388 2073 459 2121 his,
471 2073 537 2124 qui
556 2077 708 2124 praeter
726 2074 927 2113 necessita-

251 2131 333 2166 tem
352 2127 601 2178 praevaricati
616 2132 718 2175 sunt,
732 2132 800 2167 aut
818 2142 926 2179 prae-

252 2186 313 2220 ter
339 2181 572 2220 ablationem
598 2181 835 2230 facultatum,
858 2187 926 2221 aut

253 2241 406 2287 praeter
437 2235 660 2286 perieulum,
690 2236 751 2274 vel
783 2237 928 2288 aliquid

253 2290 484 2341 hujusmodi,
531 2290 635 2341 quod
680 2290 823 2330 factum
870 2296 929 2330 est

253 2345 325 2382 sub
361 2343 564 2394 tyrannide
602 2344 751 2393 Licinii,
784 2345 928 2396 placuit

255 2398 421 2449 Synodo,
469 2398 643 2449 quamvis
690 2398 928 2438 humanitate

253 2453 466 2503 probentur
479 2451 640 2503 indigni,
650 2456 781 2491 tamen
795 2453 849 2492 eis
862 2454 928 2492 be-

253 2506 511 2545 nevolentiam
532 2507 776 2545 commodari.
834 2507 928 2557 Qui-

253 2573 403 2611 cunque
444 2573 536 2611 ergo
574 2561 762 2599 veraciter
797 2561 928 2612 poeni-

252 2615 429 2653 tudinem
466 2618 616 2665 gerunt,
652 2615 778 2654 tribus
819 2615 928 2654 annis

253 2669 383 2708 fideles
410 2668 512 2707 inter
537 2668 735 2707 audientes
762 2670 926 2709 habean-

253 2728 329 2770 tur,
367 2726 406 2761 et
443 2735 511 2760 sex
547 2723 657 2761 annis
693 2722 800 2776 [Vid.
828 2721 923 2776 not]

253 2777 359 2815 omni
396 2790 435 2815 se
473 2776 703 2815 contritione
735 2778 926 2829 dejiciant,

252 2831 403 2870 duobus
427 2835 557 2869 autem
582 2831 691 2870 annis
715 2832 798 2871 sine
823 2832 927 2871 obla-

680 1867 793 1939 Ἐφ’
811 1866 968 1922 ἅπασι
993 1869 1043 1922 δὲ
1067 1868 1264 1935 τούτοις,
1288 1870 1521 1940 προσήκει
1554 1869 1656 1940 ἑξε-

980 2022 1086 2061 tione
1113 2024 1258 2075 populo
1286 2023 1327 2062 in
1354 2023 1528 2063 oratione
1555 2036 1659 2062 com-

980 2077 1187 2117 municent.

1159 2163 1353 2204 CANON
1383 2165 1480 2205 XII.

1038 2235 1267 2287 Quicunque
1303 2237 1430 2275 vocati
1467 2250 1537 2287 per
1572 2249 1659 2287 gra-

982 2289 1078 2328 tiam
1103 2290 1271 2341 primum
1290 2291 1447 2342 quidem
1468 2292 1659 2342 impetum

982 2350 1294 2384 monstraverunt
1321 2346 1556 2397 deponentes
1587 2344 1660 2382 mi-

982 2398 1088 2437 litiae
1148 2399 1356 2450 cingulum,
1410 2400 1659 2451 postmodum

981 2466 1074 2492 vero
1121 2453 1171 2491 ad
1221 2454 1423 2504 proprium
1467 2453 1660 2492 vomitum

983 2512 1073 2546 sunt
1100 2508 1250 2558 relapsi,
1279 2508 1335 2546 ita
1361 2513 1406 2547 ut
1433 2508 1591 2559 quidam
1619 2511 1659 2546 et

982 2561 1162 2612 pecunias
1205 2562 1431 2610 tribuerent,
1468 2567 1508 2600 et
1544 2563 1658 2600 bene-

982 2615 1078 2653 ficiis
1097 2615 1277 2654 militiam
1294 2620 1523 2667 repeterent,
1535 2616 1575 2653 hi
1590 2617 1657 2655 de-

981 2682 1064 2707 cem
1100 2669 1210 2707 annis
1245 2675 1334 2720 post
1369 2670 1526 2709 triennii
1558 2675 1657 2710 tem-

981 2736 1053 2774 pus
1081 2737 1157 2774 quo
1187 2723 1288 2762 inter
1315 2724 1513 2763 audientes
1542 2731 1656 2765 crunt

981 2778 1022 2815 in
1040 2778 1243 2816 afflictione
1261 2783 1521 2829 permaneant.
1579 2781 1656 2820 Sed

981 2831 1022 2870 in
1050 2831 1110 2870 his
1139 2832 1317 2871 omnibus
1346 2833 1588 2884 propositum
1615 2839 1656 2874 et
