2034 3204
437 275 522 315 354
826 272 829 275 ’
904 275 941 314 Α
950 270 1372 315 NNOTATIONES
1457 262 1460 264 ’

439 380 587 493 Μῗὶιὲἰέι
602 379 703 422 mihi
723 379 875 429 visam3
909 380 982 422 sed
1011 379 1054 421 in
1083 379 1164 421 alio
1184 378 1362 434 quodam
1386 375 1537 419 Codice
1566 388 1657 416 meo
1686 373 1841 431 legitur

438 453 486 479 in
585 439 726 480 itatis.

498 496 545 544 P,
566 496 666 551 306.
688 495 714 537 1.
732 507 797 536 11.
819 494 958 536 Vidua
981 500 1024 536 et
1051 492 1169 548 inops
1195 491 1239 533 in
1266 504 1392 548 opere
1420 488 1648 544 invenitur]
1683 489 1843 538 Vidua,

439 561 479 596 et
498 554 636 596 vidua
654 554 780 608 inops
798 552 935 600 rebus,
957 552 1076 593 dives
1095 551 1144 591 in
1162 563 1285 604 opere
1304 549 1534 591 invenitur.
1595 547 1662 589 Ita
1680 544 1843 588 restitui

438 611 550 653 hunc
579 611 714 653 locum
740 624 793 651 ex
816 609 898 650 fide
921 607 1082 650 Codicis
1107 605 1366 663 Burgundici
1394 612 1438 648 et
1466 604 1598 648 sancti
1622 602 1842 659 Arnulphi.
1857 620 1880 656 5

442 669 637 711 Ceterum
664 667 774 709 mala
800 681 883 708 non
910 671 973 708 est
998 664 1120 707 lectio
1142 662 1517 721 Gratianopolitani
1536 668 1580 705 et
1602 661 1723 704 unius
1749 660 1843 710 mei,

440 726 484 768 in
504 725 653 782 quibus
676 724 875 780 scriptum
895 728 983 765 est:
1021 723 1168 765 Vidua
1186 730 1226 765 et
1245 723 1370 778 inops
1391 735 1476 764 no‘n
1498 721 1637 763 vidua
1655 721 1704 762 in
1723 733 1846 775 opere

440 785 670 826 invenitur.
738 782 870 823 Porro
900 795 981 823 vox
1017 781 1159 836 larqa,
1191 794 1316 836 quam
1346 778 1592 822 Manutiana
1625 775 1751 820 editio
1784 775 1847 818 in-

441 840 583 889 seruit,
613 838 802 895 nuspiam
833 838 1042 895 reperitur
1071 837 1116 879 in
1144 837 1326 893 antiquis
1356 834 1662 902 exemplaribus
1695 833 1848 876 nostris

441 913 576 954 neque
596 897 639 939 in
660 896 910 953 Anglicania
943 895 1152 938 BALUZ.
1211 895 1323 937 Ante
1343 894 1558 937 Baluzlum
1577 891 1847 950 praestabant
1864 909 1912 933 10

442 956 543 998 editi
562 954 750 1012 plerique
769 955 908 996 vidua
921 962 961 996 et
975 955 1100 1009 inops
1114 954 1251 996 vidua
1265 954 1314 995 in
1333 966 1456 1008 opere
1472 952 1602 1007 larqa
1616 950 1846 993 invenitur.

443 1013 631 1056 Praetuli
659 1027 738 1070 ego
760 1011 958 1054 Codicum
989 1025 1175 1053 meorum
1204 1009 1453 1067 scripturam
1482 1022 1615 1065 paene
1641 1006 1847 1056 omnium;

443 1077 606 1113 tantum
637 1070 680 1112 in
713 1069 814 1112 Ood.
845 1068 955 1111 Novi
987 1067 1090 1111 Coll.
1119 1082 1136 1109 1
1173 1073 1216 1110 et
1246 1067 1290 1110 in
1319 1073 1497 1123 utroque
1527 1064 1739 1108 Druriano
1768 1078 1849 1107 vox

443 1130 582 1171 vidua
611 1127 791 1185 repetita
817 1132 893 1176 est,
918 1126 1018 1168 dum
1041 1127 1160 1169 dives
1183 1127 1232 1168 in
1257 1140 1380 1182 opere
1409 1129 1596 1181 praestat
1617 1122 1718 1166 eod.
1739 1121 1851 1165 Novi

446 1186 548 1229 coll.
573 1198 624 1236 2;
654 1185 698 1227 in
718 1184 885 1227 vocibus
912 1183 1021 1226 enim
1044 1185 1167 1240 inops
1193 1188 1236 1226 et
1259 1197 1382 1239 opere
1408 1182 1456 1225 fit
1481 1179 1782 1247 paronomasia,
1803 1184 1851 1223 ut
1867 1194 1914 1233 15

444 1244 636 1286 rhetores
654 1243 892 1299 loquuntur.
952 1240 1097 1284 Nescit
1115 1255 1258 1284 vocem
1279 1242 1409 1296 larqa
1429 1239 1555 1282 edltio
1575 1237 1751 1280 Erasmi.

505 1301 610 1344 Ibid.
632 1301 658 1343 l.
680 1302 744 1343 18.
768 1299 958 1343 Christus
977 1298 1080 1341 illud
1098 1299 1182 1342 Dei
1201 1300 1319 1341 dona
1337 1297 1537 1355 appellat]
1567 1295 1851 1339 Referendum

445 1359 610 1402 videtur
629 1359 744 1401 illud
763 1357 819 1400 ad
868 1356 1180 1414 azophylacium
1200 1370 1339 1413 supra,
1359 1370 1400 1412 p.
1416 1366 1502 1412 305
1522 1355 1549 1396 l.
1565 1354 1641 1396 ult.

505 1418 552 1459 P.
573 1416 721 1482 3091.
742 1428 813 1472 32.
884 1421 902 1457 t
932 1429 1053 1464 nunc,
1084 1414 1154 1463 fili,
1185 1413 1336 1456 mando
1363 1412 1462 1470 &c.]
1494 1412 1563 1455 Ad
1592 1425 1709 1454 oram
1738 1409 1853 1453 Msti

447 1474 648 1517 Druriam
677 1472 920 1516 recentioris
939 1471 1103 1529 scripsit
1131 1471 1337 1521 librarius,
1357 1471 1581 1514 Mandata
1607 1469 1766 1512 Tobiae
1791 1468 1854 1510 ad
1869 1483 1918 1507 20

437 1534 558 1588 filios
583 1532 886 1583 saluberrima.
949 1530 1051 1572 Mox
1080 1544 1158 1585 pro
1178 1528 1344 1572 vocibus
1367 1530 1416 1571 in
1442 1529 1678 1584 qehennam
1706 1524 1854 1568 substi-

446 1596 587 1633 tuerat
608 1604 659 1631 ex
676 1587 894 1631 Codicibus
910 1587 1044 1630 MStis
1058 1587 1196 1629 Fellus
1217 1588 1264 1628 in
1286 1587 1491 1636 tenebras,
1513 1585 1587 1627 sed
1607 1583 1731 1627 etiam
1758 1582 1854 1626 libri

448 1655 596 1760 serpit}
610 1653 719 1746 :gtelr
731 1645 1265 1767 {glaliialdi‘iigaaxitlssajorum
1285 1700 1602 1758 magistratuum
1618 1699 1796 1742 honores
1812 1704 1855 1741 et

449 1763 656 1876 insiffnssi}
687 1758 1654 1871 ⁶1³⁴{Z'230³ffiteiffissuilffiss‘sfffflssssfflj
1678 1757 1840 1858 {31}ss
1870 1765 1918 1803 ²⁵

450 1878 505 1921 ad
533 1878 768 1920 Donatum:
803 1881 813 1898 ‘
830 1875 968 1918 Stulta
1002 1889 1172 1932 prorsus
1201 1879 1244 1916 et
1273 1887 1380 1916 vana
1408 1872 1587 1930 jactura,
1617 1872 1856 1916 frustrantis

452 1943 462 1959 ‘
479 1934 701 1993 spectaculi
732 1933 943 1989 voluptate
973 1932 1016 1974 id
1046 1946 1198 1989 parare
1220 1930 1409 1979 voluisse,
1437 1930 1549 1987 quod
1577 1944 1653 1973 nec
1682 1930 1857 1987 populus

452 2001 462 2018 ‘
479 1994 699 2059 acciperet,
721 1998 764 2034 et
783 1990 980 2048 perderet
998 1989 1291 2055 magistratus!
1322 1988 1483 2031 FELL.

511 2051 618 2094 lb1d.
641 2050 669 2092 l.
693 2050 758 2091 28.
781 2053 824 2091 et
843 2048 912 2091 vix
933 2047 995 2091 tui
1015 2062 1115 2090 mels
1138 2046 1409 2105 pereuntibus
1428 2044 1736 2103 adaequantur]
1768 2045 1858 2088 Nu-
1870 2061 1922 2098 30
1989 2054 2001 2067 ⁶

451 2124 581 2158 mero,
603 2114 649 2150 ut
669 2122 764 2149 mox
785 2111 975 2163 apparet.

512 2167 558 2209 P.
580 2179 678 2222 3¹4·
701 2165 727 2207 l.
753 2177 819 2220 25.
840 2162 1119 2220 aequalitatis]
1145 2162 1212 2204 Ita
1233 2162 1430 2204 Erasmus
1460 2166 1504 2203 et
1529 2159 1599 2203 alii
1625 2165 1719 2217 post
1749 2174 1856 2204 eum.

452 2223 579 2267 Nolui
613 2229 751 2265 autem
787 2227 962 2271 mutare,
999 2219 1185 2286 quamvis
1219 2219 1261 2261 in
1297 2219 1484 2261 omnibus
1517 2218 1606 2261 fere
1642 2217 1859 2261 Codicibus

453 2280 632 2338 antiquis
663 2287 706 2323 et
736 2279 778 2322 in
807 2278 1100 2322 vetustiombus
1131 2276 1379 2320 editionibus
1412 2276 1451 2319 le
1482 2282 1577 2318 atur
1607 2277 1855 2332 aequitatis.

455 2339 661 2382 BALUZ.
723 2338 854 2379 Recte
884 2341 1099 2393 praestant
1128 2336 1412 2391 aequalitatis
1437 2290 1537 2377 ἐοά.
1563 2332 1670 2375 Νονί
1693 2332 1795 2376 Coll.
1820 2346 1858 2382 2,
1873 2353 1922 2390 35

454 2404 497 2440 et
525 2397 616 2440 MS.
645 2410 760 2438 meus
790 2409 844 2436 nu
876 2408 922 2436 er
954 2394 1260 2442 Tewateranus,
1293 2407 1383 2434 cum
1414 2390 1634 2433 recentiori
1664 2405 1716 2433 ex
1747 2390 1859 2433 Dru-

454 2455 595 2498 rianis.
663 2452 822 2504 Quibus
869 2451 967 2494 ‘bris
997 2450 1254 2493 simul'addo
1283 2449 1393 2492 Flori
1426 2447 1713 2506 Lugdunensis
1739 2447 1859 2491 Com-

455 2510 701 2555 mentarium
733 2524 859 2567 pones
880 2524 945 2551 me
966 2507 1178 2557 ineditum,
1200 2522 1322 2564 quem
1344 2506 1458 2564 prius
1479 2505 1714 2555 memoravi,
1737 2520 1860 2563 super

456 2569 662 2628 Epistolas
684 2567 888 2610 l‘aulinas.
949 2565 1143 2608 Proxime
1164 2565 1386 2622 scripserat
1405 2570 1562 2613 auctor,
1584 2564 1836 2620 aequaliter.

517 2629 561 2670 P.
583 2639 682 2692 315.
706 2626 730 2668 1.
753 2638 813 2668 ιο.
845 2624 1065 2667 Praeclara
1092 2629 1135 2666 et
1158 2623 1297 2666 divina
1322 2622 1405 2679 ros]
1438 2621 1586 2665 Melius
1616 2621 1861 2678 procederet
1876 2637 1926 2671 40

456 2684 601 2733 oratio,
624 2698 655 2726 sn
680 2683 889 2739 legeretur
909 2697 976 2725 ree
997 2689 1070 2725 est.

518 2742 620 2786 lbid.
639 2741 664 2783 l.
685 2754 751 2797 25.
780 2739 878 2782 Dies
899 2754 972 2782 nos
994 2739 1057 2782 vol
1078 2737 1311 2794 reditionis]
1347 2738 1452 2780 Dies
1471 2752 1547 2780 nos
1567 2736 1634 2779 vel
1656 2736 1861 2779 redditio-

456 2801 537 2842 nis.
588 2797 881 2846 Tertullianus,
899 2797 951 2840 dc
972 2798 1211 2840 Resurrect.
1229 2795 1376 2838 Carnis
1396 2809 1431 2837 c.
1478 2807 1515 2843 2,
1536 2794 1862 2837 redhibitionem

458 2857 584 2914 ponit.
648 2855 797 2899 Altera
827 2854 947 2897 lectio
977 2868 1084 2911 quae
1114 2855 1365 2897 reditionem
1396 2852 1534 2901 hamt,
1568 2850 1749 2909 Rigaltio
1781 2864 1860 2893 non

458 2913 667 2971 displicet:
703 2919 747 2955 ut
776 2911 960 2961 ‘roditim
987 2925 1093 2968 quac
1123 2919 1351 2968 spontanea
1382 2909 1557 2958 videtur,
1588 2907 1860 2965 persecutioni
1876 2923 1925 2959 45
