2034 3204
498 205 584 247 DE
627 204 982 248 IDOLORUM
1026 204 1383 246 VANITATE.
1557 204 1639 247 271

239 320 393 362 mater
415 314 574 370 Idaea,
589 321 637 361 et
650 314 896 377 Aegyptia
918 320 1153 374 portenta,
1169 329 1265 360 non
1289 313 1502 367 numina,
1521 328 1644 372 quae

238 393 406 454 utique
429 393 470 438 si
494 393 611 453 quid
645 392 894 453 potestatis
925 392 1219 444 habuissent,
1243 406 1332 437 sua
1362 406 1416 437 ac
1447 406 1645 436 suorum

239 486 387 532 regna
432 476 713 516 servassent.
785 470 935 515 Plane
975 474 1089 515 sunt
1134 468 1262 527 apud
1310 467 1553 512 Romanos
1598 472 1646 510 et

239 547 355 594 victi
381 547 596 602 Penates,
615 563 734 608 quos
758 545 947 593 Aeneas
970 545 1202 608 profugus
1226 544 1434 590 advexit.
1482 543 1576 589 Est
1598 549 1646 588 et

203 626 406 674 5Venus
446 628 593 679 calva,
629 627 781 672 multo
818 625 897 671 hic
934 623 1124 685 turpius
1162 624 1298 670 calva
1331 637 1476 682 quam
1517 621 1646 680 apud

240 703 508 750 Homerum
532 706 795 750 vulnerata.

308 781 402 828 III.
439 781 610 844 Regna
636 787 797 827 autem
829 796 924 826 non
955 779 1125 826 merito
1148 778 1385 832 accidunt,
1410 777 1490 822 sed
1520 783 1646 822 sorte
1660 784 1779 835 Regna
1794 784 1854 816 mi-

239 859 502 906 variantur.
573 857 796 904 Ceterum
842 857 1098 918 imperium
1144 862 1255 903 ante
1302 859 1560 900 tenuerunt
1599 859 1647 900 et
1659 840 1788 904 ssinum

1683 839 1748 860 une
1764 829 1836 860 Nu-

1661 918 1800 948 istorum
1813 916 1867 948 be-

239 936 433 998 Assyrii
463 942 512 982 et
536 936 723 990 Persae,
747 942 795 981 et
819 935 1022 981 Graecos
1051 941 1099 980 et
1123 932 1392 996 Aegyptios
1424 947 1648 994 regnasse
1661 961 1779 992 „oficio
1792 971 1867 992 σου,

180 1030 228 1056 10
240 1014 563 1076 cognovimus.
634 1013 712 1060 Ita
756 1012 940 1059 vicibus
997 1018 1286 1072 potestatum
1334 1009 1648 1063 variantibus,

241 1091 474 1138 Romanis
510 1107 700 1152 quoque
746 1098 801 1137 ut
846 1098 894 1137 et
939 1090 1107 1138 ceteris
1147 1088 1417 1150 imperandi
1459 1094 1648 1147 tempus

241 1169 448 1215 obvenit.
519 1169 743 1216 Ceterum
768 1168 809 1214 si
834 1169 891 1214 ad
918 1168 1153 1231 originem
1183 1169 1362 1220 redeas,
1382 1166 1646 1212 erubescas.

243 1246 457 1306 Populus
491 1248 550 1293 de
585 1245 823 1293 sceleratis
854 1251 903 1292 et
936 1245 1217 1291 nocentibus
1241 1249 1576 1306 congregatur,
1601 1248 1650 1288 et

241 1325 374 1385 asylo
397 1324 658 1370 constituto
671 1323 788 1370 facit
811 1338 1063 1369 numerum
1090 1322 1354 1382 impunitas
1372 1320 1647 1367 criminum.

181 1414 227 1453 15
243 1400 385 1446 Nunc
422 1408 476 1446 ut
510 1416 593 1446 rex
628 1400 730 1460 ipse
764 1399 1090 1459 principatum
1124 1399 1300 1445 habeat
1334 1400 1396 1444 ad
1430 1396 1648 1451 crimina,

241 1477 296 1524 fit
338 1479 574 1524 Romulus
611 1477 863 1538 parricida,
896 1485 1040 1538 atque
1082 1484 1137 1523 ut
1178 1474 1541 1522 matrimonium
1578 1476 1650 1522 fa-

240 1556 381 1611 ciant,
417 1571 518 1602 rem
562 1556 838 1602 concordiae
885 1571 970 1616 per
1014 1554 1276 1601 discordias
1322 1554 1648 1614 auspicantur.

241 1633 475 1695 Rapiunt,
506 1633 755 1687 ferociunt,
788 1634 964 1680 fallunt
999 1634 1057 1679 ad
1094 1633 1277 1693 copiam
1315 1630 1528 1677 civitatis
1564 1646 1651 1676 au-

239 1713 463 1774 gendum.
535 1711 750 1771 Nuptiae
783 1717 897 1757 sunt
925 1710 1020 1756 illis
1053 1717 1196 1770 rupta
1227 1709 1425 1770 hospitii
1457 1708 1650 1754 foedera

179 1807 229 1832 20
241 1795 289 1836 et
311 1805 420 1835 cum
451 1789 624 1836 soceris
658 1789 782 1835 bella
808 1790 1032 1834 crudelia.
1103 1788 1195 1834 Est
1226 1794 1273 1834 et
1305 1788 1484 1849 gradus
1519 1802 1648 1832 sum-

241 1883 349 1913 mus
373 1867 424 1913 in
450 1867 682 1913 Romanis
712 1866 973 1913 honoribus
1005 1868 1306 1912 consulatus:
1342 1865 1410 1911 sic
1434 1866 1650 1910 consula-

242 1951 345 1991 tum
380 1945 588 2005 coepisse
611 1944 828 1990 videmus
863 1951 919 1990 ut
954 1959 1170 2007 regnum.
1242 1943 1394 1989 Filios
1423 1940 1651 1988 interficit

242 2023 426 2069 Brutus
450 2029 504 2069 ut
527 2029 706 2070 crescat
729 2024 787 2068 de
815 2021 1048 2084 suffragio
1083 2021 1270 2067 sceleris
1303 2019 1652 2067 commendatio

242 2100 508 2163 dignitatis.
569 2100 682 2146 Non
708 2115 821 2162 ergo
845 2101 904 2146 de
927 2099 1242 2161 religionibus
1266 2098 1457 2152 sanctis,
1482 2113 1567 2144 nec
1591 2098 1651 2142 de

181 2186 229 2225 25
243 2177 468 2238 auspiciis
491 2184 576 2224 aut
599 2177 815 2240 auguriis
837 2178 1056 2223 Romana
1080 2192 1227 2239 regna
1250 2182 1530 2230 creverunt3
1568 2175 1650 2221 sed

242 2261 487 2315 acceptum
527 2261 716 2315 tempus
757 2261 885 2301 certo
923 2253 1016 2300 fine
1063 2253 1354 2300 custodiunt.
1424 2252 1650 2299 Ceterum

243 2338 291 2378 et
315 2332 530 2395 Regulus
554 2332 768 2392 auspicia
790 2331 1015 2386 servavit,
1039 2338 1087 2378 et
1109 2338 1278 2392 captus
1302 2337 1400 2385 est3
1436 2338 1484 2376 et
1509 2330 1652 2376 Man-

243 2406 378 2452 cinus
412 2407 691 2469 religionem
728 2408 901 2464 tenuit,
936 2414 984 2454 et
1019 2408 1109 2454 sub
1143 2409 1321 2469 jugum
1355 2406 1529 2452 missus
1565 2413 1650 2452 est.

246 2486 410 2531 Pullos
441 2487 605 2532 edaces
630 2486 812 2532 Paulus
840 2485 1025 2540 habuit,
1050 2492 1097 2532 et
1121 2486 1248 2545 apud
1275 2485 1467 2531 Cannas
1491 2491 1651 2530 tamen

180 2577 232 2613 30
244 2575 407 2609 caesus
441 2570 527 2609 est.
598 2563 652 2609 C.
677 2563 854 2609 Caesar
876 2579 935 2610 ne
957 2570 1069 2609 ante
1104 2564 1321 2609 brumam
1359 2562 1407 2607 in
1433 2562 1651 2608 Africam

245 2639 440 2702 navigia
475 2639 818 2686 transmitteret
855 2640 1072 2702 auguriis
1104 2646 1151 2685 et
1186 2639 1413 2699 auspiciis
1444 2639 1654 2684 reniten-

244 2717 387 2771 tibus,
422 2717 616 2777 sprevit‚
652 2723 700 2763 et
739 2732 795 2763 eo
830 2717 1019 2763 facilius
1060 2723 1108 2763 et
1148 2717 1395 2779 navigavit
1434 2724 1481 2762 et
1518 2715 1648 2762 vicit.

248 2794 437 2841 Horum
473 2801 633 2841 autem
669 2794 884 2840 omnium
920 2794 1045 2841 ratio
1079 2801 1150 2840 est
1186 2794 1268 2840 illa
1295 2809 1418 2854 quae
1441 2794 1567 2840 fallit
1601 2801 1649 2840 et

1661 1015 1752 1036 cessa
1767 1016 1810 1036 au

1662 1051 1804 1080 retenta.
