2034 3204
209 576 324 608 CAP.

197 619 338 651 XXIV.

167 664 220 695 De
236 663 319 694 1000.

174 718 181 737 ι
194 707 279 738 Tim.
292 707 325 738 ii.
339 708 371 738 8.

214 1119 282 1149 CA
292 1118 330 1148 P.

211 1161 329 1193 XXV.

172 1206 224 1237 De
240 1208 321 1236 tem-

172 1259 263 1291 pore.

175 1506 253 1538 Act.
269 1505 304 1536 ii.
319 1513 367 1543 15.

176 1666 255 1696 Act.
271 1674 305 1695 x.
325 1674 355 1706 9.

177 1817 256 1846 Act.
276 1814 320 1845 iii.
342 1824 366 1845 ι.

187 2281 388 2314 1)an.vi.10‚

382 225 466 264 118
855 220 1314 264 TERTULLIANI

382 334 582 379 facimus
606 333 710 379 Deo
735 332 943 378 Domino
967 338 1144 378 nostro.
1200 330 1272 376 De
1296 329 1590 389 temporibus
1616 327 1787 374 oratio·
1808 333 1810 335 ’

382 410 459 456 nis
491 410 611 456 nihil
646 411 842 456 omnino
876 409 1222 469 praescriptum
1251 413 1335 460 est,
1361 407 1455 452 nisi
1488 408 1627 466 plane
1657 403 1787 450 omni

385 489 434 533 in
460 495 672 547 tempore
695 494 742 533 et
767 490 868 533 loco
893 503 1041 532 orare.

452 564 543 610 Sed
580 565 817 624 quomodo
855 564 980 609 omni
1022 565 1135 615 loco,
1174 578 1323 623 quum
1363 561 1702 620 prohibeamur
1738 558 1790 603 in

385 642 577 701 publico
591 642 614 686 ἶ)
667 640 822 692 Omni,
847 641 1022 700 inquit,
1046 639 1155 694 loco,
1180 655 1323 700 quem
1347 636 1681 697 opportunitas
1705 641 1790 680 aut
1804 649 1827 688 5

385 718 528 764 etiam
547 719 800 764 necessitas
818 718 1114 777 importaret.
1150 717 1318 775 Neque
1334 715 1462 760 enim
1478 719 1643 759 contra
1657 727 1792 772 prae-

387 802 577 855 ceptum
613 801 866 854 reputatur
898 795 958 840 ab
987 794 1232 854 Apostolis
1269 793 1462 843 factum,
1493 791 1577 850 qui
1610 791 1659 836 in
1692 805 1794 835 car-

387 889 490 919 cere
522 873 829 918 audientibus
862 872 1091 917 custodiis
1122 871 1323 916 orabant
1349 876 1395 914 et
1419 868 1652 914 canebant
1676 867 1792 919 Deo,

388 953 514 1010 apud
541 950 748 996 Paulum
774 949 924 1012 [sors.
952 956 1036 995 aut
1061 965 1089 995 a
1114 949 1266 994 Paulo
1290 944 1611 1005 Muratorz'us]
1635 945 1719 1005 qui
1743 944 1794 989 in

388 1028 501 1074 navi
526 1043 684 1073 coram
709 1028 932 1074 omnibus
957 1027 1293 1072 eucharistiam
1318 1025 1443 1071 fecit.
1813 1043 1861 1069 10

458 1105 531 1150 De
563 1111 774 1163 tempore
798 1120 909 1150 vero
944 1119 1039 1149 non
1074 1104 1166 1149 erit
1201 1104 1355 1149 otiosa
1389 1103 1683 1148 extrinsecus
1715 1101 1798 1146 ob-

389 1182 598 1230 servatio
629 1183 773 1228 etiam
804 1183 1027 1227 horarum
1054 1182 1385 1242 quarumdam.
1458 1180 1667 1226 Istarum
1691 1180 1798 1225 dico

391 1260 733 1312 communium,
758 1275 881 1320 quae
909 1261 1001 1305 diei
1034 1259 1318 1319 interspatia
1346 1259 1508 1321 signat
1532 1256 1682 1319 [sors.
1701 1257 1799 1319 sig-

391 1337 548 1398 nant],
573 1337 729 1389 tertia,
756 1343 906 1392 sexta,
932 1353 1072 1391 nona,
1092 1352 1211 1397 quas
1236 1336 1540 1382 solemniores
1565 1335 1615 1380 in
1641 1335 1799 1395 Scrip-

392 1416 515 1462 turis
539 1415 755 1460 invenire
777 1423 861 1460 est.
922 1414 1113 1460 Primus
1139 1414 1349 1474 Spiritus
1375 1413 1578 1458 Sanctus
1602 1427 1798 1474 congre·
1816 1433 1863 1470 15

392 1493 519 1555 gatis
543 1492 789 1551 discipulis
814 1492 931 1538 hora
957 1492 1100 1537 tertia
1125 1491 1311 1538 infusus
1335 1498 1421 1536 est.
1497 1489 1678 1542 Petrus,
1703 1505 1801 1550 qua

393 1571 470 1616 die
511 1570 741 1615 visionem
785 1570 1142 1615 communitatis
1183 1569 1340 1615 omnis
1382 1566 1532 1629 [fors.
1559 1566 1800 1628 omnium]

394 1649 443 1694 in
483 1648 564 1693 illo
593 1649 784 1692 vasculo
820 1653 1043 1706 expertus
1079 1653 1165 1699 est,
1201 1653 1337 1692 sexta
1371 1646 1490 1691 hora
1526 1646 1802 1691 ascenderat

393 1724 561 1771 orandi
596 1723 753 1786 gratia
789 1724 839 1768 in
874 1724 1132 1783 superiora.
1209 1724 1341 1769 Idem
1376 1739 1484 1769 cum
1519 1723 1706 1768 Joanne
1740 1723 1800 1768 ad

395 1817 569 1848 nonam
600 1802 649 1847 in
678 1803 909 1861 templum
940 1801 1119 1856 adibat,
1148 1801 1231 1847 ubi
1259 1801 1577 1861 paralyticum
1605 1800 1802 1846 sanitati
1818 1823 1868 1848 20

396 1879 674 1925 reformavit
708 1894 835 1924 suae.
906 1878 974 1924 Et
1005 1878 1046 1924 si
1074 1878 1355 1939 simpliciter
1382 1894 1431 1924 se
1459 1879 1667 1924 habeant
1701 1877 1803 1925 sine

395 1957 541 2003 ullius
569 1956 913 2002 observationis
942 1963 1204 2016 praecepto,
1230 1957 1407 2002 bonum
1436 1962 1596 2002 tamen
1625 1955 1686 2002 sit
1719 1956 1805 2002 ali-

397 2049 542 2095 quam
580 2033 866 2080 constituere
906 2034 1323 2093 praesumtionem,
1361 2041 1457 2093 qua
1491 2031 1641 2094 [som.
1657 2032 1804 2094 quae]

398 2118 446 2158 et
463 2111 631 2157 orandi
650 2111 1022 2157 admonitionem
1043 2109 1192 2173 [forS.
1209 2109 1556 2171 admonitione]
1574 2110 1806 2157 constrin-

399 2196 495 2251 gat,
520 2195 568 2234 et
591 2188 728 2248 quasi
762 2189 865 2251 lege
893 2190 953 2235 ad
981 2190 1076 2235 tale
1104 2204 1279 2234 munus
1307 2193 1589 2248 extorqueat
1612 2203 1641 2234 a
1664 2203 1806 2250 nego·
1821 2203 1869 2242 25

401 2265 482 2311 tiis
511 2264 783 2318 interdum;
822 2271 876 2310 ut
899 2266 1025 2325 quod
1059 2265 1249 2311 Danieli
1274 2280 1464 2325 quoque
1495 2264 1697 2326 legimus
1725 2263 1807 2310 ob-

402 2349 659 2395 servatum,
684 2341 851 2402 utique
875 2358 933 2388 ex
961 2342 1149 2388 Israelis
1172 2342 1436 2402 disciplina,
1462 2357 1521 2387 ne
1552 2341 1710 2387 minus
1734 2348 1807 2387 ter

401 2419 479 2466 die
502 2420 669 2464 saltem
695 2420 960 2474 adoremus,
984 2420 1218 2466 debitores
1243 2419 1405 2473 trium,
1426 2418 1593 2473 Patris,
1611 2428 1658 2465 et
1674 2419 1805 2473 Filii,

403 2504 450 2543 et
469 2495 677 2556 Spiritus
702 2495 879 2542 Sancti.
941 2495 1170 2556 Exceptis
1194 2496 1361 2557 utique
1386 2496 1612 2558 legitimis
1636 2496 1808 2542 oratio-

405 2573 562 2628 nibus,
587 2586 711 2632 quae
734 2571 836 2617 sine
861 2573 956 2618 ulla
987 2572 1310 2619 admonitione
1334 2573 1567 2619 debentur
1590 2573 1806 2635 ingressu
1821 2588 1872 2625 30

409 2649 524 2695 lucis
552 2656 600 2695 et
629 2649 792 2695 noctis.
864 2650 954 2695 Sed
979 2657 1026 2696 et
1057 2651 1214 2696 cibum
1250 2667 1342 2697 nou
1375 2651 1509 2710 prius
1537 2665 1736 2703 sumere,
1761 2657 1808 2695 et

409 2728 647 2772 lavacrum
676 2742 767 2772 non
794 2727 926 2786 prius
950 2728 1096 2781 adire.
1115 2743 1258 2788 quam
1285 2726 1565 2787 interposita
1582 2726 1805 2781 oratione,

409 2802 565 2848 fideles
590 2804 736 2849 decet.
802 2803 967 2850 Priora
990 2805 1115 2850 enim
1143 2805 1357 2851 habenda
1383 2810 1494 2850 sunt
1518 2803 1714 2863 spiritus
1739 2819 1809 2850 re-
