2034 3204
463 260 550 301 334
932 261 1392 304 ANNOTATIONES

461 371 471 388 ‘
494 379 544 407 ea
562 364 740 422 [magia]
766 366 987 416 Osthanes,
1011 367 1192 409 Xerxem
1215 382 1356 424 regem
1381 369 1601 410 Persarum
1624 368 1744 418 bello,
1758 369 1868 425 quod

462 430 471 445 ‘
494 422 528 464 is
554 423 754 465 Graeciae
783 423 935 475 intulit,
965 424 1208 471 comitatus;
1241 439 1289 466 ac
1315 425 1429 467 velut
1459 425 1614 467 semina
1643 426 1745 467 artis
1775 441 1869 482 por-

461 487 472 503 ‘
495 486 682 523 tentosae
706 481 916 537 sparsisse,
940 481 1074 523 obiter
1098 481 1262 532 infecto,
1285 497 1529 539 quacunque
1554 490 1868 533 commeaverat,

464 544 475 561 ‘
498 538 663 580 mundo.
725 538 1020 595 Diligentiores
1041 539 1163 594 paulo
1184 546 1280 581 ante
1302 540 1410 582 hune
1430 546 1589 596 ponunt
1605 541 1867 583 Zoroastrem

463 602 474 618 ‘
494 595 618 637 alium
635 596 966 637 Proconnesium.
993 596 1114 646 Quod
1130 604 1288 638 certum
1301 604 1376 641 est.
1391 597 1457 639 hie
1470 598 1648 640 maxime
1663 598 1871 641 Osthanes
1883 611 1906 649 5

462 659 474 676 ‘
495 653 549 695 ad
570 653 741 702 rabiem,
763 668 846 694 non
866 652 1106 695 aviditatem
1131 654 1252 695 modo
1273 655 1467 697 scientiae
1488 656 1588 712 ejus,
1612 656 1867 698 Graecorum

461 717 473 734 ‘
494 711 666 767 populos
687 711 801 767 egit.'
865 710 1016 753 Attulit
1038 710 1270 753 Plinianum
1298 713 1406 754 hunc
1432 713 1565 755 locum
1588 714 1621 755 F
1623 713 1738 763 ellus,
1760 729 1869 758 nune

461 783 560 810 vero
581 783 633 810 ex
655 767 862 810 Harduini
884 768 1063 810 editione
1083 776 1454 825 repraesentatum.

519 826 566 867 P.
591 836 685 879 272.
715 825 741 868 l.
764 839 828 868 11.
860 831 903 868 et
932 826 1102 882 angelos
1132 841 1253 869 veros
1282 828 1368 869 sedi
1401 828 1489 884 ejus
1519 827 1619 870 dicit
1650 828 1862 884 assistere]

460 884 645 925 Nostros
664 898 740 939 pro
756 898 876 926 veros
890 883 1018 926 habet
1033 884 1162 926 codex
1179 885 1272 927 MS.
1290 885 1334 926 in
1347 886 1448 928 Var.
1465 886 1599 929 Leett.
1618 886 1715 928 edit.
1733 886 1866 929 Oxon.
1887 902 1935 927 10

462 941 656 983 Fortasse
676 941 771 982 olim
792 941 836 982 in
855 956 974 983 veros
994 949 1191 998 corrupta
1210 949 1274 984 est
1293 958 1374 985 vox
1394 959 1548 986 servos.

521 998 626 1040 Ibid.
658 998 686 1040 l.
714 1011 777 1052 17.
809 998 1077 1055 consecratis]
1111 1000 1160 1041 In
1190 1006 1310 1042 textu
1342 1001 1566 1043 Baluziano
1603 1006 1740 1043 exstat
1775 1016 1868 1044 con-

460 1057 633 1106 sem-ati,
655 1062 698 1098 et
718 1056 846 1099 habet
861 1056 1026 1113 quidem
1048 1060 1297 1114 conyreyati
1317 1073 1422 1100 unus
1443 1059 1535 1101 MS.
1552 1059 1594 1100 in
1615 1059 1713 1100 edit.
1733 1058 1868 1101 Oxou.

461 1113 678 1164 adductus,
702 1114 928 1170 Codexque
947 1115 1056 1156 Novi
1079 1115 1252 1173 Collegii
1283 1131 1455 1158 numero
1483 1130 1498 1157 1
1530 1131 1556 1158 a
1584 1131 1649 1158 me
1680 1116 1871 1173 designa-

461 1176 542 1213 tus.
602 1171 736 1214 Porro
771 1178 818 1214 ut
851 1171 973 1214 lectio
1010 1172 1173 1215 varians
1207 1173 1262 1215 ad
1295 1188 1428 1231 marg.
1464 1173 1562 1216 edit.
1600 1173 1870 1217 Erasmianae
1888 1187 1934 1227 15

461 1231 702 1272 conservati
727 1229 905 1286 positum
934 1235 1008 1272 est.
1073 1230 1211 1281 Quum
1232 1246 1332 1273 vero
1353 1232 1549 1288 optimam
1571 1246 1660 1273 esse
1681 1246 1870 1274 censeam

461 1286 719 1343 superiorum
751 1287 975 1330 editionum
1008 1287 1223 1330 lectionem
1254 1291 1526 1338 consecratis,
1547 1303 1671 1345 quam
1703 1289 1870 1345 quidem

461 1344 630 1387 firmant
659 1345 742 1387 duo
771 1345 893 1387 alteri
913 1345 1023 1387 Novi
1045 1346 1218 1403 Collegii
1241 1346 1426 1395 Codices,
1447 1361 1646 1403 meusque
1674 1347 1770 1388 olim
1791 1347 1872 1389 Te-

460 1407 707 1452 wateranus,
729 1408 772 1445 et
799 1403 891 1446 MS.
915 1402 1151 1446 Drurianus
1184 1409 1370 1460 uterque,
1392 1405 1500 1447 hanc
1531 1404 1705 1447 eandem
1732 1419 1759 1446 a
1780 1404 1872 1447 Cel-

461 1459 565 1501 lario
595 1461 784 1516 positam,
806 1466 895 1503 tum
925 1475 951 1502 a
977 1461 1142 1503 Joanne
1167 1476 1330 1518 quoque
1363 1462 1573 1504 Lindnero
1604 1461 1647 1504 in
1678 1461 1776 1505 edit.
1798 1476 1873 1504 sua
1887 1480 1937 1506 20

460 1522 681 1567 retentam,
704 1533 780 1575 pro
802 1518 960 1560 Baluzii
981 1518 1156 1561 lectione
1177 1522 1415 1562 consecrati
1435 1520 1516 1562 hue
1537 1534 1615 1576 ego
1636 1520 1839 1562 revocavi.

520 1575 626 1617 Ibid.
648 1576 673 1617 l.
691 1578 757 1629 2'4.
775 1575 928 1617 morbis
949 1575 1174 1634 lacessunt]
1194 1577 1333 1634 Vulgo
1349 1578 1517 1620 morbos
1538 1578 1763 1620 lacessunt.
1804 1578 1871 1619 Ex

463 1631 566 1675 cod.
590 1645 613 1674 2
637 1633 746 1675 Novi
769 1633 941 1690 Collegii
962 1633 1094 1675 locum
1117 1634 1291 1676 correxi.

520 1689 626 1732 Ibid.
658 1690 683 1733 l.
709 1703 776 1745 29.
807 1691 862 1733 ad
892 1691 1225 1748 superstitionem
1257 1691 1335 1748 sui]
1363 1692 1455 1734 Hoc
1485 1697 1563 1743 est,
1594 1691 1870 1743 daemonum;

459 1761 587 1803 supra
606 1748 769 1805 scripsit
789 1754 946 1797 auctor,
969 1751 1031 1791 ad
1051 1751 1212 1792 cultum
1232 1751 1316 1792 sui.
1887 1766 1936 1807 25

519 1805 626 1847 Ibid.
663 1805 690 1848 1.
713 1819 782 1862 32.
818 1806 994 1848 fecerint
1032 1813 1196 1849 terrore
1236 1806 1476 1864 participes]
1516 1806 1658 1864 Vulgo
1696 1822 1871 1858 erroro;

458 1863 572 1918 quod
592 1877 682 1905 cum
706 1872 878 1913 terrore,
896 1864 977 1906 fide
998 1864 1113 1907 MSti
1135 1865 1237 1908 Coll.
1254 1865 1362 1907 Nov.
1380 1878 1405 1921 3
1428 1864 1563 1914 nixus,
1584 1865 1753 1908 mutavi.
1803 1865 1873 1908 Ad

458 1934 575 1962 eram
606 1935 770 1978 quoque
803 1921 978 1971 Codicis,
1005 1935 1128 1978 quem
1160 1922 1353 1965 Cedieem
1389 1922 1495 1964 Novi
1528 1922 1700 1979 Collegii
1730 1937 1872 1965 secun—

458 1977 557 2020 dum
574 1978 751 2030 nomino,
766 1979 868 2022 haec
883 1979 1004 2022 lectio
1020 1979 1231 2037 adscripta
1251 1985 1327 2022 est.
1370 1980 1437 2022 De
1455 1980 1724 2023 daemonibus
1743 1994 1872 2038 agens

458 2035 595 2092 posuit
627 2036 867 2080 Lactantius
897 2037 939 2079 in
971 2037 1163 2094 Epitome
1195 2053 1283 2090 sua,
1305 2052 1395 2094 cap.
1417 2039 1485 2088 28,
1508 2044 1519 2061 ‘
1535 2037 1694 2080 somnia
1722 2038 1872 2082 immit-
1886 2057 1938 2095 30

459 2099 470 2117 ‘
493 2099 588 2136 tunt
607 2101 681 2137 aut
731 2094 823 2137 lane
845 2098 1057 2138 terrores.’

517 2151 563 2194 P.
580 2164 677 2207 273.
715 2185 725 2195 .
740 2166 779 2219 3.
801 2152 1054 2195 incremento
1076 2167 1235 2210 poenae
1256 2151 1528 2210 propagantis
1550 2152 1736 2209 extendi]
1755 2153 1871 2196 Idem

456 2207 564 2251 dixit
585 2210 721 2252 verbis
741 2210 899 2263 iisdem,
920 2210 1054 2268 Epist.
1076 2210 1131 2253 ad
1153 2211 1379 2253 Donatum.
1415 2210 1752 2254 RIGALTIUS.

517 2266 623 2309 Ibid.
655 2267 680 2310 l.
708 2281 770 2311 12.
805 2269 925 2311 Unus
954 2267 1083 2326 igitur
1113 2268 1296 2310 omnium
1331 2268 1532 2310 Dominus
1564 2269 1697 2324 Deus]
1733 2268 1870 2326 Vulgo

455 2323 660 2367 existente
681 2326 807 2367 verbo
833 2334 893 2369 est
923 2332 1016 2383 post
1036 2327 1263 2376 Dominus,
1286 2326 1396 2368 idem
1428 2340 1552 2368 suasu
1581 2325 1706 2368 trium
1728 2326 1870 2368 MSto-
1885 2340 1936 2381 35

454 2395 547 2424 rum
570 2381 676 2425 Novi
694 2382 808 2425 Colle
839 2382 867 2425 ii
887 2390 1013 2440 atque
1036 2383 1305 2426 Erasmianae
1328 2382 1520 2426 editionis
1542 2382 1687 2425 delevi.
1748 2383 1870 2426 Nunc

453 2438 612 2482 addere
653 2439 748 2483 licet
837 2441 881 2483 S.
924 2441 1179 2484 Drurianum
1223 2447 1464 2498 utrumque.
1541 2441 1683 2483 Habet
1723 2441 1871 2484 MStus

454 2496 763 2547 'summanus
785 2499 904 2542 Unus
924 2513 1023 2555 erqo
1043 2500 1232 2542 omnium
1251 2500 1480 2549 Dominus,
1496 2514 1608 2542 unus
1623 2500 1751 2542 Deus.
1786 2498 1872 2541 Ad-

453 2554 560 2598 dunt
598 2570 709 2600 unua
743 2564 803 2599 eet
838 2563 936 2600 ante
970 2558 1088 2601 Deus
1125 2556 1305 2607 Cenat-ii,
1348 2556 1561 2607 Gronovii,
1595 2562 1639 2599 et
1674 2555 1871 2599 Lindneri

454 2611 670 2656 editiones.
1887 2632 1939 2668 40

514 2670 617 2713 Ibid.
640 2670 665 2713 1.
690 2683 757 2715 22.
787 2671 875 2714 Nec
905 2670 971 2713 hic
1002 2677 1047 2714 tu
1078 2671 1131 2714 de
1162 2670 1332 2714 homine
1363 2670 1545 2727 mireris]
1573 2670 1715 2714 Posuit
1747 2671 1872 2714 Balu-

454 2726 539 2770 zius
556 2729 648 2771 Nec
667 2730 746 2772 hoe
767 2737 814 2771 tu
833 2730 886 2772 de
907 2730 1075 2772 homine
1096 2731 1281 2780 mireris,
1304 2743 1380 2786 pro
1400 2729 1574 2772 lectione
1592 2728 1765 2777 Fellina,
1781 2729 1872 2771 Nec

451 2785 529 2827 hoc
543 2794 712 2829 tautum
723 2787 775 2830 de
787 2787 954 2830 homine
968 2788 1154 2838 mireris,
1164 2802 1190 2830 a
1199 2786 1426 2839 Gronovi0‚
1435 2786 1630 2837 Cellarie,
1642 2785 1872 2829 Lindnero-

450 2855 531 2898 que
553 2843 751 2900 praelata.
813 2844 1029 2888 Sententia
1057 2859 1147 2888 mea
1167 2850 1230 2887 est
1250 2845 1412 2888 debere
1438 2844 1654 2887 lectionem
1677 2842 1872 2886 editionis
