2034 3204
442 217 766 262 EPISTOLA
800 217 884 259 AD
919 217 961 259 S.
987 216 1398 259 CYPRIANUM.
1537 217 1624 261 239

219 326 577 387 perturbatione
599 325 872 372 constitutis
897 323 1129 378 fidelibus,
1154 331 1202 370 et
1225 325 1318 370 huc
1342 330 1486 384 atque
1510 324 1623 371 illuc

218 403 558 464 persecutionis
582 409 714 449 metu
737 401 1049 464 fugientibus,
1073 407 1121 447 et
1143 402 1324 461 patrias
1347 417 1458 448 suas
1482 401 1625 448 relin-

218 480 494 540 quentibus,
519 486 663 539 atque
694 479 743 525 in
775 478 895 526 alias
918 484 1078 539 partes
1101 478 1347 540 regionum
1374 485 1624 525 transeun-

219 558 348 603 tibus
374 557 496 616 (erat
519 557 647 602 enim
679 555 958 602 transeundi
981 556 1200 610 facultas,
1224 571 1280 602 eo
1310 557 1437 616 quod
1469 571 1625 616 perse-

183 641 206 680 5
219 634 348 682 cutio
365 634 463 687 illa,
482 650 575 679 non
595 649 680 694 per
697 640 850 680 totum
876 635 1122 688 mundum,
1139 635 1220 680 sed
1240 634 1401 680 localis
1419 634 1623 694 fnisset).

219 711 412 759 emersit
435 711 542 757 istic
567 711 726 758 subito
749 713 985 772 quaedam
1009 711 1194 765 mulier,
1218 727 1341 773 quae
1363 712 1414 758 in
1437 712 1624 758 extasin

220 790 493 843 constituta,
518 790 783 850 propheten
819 805 868 835 se
903 789 1176 850 praeferret,
1207 796 1255 836 et
1289 790 1428 850 quasi
1452 789 1628 836 Sancto

221 867 406 928 Spiritu
440 869 581 927 plena
619 867 688 913 sic
728 874 902 929 ageret.
976 866 1053 913 Ita
1087 873 1247 913 autem
1290 867 1627 928 principalium

221 945 576 991 daemoniorum
634 944 818 1004 impetu
872 943 1128 999 ferebatur,
1176 951 1231 991 ut
1288 960 1373 1005 per
1429 946 1627 1006 longum

163 1030 410 1082 10tempus
434 1020 711 1067 sollicitaret
738 1028 786 1067 et
813 1021 1051 1081 deciperet
1089 1022 1454 1076 fraternitatem,
1478 1020 1630 1067 admi·

223 1099 394 1147 rabilia
416 1100 651 1159 quaedam
676 1106 725 1144 et
748 1105 1023 1158 portentosa
1047 1098 1307 1159 perficiens,
1331 1106 1378 1145 et
1402 1098 1556 1145 facere
1578 1113 1629 1144 se

224 1185 400 1224 terram
447 1177 624 1223 moveri
676 1176 987 1237 polliceretur.
1077 1176 1188 1222 Non
1235 1178 1361 1237 quod
1408 1175 1627 1222 daemoni

225 1263 361 1302 tanta
382 1260 506 1300 esset
536 1261 758 1314 potestaS,
783 1261 839 1300 ut
874 1261 1049 1300 terram
1085 1270 1273 1300 movere
1308 1261 1394 1301 aut
1427 1256 1630 1300 elemen-

225 1340 328 1380 tum
368 1337 617 1378 concutere
656 1331 701 1376 vi
739 1347 827 1377 sua
865 1333 1070 1385 valeret;
1119 1333 1199 1377 sed
1239 1333 1366 1391 quod
1409 1347 1629 1378 nonnun-

165 1427 210 1466 15
224 1425 369 1471 quam
415 1408 614 1468 spiritus
672 1424 876 1469 nequam
935 1409 1200 1468 praesciens
1259 1417 1306 1455 et
1358 1409 1629 1472 intelligens

225 1494 379 1533 terrae
418 1492 602 1532 motum
641 1486 874 1540 futurum,
898 1486 949 1532 id
987 1502 1037 1532 se
1071 1486 1309 1533 facturum
1347 1502 1449 1533 esse
1482 1487 1631 1534 simu-

226 1566 361 1620 laret,
386 1564 513 1624 quod
545 1563 764 1609 futurum
794 1563 988 1609 videret.
1066 1563 1254 1618 Quibus
1290 1565 1549 1611 mendaciis
1583 1572 1631 1612 et

220 1640 565 1702 jactationibus
600 1640 854 1703 subegerat
891 1647 1072 1687 mentes
1107 1641 1420 1704 singulorum,
1451 1649 1507 1688 ut
1539 1643 1633 1690 sibi

228 1717 489 1770 obedirent,
540 1724 588 1764 et
644 1733 929 1778 quocunque
986 1719 1279 1779 praeciperet
1335 1725 1383 1765 et
1440 1721 1633 1766 duceret

166 1812 214 1837 20
228 1800 553 1854 sequerentur,
589 1794 765 1840 faceret
799 1810 989 1855 quoque
1025 1795 1273 1842 mulierem
1311 1796 1443 1842 illam
1485 1798 1632 1843 cruda

229 1873 399 1933 hyeme
439 1871 581 1918 nudis
627 1872 828 1932 pedibus
874 1887 959 1932 per
1004 1887 1195 1933 asperas
1242 1874 1376 1920 mves
1422 1874 1506 1928 ire,
1548 1890 1633 1921 nec

229 1949 392 1995 vexari
426 1949 478 1995 in
509 1949 671 2009 aliquo
706 1956 791 1996 aut
825 1949 949 1996 laedi
984 1949 1068 1996 illa
1101 1950 1421 2007 discursione;
1456 1951 1634 1998 diceret

229 2027 375 2073 etiam
399 2042 448 2073 se
472 2026 522 2072 in
545 2025 778 2073 Judaeam
805 2033 852 2072 et
873 2026 1258 2089 Hierosolymam
1281 2029 1522 2084 festinare,
1545 2029 1634 2076 fin-

228 2119 345 2167 gens
369 2111 596 2164 tanquam
623 2104 734 2150 inde
758 2104 978 2151 venisset.
1044 2105 1139 2152 Hic
1165 2113 1213 2152 et
1236 2122 1385 2153 unum
1411 2108 1469 2154 de
1494 2107 1634 2154 Pres-

167 2192 215 2232 25
230 2181 412 2243 byteris
449 2181 698 2235 rusticum,
722 2181 836 2227 item
875 2188 923 2228 et
958 2182 1107 2229 alium
1144 2183 1414 2231 Diaconum
1448 2185 1633 2240 fefellit,

230 2265 283 2305 ut
313 2258 467 2304 eidem
502 2258 694 2304 mulieri
724 2259 1158 2316 commiscerentur,
1191 2263 1318 2321 quod
1349 2264 1493 2322 paulo
1526 2269 1634 2323 post

229 2337 468 2382 detectum
492 2342 577 2382 est.
649 2334 778 2381 Nam
804 2336 963 2382 subito
986 2338 1210 2398 apparuit
1233 2339 1304 2385 illi
1329 2355 1454 2386 unus
1478 2342 1536 2387 de
1554 2357 1636 2387 ex-

231 2412 432 2466 orcistis,
456 2412 532 2458 vir
562 2413 790 2473 probatus
813 2420 862 2459 et
884 2413 1009 2460 circa
1032 2415 1305 2478 religiosam
1333 2418 1635 2477 disciplinam

233 2491 350 2536 bene
384 2504 570 2549 semper
604 2498 923 2545 conversatus,
959 2492 1043 2552 qui
1079 2493 1410 2541 exhortatione
1444 2511 1636 2556 quoque

168 2590 219 2625 30
233 2567 436 2613 fratrum
467 2567 799 2627 plurimorum,
823 2569 908 2628 qui
935 2575 983 2615 et
1006 2570 1098 2630 ipsi
1122 2571 1268 2617 fortes
1292 2588 1346 2618 ac
1373 2573 1636 2619 laudabiles

234 2647 283 2693 in
309 2646 400 2692 fide
429 2648 642 2700 aderant,
667 2647 916 2699 excitatuS,
941 2649 1094 2694 erexit
1117 2665 1166 2695 se
1190 2657 1356 2696 contra
1378 2651 1516 2698 illum
1539 2653 1636 2713 spi-

235 2725 382 2770 ritum
406 2740 612 2784 nequam
636 2725 972 2771 revincendum
993 2724 1142 2787 [sors.
1162 2729 1221 2773 ad
1247 2729 1633 2791 revincendum];

234 2802 317 2861 qui
341 2801 506 2848 subtili
531 2801 720 2848 fallacia
737 2802 880 2847 etiam
907 2803 995 2848 hoc
1020 2805 1162 2862 paulo
1187 2812 1296 2851 ante
1320 2807 1634 2866 praedixerat,
