1950 3210
672 237 752 278 AD
785 237 1218 281 PHILIPPENSES.
1596 240 1646 280 11

249 340 408 410 κριτὴς
446 342 634 410 ζώντων
672 345 750 396 καὶ
787 348 977 412 νεκρῶν·
1019 344 1075 396 οὗ
1102 343 1158 397 τὸ
1195 343 1308 409 αἷμα
1347 343 1590 411 ἐκζητήσει
1625 347 1651 397 ὁ

249 425 373 483 Θεὸς
397 427 494 481 ἀπὸ
518 433 615 481 τῶν
639 427 957 482 ἀπειθούντων
973 430 1118 500 αὐτῷ.
1147 429 1212 482 Ὁ
1228 429 1277 481 δὲ
1301 430 1482 498 ἐγείρας
1505 428 1679 482 αὖτὸνα
1693 448 1768 479 cor.
1788 448 1830 479 iv.

246 512 296 563 ἐκ
321 516 515 580 νεκρῶν,
543 515 620 565 καὶ
645 513 769 578 ἡμᾶς
796 514 957 582 ἐγερεῖ,
984 512 1067 566 ἐὰν
1089 518 1296 579 ποιῶμεν
1320 514 1466 566 αὑτοῦ
1490 512 1547 566 τὸ
1571 513 1648 566 θέ-
1666 501 1714 531 ¹⁴⁰

247 603 398 662 λημα,
439 599 515 649 καὶ
555 597 860 665 πορευώμεθα
896 599 946 650 ἐν
982 602 1084 654 ταῖς
1120 599 1335 654 ἐντολαῖς
1370 599 1532 662 αὐτοῦ,
1573 601 1652 651 καὶ

211 695 232 733 5
246 683 505 748 ἀγαπῶμεν
543 680 576 734 ἃ
613 680 882 748 ἠγάπησεν
937 681 1215 753 ἀπεχόμενοι
1250 681 1415 749 πάσης
1450 684 1649 747 ἀδικίας,

245 764 542 835 πλεονεξίας,
584 769 921 837 φιλαργυρίας,
963 772 1279 833 καταλαλιᾶς,
1315 770 1648 839 ψευδομαρτυ-

244 850 365 918 ρίας·
408 860 421 883 6
435 851 502 918 μὴ
528 851 831 908 ἀποδιδόντες
860 851 1007 905 κακὸν
1031 855 1136 906 ἀντὶ
1161 859 1324 918 κακοῦ,
1352 852 1382 920 ἢ
1409 855 1651 922 λοιδορίαν
1667 869 1764 900 1Pet.
1777 869 1820 900 iii·
1835 880 1866 912 9-

246 943 258 965 6
277 937 382 988 ἀντὶ
413 937 680 1006 λοιδορίας,’
706 935 736 1003 ἢ
759 935 966 1006 γρόνθον
1000 940 1103 991 ἀντὶ
1132 937 1353 1007 γρόνθου,
1377 936 1408 1003 ἢ
1440 937 1651 1008 κατάραν

244 1021 347 1074 ἀντὶ
391 1020 614 1090 κατάρας.
695 1021 1088 1088 Μνημονεύοντες
1131 1023 1181 1076 δὲ
1218 1021 1286 1076 ὧν
1321 1021 1447 1077 εἶπεν
1485 1027 1511 1077 ὁ
1545 1024 1646 1078 Kv'-

184 1132 230 1158 10
244 1129 344 1173 ριος
369 1106 625 1160 διδάσκων·
667 1115 680 1138 6
698 1106 787 1174 Μὴ
814 1109 1002 1176 κρίνετε,
1027 1108 1105 1160 ἵνα
1131 1107 1198 1174 μὴ
1224 1112 1428 1177 κριθῆτε·
1469 1111 1646 1179 ἀφίετε,
1661 1127 1747 1160 Mat.
1766 1129 1818 1160 vii.
1839 1139 1865 1160 ι.

249 1199 262 1222 6
286 1194 361 1244 καὶ
392 1192 681 1263 ἀφεθήσεται
707 1193 846 1259 ὑμῖν·’
885 1196 1066 1256 ἐλεεῖτε,
1094 1194 1171 1245 ἵνα
1200 1195 1435 1260 ἐλεηθῆτε·
1479 1205 1491 1226 6
1511 1197 1585 1247 “ε’ν
1610 1194 1748 1266 ᾧΜιιι.
1763 1218 1819 1249 vii.
1836 1227 1864 1250 α.

249 1284 263 1308 6
282 1277 440 1348 μέτρῳ
472 1282 695 1346 μετρεῖτε,
732 1277 1182 1346 ἀντιμετρηθήσεται
1214 1280 1356 1343 ὑμῖν.’

247 1371 260 1394 6
283 1361 503 1431 μακάριοι
535 1366 578 1415 οἱ
611 1365 793 1433 πτωχοὶ
829 1364 923 1435 [τῷ
959 1362 1187 1428 πνεύματι
1218 1373 1363 1411 addunt
1385 1373 1474 1412 Vet.
1498 1374 1746 1425 Iuterp.Mat.
1773 1396 1803 1417 v.
1835 1394 1865 1425 3-

1437 1282 1549 1343 Καὶ,
1579 1280 1649 1332 ὅτι

246 1456 258 1479 6
282 1466 321 1499 et
341 1460 549 1511 Evangelia
568 1460 636 1499 SS.
654 1460 748 1499 Mat.
768 1466 807 1498 et
827 1452 992 1521 Marci-1,
1018 1450 1095 1500 καὶ
1121 1451 1165 1499 οὶ
1198 1447 1468 1512 διωκόμενοι
1497 1448 1648 1501 ἕνεκεν
1660 1472 1762 1504 Matt.
1771 1483 1800 1504 v.
1815 1482 1864 1505 10.

183 1557 228 1595 15
246 1541 259 1565 ‘
281 1532 594 1598 δικαιοσύνης·
638 1534 709 1586 ὅτι
733 1534 890 1585 αὐτῶν
914 1534 1046 1586 ἐστιν
1070 1533 1099 1598 ἡ
1124 1534 1352 1595 βασιλεία
1375 1539 1461 1586 τοῦ
1487 1533 1647 1586 Θεοῦ.’

316 1615 378 1685 γ’.
414 1622 594 1682 Ταῦτα,
619 1620 840 1688 ἀδελφοὶ,
870 1620 954 1670 οὐκ
978 1619 1164 1688 ἐμαυτῷ
1187 1618 1446 1688 ἐπιτρέψας
1471 1618 1647 1690 γράφω

971 1802 1042 1839 pro
1056 1788 1298 1836 contumelia,
1312 1793 1380 1828 aut
1399 1788 1646 1827 maledictum

971 1856 1042 1893 pro
1089 1843 1302 1881 maledicto.
1374 1850 1393 1878 g
1409 1843 1646 1881 Mementote

235 1789 410 1840 judicare
427 1789 536 1828 vivos
560 1794 600 1828 et
625 1794 824 1836 mortuos;
852 1801 916 1827 cu—

236 1844 301 1895 jus
342 1843 567 1894 sanguinem
604 1843 772 1894 requiret
812 1843 916 1881 Deus

242 1898 290 1936 ab
318 1898 372 1936 eis
400 1898 466 1949 qui
494 1911 572 1936 non
604 1897 848 1936 crediderunt
876 1897 916 1935 in

243 1966 331 1990 eum
349 1966 356 1990 :
385 1952 450 2003 qui
471 1957 510 1991 et
529 1951 769 1990 resuscitavit
788 1965 875 1990 eum
895 1966 917 1989 a

243 2006 432 2054 mortuis3
460 2006 526 2057 qui
552 2012 591 2045 et
619 2019 688 2044 nos
716 2005 915 2044 resuscita—

243 2066 352 2099 turus
371 2065 429 2099 est
457 2060 496 2098 in
517 2059 632 2108 dvita‚
658 2060 689 2097 si
715 2060 916 2098 fecerimus

242 2114 480 2153 voluntatem
513 2114 594 2165 ejus
628 2118 666 2152 et
699 2114 915 2152 ambulave-

242 2168 362 2206 rimus
381 2168 422 2206 in
441 2167 630 2207 mandatis
649 2167 780 2218 ipsius,
800 2173 840 2206 et
858 2167 915 2205 di-

243 2222 448 2260 lexerimus
462 2235 559 2273 quae
574 2222 655 2272 ipse
667 2222 804 2260 dilexit
819 2236 830 2269 5
849 2222 914 2260 ab·

242 2277 427 2315 stinentes
455 2289 525 2314 nos
552 2277 600 2314 ab
629 2276 734 2314 omni
763 2276 914 2326 injusti-

971 1897 1075 1948 quod
1113 1897 1303 1935 Dominus
1340 1897 1479 1935 docens
1516 1897 1616 1935 dixit
1637 1911 1646 1934 ι

972 1949 1038 1989 hN
1037 1951 1123 1989 olite
1125 1951 1319 2001 judicare,
1336 1965 1383 1989 ne
1384 1951 1622 2001 judicemini
1627 1966 1644 1996 ,-

970 2005 1161 2052 dimittite,
1169 2012 1201 2043 et
1207 2006 1423 2043 dimittetur
1434 2005 1559 2051 vobi&-
1575 2005 1646 2042 mi-

970 2059 1159 2106 seremini,
1180 2064 1218 2098 et
1239 2059 1428 2097 Dominus
1451 2059 1647 2098 miserebi-

970 2118 1036 2151 tur
1056 2113 1175 2152 vestri
1192 2127 1203 2160 3
1231 2112 1326 2163 iqua
1344 2114 1448 2151 enim
1462 2127 1647 2151 ἠιοπειιτα

970 2168 1093 2205 menei
1093 2167 1270 2216 fueritis,
1286 2168 1503 2206 τοηιείὶειαν
1516 2168 1647 2206 eadem

968 2221 1082 2259 vobis.
1142 2221 1194 2260 Et
1231 2222 1335 2272 quod
1372 2221 1519 2260 dictum
1557 2227 1615 2260 est
1636 2236 1644 2259 ε

969 2276 1082 2313 Beati
1111 2289 1299 2326 pauperes
1327 2276 1483 2325 spiritu,
1513 2282 1547 2313 et
1577 2276 1649 2326 qui

242 2331 307 2379 tia,
343 2331 437 2368 ehoe
483 2336 551 2377 est,
588 2344 612 2368 a
647 2330 913 2380 concupiscen-
963 2330 1261 2379 persecutimaem
1268 2330 1484 2380 paciuntwr
1488 2337 1647 2380 propter

241 2385 307 2432 tia,
326 2385 375 2422 ab
393 2384 564 2431 avaritia,
583 2397 606 2422 a
625 2384 871 2431 detractione,
891 2397 914 2422 a
959 2383 1183 2433 jwtitiam;
1206 2385 1394 2434 quoniam
1408 2385 1583 2434 ipsorum
1593 2391 1647 2423 est

241 2439 335 2477 falso
358 2438 579 2477 testimonio
595 2452 605 2486 ;
633 2437 730 2477 fnon
756 2439 914 2476 redden-

242 2499 294 2532 tes
311 2493 460 2531 malwm
467 2506 543 2543 pro
557 2492 671 2540 wmlo,
682 2498 752 2530 aut
771 2493 914 2543 injulri-

242 2561 309 2586 cvm
313 2560 388 2597 pro
399 2547 563 2597 injuria,
571 2546 914 2586 auteontumeliam

968 2451 1131 2487 reqnum
1149 2438 1345 2476 coelorwn.

1025 2492 1104 2530 III.
1128 2492 1235 2530 Haec
1250 2498 1391 2540 autem,
1406 2492 1542 2530 fratres
1557 2492 1645 2539 mei,

970 2559 1046 2584 uon
1076 2559 1099 2584 a
1126 2546 1272 2597 meipso
1298 2547 1490 2597 imperans
1520 2546 1644 2584 scribo

803 2676 855 2707 Ex
869 2675 989 2707 Smithi
1003 2676 1080 2707 odit.

285 2753 298 2767 ¹¹
314 2747 335 2778 l.
354 2758 400 2778 ιι.
420 2748 494 2778 dele
513 2749 554 2778 ἐν.
581 2747 660 2788 [non
677 2750 863 2788 agnoscunt
873 2746 976 2778 Oodd.
996 2746 1086 2778 Flor.
1102 2746 1182 2777 vat.
1198 2749 1284 2777 teste
1299 2747 1322 2778 J
1325 2747 1498 2783 acobsono,
1514 2747 1571 2778 sed
1587 2747 1645 2778 ali-

241 2794 294 2821 ter
309 2794 407 2822 Sacer
417 2791 571 2831 Textus.]

241 2838 275 2864 et
291 2834 478 2866 delendum.

243 2877 343 2909 Matt.
363 2879 416 2910 vii.
442 2889 467 2914 ι,
490 2889 516 2909 2.

584 2836 592 2855 f
620 2845 630 2865 1
652 2834 724 2865 Pet.
744 2834 787 2865 iii.
807 2843 837 2875 9.

609 2878 614 2898 ἰ
632 2877 733 2908 Matt.
755 2877 807 2908 vii.
827 2887 853 2907 2.

659 2790 674 2811 ‘¹
691 2791 792 2821 Forte
808 2790 854 2821 ad
870 2790 979 2821 vitam.

941 2839 955 2859 ἔ
981 2833 1212 2872 Μνημονεύετε.

1071 2795 1085 2810 ²
1100 2793 1142 2820 Τὸ
1158 2790 1214 2821 hoc
1230 2795 1272 2822 est
1289 2791 1423 2822 omnino
1439 2790 1645 2832 superfluum

1314 2833 1329 2854 ¹¹
1354 2834 1434 2865 Luc.
1455 2834 1495 2864 vi.
1519 2843 1568 2874 37.
1592 2835 1644 2873 38.
