2034 3204
414 233 497 277 194
892 234 970 275 AN
974 233 1013 275 N
1019 233 1350 276 OTATIONES

414 345 423 362 ¹
446 338 803 394 interpretentur!
865 339 1055 395 Denique
1076 354 1196 381 voces
1225 339 1283 382 ita
1309 339 1479 395 exponit
1508 339 1550 380 in
1582 338 1715 380 indice
1745 354 1817 381 suo

415 395 652 438 Latinitatis
676 396 984 438 Tertullianeae
1016 397 1238 446 Semlerus,
1264 403 1382 438 ‘cum
1414 397 1587 445 ratione,
1615 411 1707 438 cum
1737 397 1819 438 dis-

415 460 426 476 ‘
448 453 600 510 ciplina
627 453 812 502 rationis,
837 468 944 509 quae
973 468 1135 495 omnem
1165 453 1550 511 interpretationem
1580 454 1818 511 gubernare

414 518 425 534 ‘
447 511 586 561 debet,
609 516 652 552 et
672 511 714 552 in
735 526 785 553 ea
803 525 966 567 semper
985 511 1192 568 regnare·q

471 569 520 610 P.
542 581 632 624 ¹30·
655 568 683 610 l.
706 567 770 610 18.
793 583 919 624 penes
939 583 1014 610 nos
1033 569 1141 622 esse]
1164 569 1191 610 i.
1208 582 1244 610 e.
1268 568 1514 610 Catholicos.
1547 569 1796 611 SEMLER.
1831 576 1854 616 5

471 625 578 667 Ibid.
599 625 625 667 l.
646 637 712 677 24.
743 625 945 681 constitit]
983 625 1060 667 Ait
1083 625 1302 674 Pamelius‚
1325 633 1335 649 ‘
1353 625 1490 682 Magis
1519 626 1703 681 placeret
1723 641 1818 669 eon-

414 689 424 706 ‘
445 684 563 726 sistit
582 697 706 738 quam
727 684 931 731 constitit,
952 682 1029 724 nisi
1050 682 1159 724 infra
1181 682 1332 725 lectum
1353 689 1462 725 esset
1488 683 1597 739 [cap.
1617 684 1703 739 16.]
1729 685 1820 726 nisi

414 746 425 764 ‘
445 742 564 783 ratio
584 740 840 782 constiterit?

471 798 518 839 P.
543 810 635 851 131.
657 797 683 839 l.
708 811 746 841 2.
777 797 937 839 fructus
960 797 1048 852 ipse
1068 796 1313 853 quaerendi]
1342 797 1527 839 Verbum
1549 798 1747 840 credendi
1766 812 1818 840 ex

411 855 518 897 libro
540 854 683 897 Ursini
713 855 806 898 MS.
839 854 1050 896 substituit
1080 854 1303 911 Rigaltius.
1365 855 1682 896 Revocaverunt
1709 861 1820 897 vete-
1837 863 1884 888 10

414 927 502 954 rem
534 911 750 954 lectionem
779 926 872 954 cum
900 911 1085 954 Priorius
1110 912 1154 954 in
1185 912 1284 954 edit.
1303 912 1543 969 Rigaltiana
1569 927 1677 955 anno
1713 914 1820 966 1664

412 969 581 1012 Parisiis
601 984 763 1018 excusa,
785 976 874 1012 tum
895 970 1037 1026 Lupus
1057 976 1100 1012 et
1120 969 1377 1019 Thomasius,
1399 984 1502 1025 quos
1529 978 1691 1012 secutus
1715 985 1818 1012 sum.

414 1027 624 1070 Semlerus
644 1027 801 1070 nullum
822 1028 994 1070 verbum
1014 1027 1194 1070 adfuisse
1215 1033 1365 1069 censet.

471 1085 575 1127 Ibid.
597 1085 624 1126 l.
649 1098 712 1127 10.
734 1085 974 1141 expunctio]
1002 1085 1053 1127 Id
1073 1091 1149 1137 est,
1169 1085 1525 1140 complementum.
1558 1086 1586 1128 J
1592 1086 1673 1128 UN
1682 1085 1788 1128 [US.

471 1142 577 1185 Ibid.
599 1143 624 1184 l.
652 1155 717 1198 15.
749 1143 847 1184 dum
876 1143 1028 1199 ubique
1060 1142 1276 1198 convenio]
1317 1142 1384 1185 Sic
1416 1142 1624 1199 Rigaltius
1656 1157 1708 1185 ex
1734 1142 1818 1185 edi·
1838 1149 1882 1186 15

411 1200 524 1242 tione
554 1200 752 1257 principe,
778 1200 847 1242 ubi
881 1207 1017 1243 tamen
1045 1201 1273 1243 Rhenanus
1302 1200 1562 1242 scribendum
1587 1201 1819 1258 conjecerat

411 1259 649 1300 convenior.
714 1258 848 1309 Quam
878 1258 1127 1315 scripturam
1156 1258 1349 1314 amplexa
1377 1263 1440 1300 est
1462 1273 1544 1299 non
1565 1258 1662 1301 edit.
1686 1257 1816 1300 Paris.

410 1315 526 1371 prior
545 1315 724 1372 quidem,
746 1315 820 1358 sed
840 1315 957 1359 editt.
987 1316 1119 1358 Paris.
1143 1316 1324 1358 secunda
1343 1322 1386 1358 et
1414 1315 1593 1358 Franek.
1615 1316 1818 1372 probante

412 1373 612 1422 Semlero,
630 1379 673 1415 et
692 1373 981 1416 revocantibus
996 1388 1087 1416 eam
1107 1373 1149 1415 in
1170 1373 1371 1416 editiones
1391 1388 1485 1416 suas
1506 1373 1624 1430 Lupo
1641 1373 1818 1416 Thoma-

410 1430 565 1487 sioque,
587 1431 700 1473 haud
720 1431 849 1473 multo
869 1431 1031 1473 diverso
1051 1445 1186 1483 sensu,
1207 1431 1249 1472 ni
1279 1431 1413 1481 fallor,
1435 1431 1569 1480 affixo,
1591 1446 1714 1487 quam
1745 1431 1818 1473 ha·
1834 1441 1883 1467 ‘20

411 1488 483 1531 bet
504 1489 686 1531 Senecae
715 1488 828 1540 illud,
852 1493 864 1511 ‘
879 1489 1094 1545 Nusquam
1126 1495 1201 1539 est,
1223 1488 1293 1545 qui
1324 1488 1476 1544 ubique
1501 1488 1590 1530 est.'
1621 1488 1751 1545 Epist.
1774 1488 1816 1537 ii,

412 1560 452 1603 p.
474 1558 516 1602 5,
537 1546 603 1588 ed.
626 1546 857 1603 Schweigh.
919 1546 981 1588 At
1002 1561 1112 1597 vero,
1140 1552 1187 1588 ut
1208 1546 1391 1603 Rigaltio
1419 1546 1551 1588 locum
1582 1546 1817 1589 restituenti

408 1603 547 1660 potius
575 1603 790 1653 assentiar,
822 1603 922 1645 mihi
949 1604 1096 1646 suadet
1122 1604 1235 1646 notio
1260 1604 1375 1646 verbi
1408 1605 1607 1647 convenio
1637 1619 1689 1646 ex
1717 1618 1818 1660 qua-

409 1667 505 1704 tuor
535 1661 599 1703 vel
634 1660 815 1717 quinque
852 1661 1098 1704 Tertulliani
1129 1661 1226 1703 locis
1261 1667 1409 1710 eruta;
1450 1675 1625 1717 quorum
1660 1661 1817 1718 primus

409 1725 547 1761 exstat
586 1718 629 1760 in
669 1719 773 1761 libro
809 1719 861 1761 de
892 1719 921 1761 J
924 1719 1082 1776 ejuniiS,
1116 1734 1205 1776 cap.
1241 1732 1307 1776 ¹3·
1344 1723 1357 1742 ‘
1372 1719 1479 1762 Ecce
1514 1718 1651 1770 enim,'
1670 1718 1816 1776 inquit,
1833 1733 1881 1770 ²5

411 1782 422 1800 ‘
443 1777 642 1820 convenio
658 1791 729 1818 vos
749 1782 792 1819 et
812 1783 980 1833 praeter
997 1777 1158 1819 Pascha
1178 1777 1432 1833 'ejunantes.'
1475 1777 1599 1819 Alter
1618 1776 1662 1819 in
1682 1777 1751 1819 lib.
1769 1790 1814 1820 11.

409 1834 523 1877 advs.
555 1833 755 1876 Marcion.
784 1849 873 1891 cap.
897 1846 959 1888 17.
983 1838 995 1858 ‘
1011 1835 1158 1891 Repen
1189 1849 1212 1877 e
1239 1840 1378 1877 autem
1407 1834 1640 1877 austeritati
1674 1833 1819 1877 lenita-

410 1899 421 1916 ‘
444 1898 527 1935 tem
543 1907 554 1941 ;
575 1906 702 1948 quum
724 1898 946 1948 utrumque
961 1894 1203 1935 conveneris
1222 1891 1265 1934 in
1283 1892 1495 1942 Creatore,
1509 1891 1692 1935 invenies
1710 1891 1754 1934 in
1769 1907 1818 1935 eo

411 1954 422 1973 ‘
444 1955 487 1992 et
507 1949 622 2000 illud,
644 1954 817 2006 propter
838 1950 948 2006 quod
968 1950 1145 1992 alterum
1163 1950 1297 1992 Deum
1316 1949 1449 1992 credis
1461 1954 1484 1999 ;'
1511 1950 1659 1993 tertius
1678 1956 1816 1993 autem

409 2007 452 2049 in
483 2007 555 2050 lib.
578 2007 630 2050 de
653 2007 789 2050 Carne
812 2007 981 2057 Christi,
1003 2022 1092 2064 cap.
1116 2021 1177 2049 11.
1201 2011 1212 2031 ‘
1228 2008 1312 2051 Sed
1341 2006 1462 2050 aliam
1493 2007 1817 2065 argumentatio·
1830 2025 1881 2063 30

411 2071 421 2088 ⁸
445 2080 538 2107 nem
560 2080 702 2107 eorum
724 2067 1004 2114 convenimus,
1025 2065 1240 2123 exigentes
1260 2065 1352 2108 cur'
1369 2065 1445 2108 διο.
1499 2066 1683 2117 Quartus
1703 2064 1817 2108 deni-

410 2137 491 2179 que
520 2122 563 2164 in
593 2122 664 2165 lib.
692 2122 745 2164 de
772 2122 1024 2165 Testimonio
1055 2123 1246 2173 Animae,
1268 2137 1357 2180 cap.
1385 2123 1458 2166 ult.
1512 2130 1522 2147 ‘
1539 2124 1677 2175 Quum
1707 2123 1815 2166 enim

411 2187 421 2204 ⁴
445 2180 566 2223 times
595 2179 684 2222 fieri
711 2180 982 2231 Christianus,
1005 2195 1095 2223 eam
1128 2179 1348 2239 [animam]
1381 2182 1567 2230 conveni,
1589 2196 1661 2223 cur
1691 2180 1815 2224 alium

410 2245 421 2262 ⁸
445 2238 594 2290 colens,
611 2238 743 2280 Deum
758 2237 964 2288 nominat3
996 2253 1122 2295 quum
1138 2238 1438 2281 maledicendos
1450 2238 1618 2295 spiritus
1631 2238 1814 2291 denotat,

411 2301 424 2321 ‘
446 2295 663 2338 daemonia
683 2295 936 2352 pronuntiat,
959 2310 1032 2338 cur
1052 2296 1106 2338 ad
1127 2296 1281 2339 coelum
1305 2302 1572 2346 contestatur,
1594 2302 1637 2339 et
1655 2296 1711 2339 ad
1731 2302 1814 2340 ter·
1829 2312 1879 2351 35

412 2360 424 2378 ‘
446 2367 535 2395 ram
553 2353 809 2403 detestatum
831 2367 906 2395 cur
921 2353 1017 2395 alibi
1035 2353 1176 2403 servit,
1189 2353 1286 2396 alibi
1301 2353 1499 2396 vindicem
1515 2355 1734 2397 convenit!
1765 2354 1815 2396 In

409 2425 492 2467 quo
508 2409 674 2467 quidem
696 2410 783 2453 loco
800 2410 969 2453 verbum
991 2412 1189 2454 convenio
1201 2426 1292 2453 cum
1314 2426 1433 2454 sensu
1454 2411 1687 2454 arcessendi
1710 2412 1816 2469 posi-

410 2474 497 2510 tum
520 2467 695 2519 videtur,
719 2468 895 2526 Anglice
922 2483 1128 2518 convene:
1158 2468 1263 2511 sicut
1283 2475 1438 2525 postea,
1461 2468 1530 2511 ubi
1554 2470 1816 2513 haereticum

409 2527 643 2575 cmmenire,
665 2540 737 2568 seu
757 2541 969 2569 arcessere
990 2532 1135 2569 auctor
1155 2526 1294 2575 habet,
1316 2541 1404 2583 cap.
1431 2528 1490 2568 16.
1554 2527 1600 2569 In
1622 2526 1690 2569 illo
1704 2542 1813 2578 vero,

410 2583 463 2626 de
476 2598 558 2640 quo
573 2583 746 2649 agimus,
763 2583 872 2626 valet
891 2583 998 2626 idem
1015 2590 1141 2640 atque
1156 2585 1432 2640 deprehendo,
1449 2599 1534 2634 seu,
1547 2586 1657 2627 mihi
1671 2599 1814 2628 occur·
1828 2599 1879 2634 40

410 2642 483 2683 rit.
520 2641 845 2698 Demque,quod
865 2640 919 2684 ad
941 2656 1026 2683 rem
1049 2648 1126 2691 est,
1142 2641 1181 2684 in
1198 2656 1286 2699 cap.
1300 2655 1355 2697 43
1379 2642 1456 2684 hoc
1476 2648 1624 2692 exstat.
1649 2649 1658 2666 ‘
1678 2643 1814 2694 Quae-

411 2707 421 2722 ⁴
444 2699 528 2741 rite
547 2707 586 2741 et
607 2699 832 2742 invenietis
852 2698 1004 2756 ubique
1025 2699 1324 2742 meminerunt.’

473 2755 576 2798 Ibid.
618 2755 643 2798 Ι.
676 2757 739 2798 16.
770 2764 813 2799 et
849 2756 968 2799 velim
1003 2756 1060 2798 sic
1091 2771 1305 2814 nusquam,
1336 2756 1453 2813 quasi
1493 2756 1562 2813 qui
1605 2770 1811 2812 nunquam

409 2813 775 2870 apprehenderim]
817 2813 881 2857 Ita
907 2813 1004 2857 odit.
1036 2813 1166 2856 Paris.
1200 2812 1404 2871 posterior
1433 2828 1541 2856 anno
1576 2815 1680 2869 ¹5⁶⁶
1702 2821 1747 2871 ty
1781 2814 1813 2856 is

409 2869 620 2926 impressa,
672 2876 714 2913 et
764 2871 966 2927 probante
1015 2870 1153 2914 Junio.
1230 2872 1425 2927 idemque
1475 2870 1705 2925 conjecerat
1752 2829 1793 2914 lh
1827 2890 1848 2923 4
