2034 3204
500 233 584 274 DE
628 231 1210 273 PRAESCRIPTIONE
1256 231 1445 272 HAER.
1589 233 1672 272 153

268 343 443 389 limites
475 358 603 388 meos
627 341 931 387 commoves?
972 340 1084 386 Mea
1118 348 1189 386 est
1226 341 1470 401 possessio.
1542 341 1671 394 Quid

268 420 345 465 hic
369 419 512 465 ceteri
535 419 593 464 ad
620 420 914 464 voluntatem
944 424 1145 464 vestram
1179 418 1426 464 seminatis
1450 425 1498 464 et
1522 418 1671 478 pasci-

267 498 366 543 tis?
404 497 517 543 Mea
535 503 606 541 est
630 496 877 556 possessio,
895 496 1009 542 olim
1036 496 1267 556 possideo,
1285 496 1416 556 prior
1439 496 1670 556 possideo,

267 575 417 621 habeo
435 573 643 635 origines
659 574 821 619 firmas
840 574 899 619 ab
915 573 1033 634 ipsis
1051 574 1340 628 auctoribus,
1359 590 1559 634 quorum
1579 573 1672 619 fuit

230 667 252 705 5
267 667 354 697 res.
414 650 523 711 Ego
547 665 653 696 sum
680 650 843 696 haeres
868 650 1224 711 Apostolorum.
1286 651 1419 697 Sicut
1443 659 1672 697 caverunt

267 735 553 775 testamento
570 744 670 779 suo,
686 728 808 774 sicut
832 729 942 774 fidei
966 729 1317 783 commiserunt,
1334 729 1458 775 sicut
1481 731 1538 775 ad
1537 730 1673 790 jura-

269 813 455 860 verunt,
472 806 540 852 ita
560 815 709 852 teneo.
769 806 868 852 Vos
887 815 1011 852 certe
1026 807 1462 853 exhaeredaverunt
1488 822 1675 867 semper

268 891 316 930 et
350 884 703 937 abdicaverunt,
741 891 794 929 ut
828 892 1093 938 extraneos,
1131 891 1182 930 ut
1229 885 1459 931 inimicos.
1534 885 1674 930 Unde

267 970 429 1008 autem
448 962 679 1015 extranei,
699 970 746 1007 et
771 961 953 1008 inimici
973 962 1220 1022 Apostolis
1243 963 1484 1014 haeretici,
1506 962 1596 1008 nisi
1616 978 1674 1007 ex

208 1060 253 1084 10
267 1039 542 1085 diversitate
575 1039 830 1093 doctrinae,
854 1055 998 1099 quam
1031 1040 1363 1100 unusquisque
1395 1042 1453 1086 de
1485 1056 1572 1086 suo
1601 1056 1676 1086 ar-

268 1116 426 1170 bitrio,
451 1117 679 1162 adversus
698 1115 954 1176 Apostolos
979 1123 1063 1162 aut
1087 1117 1301 1176 protulit,
1327 1125 1410 1164 aut
1436 1118 1612 1178 recepit
1628 1118 1650 1163 ἶ)

336 1195 439 1241 Illic
463 1194 614 1256 igitur
637 1202 685 1240 et
711 1195 1066 1255 Scripturarum
1092 1202 1139 1241 et
1162 1195 1515 1255 expositionum
1540 1196 1675 1240 adul·
1731 1212 1797 1243 CA
1809 1212 1847 1244 P.

268 1273 438 1319 teratio
461 1274 737 1332 deputanda
765 1280 849 1325 est,
876 1273 959 1318 ubi
992 1273 1246 1318 diversitas
1270 1274 1514 1319 doctrinae
1546 1274 1674 1318 inve-
1688 1257 1887 1286 xxxvm.

267 1351 410 1396 nitur.
471 1349 658 1403 Quibus
679 1349 769 1395 fuit
795 1350 1093 1410 propositum
1118 1350 1258 1395 aliter
1281 1350 1495 1403 docendi,
1515 1365 1673 1396 neces-

206 1441 252 1480 15
266 1428 383 1473 sitas
407 1427 584 1473 institit
609 1426 751 1472 aliter
769 1427 1051 1487 disponendi
1076 1427 1395 1473 instrumenta
1413 1428 1671 1474 doctrinae.

267 1505 404 1551 Alias
439 1504 566 1550 enim
604 1520 697 1550 non
734 1504 1000 1564 potuissent
1035 1505 1175 1550 aliter
1198 1506 1379 1558 docere,
1405 1505 1498 1550 nisi
1534 1505 1674 1551 aliter

267 1584 498 1630 haberent
521 1598 606 1643 per
620 1598 742 1643 quae
761 1583 999 1629 docerent.
1049 1583 1182 1629 Sicut
1208 1583 1301 1629 illis
1321 1598 1415 1628 non
1442 1583 1673 1642 potuisset

265 1662 511 1708 succedere
529 1660 799 1720 corruptela
816 1662 1058 1707 doctrinae
1083 1662 1184 1707 sine
1204 1663 1473 1721 corruptela
1496 1661 1674 1707 instru-

266 1745 535 1785 mentorum
559 1739 675 1798 ejus,
700 1738 767 1784 ita
797 1745 844 1784 et
868 1739 1005 1784 nobis
1030 1739 1283 1801 integritas
1307 1739 1553 1785 doctrinae
1578 1755 1672 1784 non

204 1832 252 1857 20
266 1816 566 1877 competisset
591 1816 693 1862 sine
718 1817 994 1879 integritate
1019 1833 1197 1868 eorum,
1215 1832 1298 1878 per
1316 1832 1438 1876 quae
1456 1817 1674 1862 doctrina

267 1899 513 1940 tractatur.
563 1893 759 1939 Etenim
777 1894 892 1954 quid
912 1894 1205 1940 contrarium
1232 1894 1369 1940 nobis
1388 1894 1438 1940 in
1459 1894 1671 1940 nostris?

265 1970 382 2030 quid
406 1971 464 2016 de
487 1970 680 2031 proprio
711 1971 979 2025 intulimus,
1003 1979 1058 2018 ut
1082 1971 1263 2032 aliquid
1298 1971 1592 2018 contrarium
1617 1974 1673 2026 ei,

266 2049 394 2108 quod
418 2055 541 2094 esset
558 2048 609 2094 in
625 2048 884 2108 Scripturis
902 2049 1270 2108 deprehensum,
1289 2049 1582 2095 detractione
1602 2051 1673 2094 vel

267 2126 530 2187 adjectione
556 2127 628 2171 vel
654 2126 1054 2173 transmutatione
1086 2127 1457 2173 remediaremus
1473 2128 1495 2173 P
1532 2127 1672 2181 Quod

205 2212 252 2250 25
267 2219 446 2257 sumus,
471 2204 560 2250 hoc
584 2213 697 2250 sunt
722 2204 998 2264 Scripturae
1027 2206 1131 2266 jam
1164 2205 1274 2252 inde
1306 2206 1367 2251 ab
1391 2205 1532 2251 initio
1555 2220 1671 2251 suo:

266 2297 325 2326 ex
360 2281 455 2326 illis
491 2297 670 2335 sumus,
695 2288 949 2342 antequam
989 2281 1143 2344 [for-9.
1180 2282 1431 2342 antiquum
1469 2281 1673 2343 Junius]

267 2358 387 2404 nihil
423 2359 562 2404 aliter
596 2359 704 2412 fuit,
729 2375 873 2420 quam
909 2375 1088 2406 sumus.
1160 2360 1285 2414 Quid
1323 2360 1530 2420 denique
1564 2360 1673 2414 fuit,

267 2442 523 2496 antequam
559 2451 588 2481 a
623 2437 758 2482 nobis
800 2437 1243 2497 interpolarentur?
1314 2438 1475 2491 Quum
1513 2445 1673 2484 autem

267 2513 422 2559 omnis
467 2514 771 2574 interpolatio
814 2515 1044 2574 posterior
1090 2516 1324 2560 credenda
1367 2516 1442 2566 sit,
1483 2515 1673 2560 veniens

203 2591 432 2651 sontique
478 2607 535 2637 ex
582 2607 723 2638 causa
771 2592 1116 2646 aemulationis,
1166 2608 1287 2652 quae
1336 2607 1487 2652 neque
1545 2592 1675 2652 prior

268 2683 419 2728 neque
454 2668 713 2714 domestica
749 2684 958 2729 unquam
997 2677 1068 2714 est
1102 2670 1205 2730 ejus
1230 2670 1356 2728 quod
1390 2671 1672 2723 aemulatur,

267 2752 366 2791 tam
391 2746 668 2792 incredibile
693 2754 759 2791 est
788 2746 991 2806 sapienti
1016 2747 1199 2806 cuique,
1221 2753 1271 2792 ut
1292 2763 1377 2792 nos
1402 2748 1670 2793 adulterum

268 2825 445 2884 stylum
494 2824 711 2869 intulisse
760 2824 1007 2870 videamur
1055 2824 1326 2885 Scriptu1·iS‚
1376 2825 1458 2884 qui
1507 2841 1672 2871 sumus
