2034 3204
180 1626 227 1666 15

347 214 637 258 CONCILII
674 214 1284 259 OONSTANTINOPOL.
1318 216 1493 259 UNIV.
1553 217 1636 262 391

240 324 445 378 Νικαίαν
492 325 761 394 πρεσβείων
799 327 859 396 τῇ
902 325 1190 396 Ἀντιοχέων
1232 326 1521 397 Ἐκκλησία·
1564 329 1642 380 καὶ

237 409 347 468 τοὺς
377 414 462 477 τῆς
486 410 720 477 Ἀσιανῆς
755 410 1028 478 διοικήσεως
1060 410 1390 468 Ἐπισκόπους
1424 411 1486 465 τὰ
1521 411 1643 466 κατὰ

237 494 326 562 τὴν
349 495 586 563 Ἀσιανὴν
609 496 758 562 μόνον
787 500 1065 564 οἰκονομεῖν,
1094 499 1171 550 καὶ
1198 495 1309 554 τοὺς
1342 500 1427 564 τῆς
1464 502 1642 551 Ποντι-

238 585 340 648 κῆς,
366 582 428 635 τὰ
452 584 538 648 τῆς
572 584 808 648 Ποντικῆς
845 581 985 648 μόνα,
1016 583 1094 635 καὶ
1128 580 1239 639 τοὺς
1271 585 1357 649 τῆς
1383 586 1644 654 Θρᾳκικῆς,

201 682 225 723 5
239 665 299 720 τὰ
323 669 408 733 τῆς
427 669 669 737 Θρᾳκικῆς
692 665 840 732 μόνον
866 669 1140 732 οἰκονομεῖν·
1182 665 1420 733 ἀκλήτους
1439 665 1488 718 δὲ
1503 666 1642 720 Ἐπι-

238 750 452 808 σκόπους
489 751 604 821 ὑπὲρ
632 751 866 818 διοίκησιν
897 750 964 818 μὴ
989 753 1245 814 ἐπιβαίνειν
1276 753 1352 805 ἐπὶ
1384 752 1647 823 χειροτονίᾳ

239 837 275 903 ἥ
293 860 422 891 τισιν
451 837 627 894 ἄλλαις
652 837 934 903 οἰκονομίαις
966 838 1402 903 ἐκκλησιαστικαῖς.
1446 842 1642 891 Φυλατ-

238 922 436 988 τομένου
461 921 510 974 δὲ
533 928 619 975 τοῦ
651 920 1076 991 προγεγραμμένου
1111 924 1218 991 περὶ
1248 927 1345 975 τῶν
1370 921 1648 989 διοικήσεων

239 1006 453 1073 κανόνος,
492 1010 694 1074 εὔδηλον
731 1009 796 1064 ὡς
836 1006 897 1060 τὰ
938 1007 1047 1060 καθ’
1090 1006 1299 1075 ἑκάστην
1342 1010 1574 1078 ἐπαρχίαν
1617 1009 1647 1074 ἡ

181 1119 228 1145 10
239 1095 324 1159 τῆς
361 1093 588 1163 ἐπαρχίας
627 1090 835 1148 Σύνοδος
865 1091 1109 1159 διοικήσει,
1139 1092 1260 1146 κατὰ
1298 1092 1359 1147 τὰ
1396 1095 1446 1146 ἐν
1471 1094 1649 1164 Νικαίᾳ

241 1177 498 1247 ὡρισμένω
539 1176 625 1234 τὰς
674 1177 724 1230 δὲ
767 1179 817 1230 ἐν
857 1182 954 1234 τοῖς
993 1183 1309 1248 βαρβαρικοῖς
1355 1180 1513 1233 ἔθνεσι
1562 1186 1648 1232 τοῦ

242 1267 369 1316 Θεοῦ
393 1262 690 1328 Ἐκκλησίας
715 1265 1063 1329 οἰκονομεῖσθαι
1094 1262 1187 1334 χρὴ
1210 1263 1333 1318 κατὰ
1356 1263 1445 1330 τὴν
1470 1264 1646 1333 κρατή-

240 1371 409 1401 σασαν
433 1346 687 1414 συνήθειαν
711 1350 808 1400 τῶν
835 1348 1084 1416 Πατέρων.

316 1602 418 1656 Τὸν
467 1602 554 1669 μέν
603 1625 677 1655 τοι
738 1606 1297 1663 Κωνσταντινουπόλεως
1347 1606 1652 1660 Ἐπίσκοπον

240 1688 361 1758 ἔχειν
397 1687 459 1741 τὰ
494 1692 728 1756 πρεσβεῖα
765 1691 849 1754 τῆς
888 1692 1026 1755 τιμῆς
1068 1690 1187 1755 μετὰ
1227 1690 1312 1744 τὸν
1345 1695 1431 1758 τῆς
1460 1692 1651 1758 Ῥώμης

241 1771 561 1836 Ἐπίσκοπον,
589 1770 666 1823 διὰ
689 1771 745 1825 τὸ
770 1771 883 1825 εἶναι
908 1772 1056 1839 αὐτὴν
1082 1774 1191 1827 νέαν
1215 1775 1425 1841 Ῥώμην.

244 1984 331 2019 tum
359 1979 584 2030 gubernent,
611 1980 772 2019 servatis
801 1980 918 2031 privi-

244 2034 354 2085 legiis
376 2047 474 2085 quae
502 2034 542 2072 Ν
544 2034 684 2073 icaenis
711 2035 919 2074 canonibus

246 2088 437 2127 Ecclesiae
472 2087 736 2127 Antiochenae
772 2089 920 2128 tributa

245 2147 345 2181 sunt.
403 2142 569 2181 Asianae
596 2156 748 2194 quoque
773 2143 920 2182 dioece-

245 2209 329 2235 seos
367 2196 548 2248 Episcopi
585 2210 629 2236 ea
657 2198 792 2245 solum,
823 2211 920 2249 quae

245 2255 336 2289 sunt
360 2250 401 2288 in
420 2250 565 2288 Asiana
587 2251 750 2290 dioecesi
768 2251 921 2302 dispen-

245 2309 340 2343 sent.
411 2304 573 2344 Necnon
605 2310 644 2345 et
677 2306 790 2344 Ponti
828 2306 921 2357 Epi-

244 2358 350 2409 scopi
380 2372 425 2397 ea
454 2363 608 2398 tantum
635 2373 732 2410 quae
761 2365 852 2398 sunt
879 2361 920 2398 in

247 2413 382 2460 Ponto,
410 2417 449 2451 et
476 2413 724 2452 Thraciarum
753 2427 851 2465 quae
879 2414 920 2452 in

246 2466 418 2505 Thraciis
437 2472 538 2514 sunt,
558 2468 783 2518 gubernent.

302 2521 394 2559 Non
423 2521 550 2560 vocati
579 2527 710 2560 autem
738 2521 920 2573 Episcopi

246 2575 349 2613 ultra
367 2588 476 2612 suam
494 2575 684 2614 dioecesin
711 2589 789 2614 non
816 2589 920 2614 acce-

247 2629 341 2667 dant
368 2634 528 2679 propter
546 2629 805 2668 ordinationes
832 2629 922 2667 faci-

247 2683 374 2730 endas,
393 2683 455 2720 vel
482 2688 641 2734 propter
658 2683 751 2722 alias
770 2683 922 2734 dispen-

247 2737 412 2776 sationes
432 2737 711 2776 ecclesiasticas.
763 2737 922 2776 Servata

247 2804 339 2829 vero
371 2804 468 2841 quae
504 2791 646 2842 scripta
677 2796 735 2830 est
767 2792 815 2830 de
850 2804 919 2842 gu-

246 2845 534 2884 bernationibus
570 2845 712 2896 regula,
745 2845 920 2884 manifes-

973 1987 1058 2021 tum
1087 1988 1156 2031 est,
1186 1984 1290 2035 quod
1326 1984 1402 2032 illa,
1433 1998 1530 2036 quae
1560 1991 1650 2024 sunt

974 2050 1044 2100 per
1066 2051 1374 2102 unamquamque
1399 2040 1649 2090 provinciam,

974 2091 1094 2142 ipsius
1121 2093 1340 2143 provinciae
1369 2093 1546 2144 Synodus
1574 2094 1650 2132 dis-

974 2151 1119 2196 penset,
1157 2147 1256 2186 sicut
1294 2147 1346 2185 N
1336 2161 1468 2186 lcaeno
1500 2154 1651 2187 constat

974 2200 1171 2239 decretum
1190 2215 1271 2240 esse
1291 2202 1473 2240 Concilio.
1521 2203 1652 2241 Eccle-

974 2254 1049 2294 sias
1086 2261 1216 2294 autem
1254 2256 1328 2294 Dei
1365 2256 1406 2294 in
1443 2257 1651 2295 barbaricis

973 2309 1153 2359 gentibus
1185 2311 1414 2350 constitutas
1445 2311 1651 2362 gubernari

974 2364 1153 2403 convenit
1183 2365 1300 2416 juxta
1336 2366 1652 2403 consuetudinem

975 2431 1072 2469 quae
1091 2423 1149 2457 est
1168 2432 1191 2456 a
1210 2419 1388 2458 Patribus
1406 2420 1619 2458 observata.

1158 2504 1352 2543 CANON
1382 2504 1462 2542 III.

1030 2576 1294 2614 Veruntamen
1327 2575 1654 2627 Constantinopo-

975 2630 1117 2668 litanus
1155 2630 1370 2680 Episcopus
1408 2630 1547 2669 habeat
1583 2631 1651 2669 ho-

975 2684 1080 2722 noris
1099 2684 1308 2734 primatum
1326 2689 1415 2734 post
1435 2684 1652 2723 Romanum

977 2738 1222 2789 Episcopum,
1231 2743 1435 2788 propterea
1446 2739 1549 2790 quod
1561 2740 1652 2777 urbs

975 2792 1058 2843 ipsa
1076 2792 1126 2831 sit
1138 2792 1270 2844 junior
1288 2792 1425 2832 Roma.
