2034 3204
425 239 512 279 204
865 236 1391 282 ANNOTATIONES

483 346 532 388 P.
551 359 643 401 149.
674 346 701 388 1.
723 347 787 387 16.
818 346 997 403 aliquem
1029 348 1339 405 Hermogenem
1369 347 1565 404 ostendit]
1597 348 1718 391 Hanc
1747 347 1829 391 lec-

424 403 579 445 tionem
608 403 882 446 revocandam
913 404 1063 454 censui,
1085 405 1202 461 cujus
1231 406 1320 447 loco
1350 405 1559 463 Rigaltius
1587 405 1631 447 in
1661 406 1725 448 ed.
1753 420 1829 448 sua

424 460 643 517 posteriori
671 461 807 518 posuit
837 462 1012 517 aliquid
1045 464 1339 519 Hemnoyenis.
1413 463 1533 520 Sapit
1566 463 1674 505 enim
1709 468 1829 506 vetus

423 519 545 561 lectio
575 519 714 561 stilum
744 519 1002 569 Tertulliani,
1024 520 1095 575 qui
1124 519 1167 562 in
1197 520 1349 563 celebri
1378 520 1467 563 loco
1496 521 1592 563 libri
1616 521 1668 563 de
1691 521 1829 563 Carne

424 576 593 626 Christi,
624 591 713 633 cap.
730 590 797 630 14,
827 577 931 631 haec
960 577 1126 627 scribit3
1159 584 1170 600 ‘
1192 577 1353 620 Poterit
1382 578 1486 621 haec
1515 578 1652 635 opinio
1677 578 1864 626 Ebioni5

425 641 435 657 ‘
456 634 775 690 convenire,¹qui
795 633 952 675 nudum
966 633 1186 684 hominem,
1202 640 1245 677 et
1259 641 1422 678 tantum
1437 650 1490 678 ex
1506 635 1660 678 semine
1675 635 1828 686 David,

424 698 435 714 ‘
457 706 540 733 non
566 691 665 734 item
686 698 730 733 et
750 691 830 733 Dei
851 691 1000 733 Filium
1029 691 1241 734 constituit
1259 693 1289 734 J
1291 707 1431 742 esum;
1461 693 1585 749 plane
1607 693 1830 750 Prophetis

425 756 435 772 ‘
457 749 594 804 aliquo
625 748 924 806 gloriosiorem,
947 754 994 790 ut
1023 748 1084 791 ita
1111 749 1155 791 in
1183 749 1253 791 illo
1282 750 1468 807 Angelus
1497 750 1622 792 fuisse
1652 750 1828 800 dicatur,

426 813 435 829 ‘
458 806 804 863 quemadmodum
824 807 873 848 in
892 807 1042 862 aliquo
1062 806 1290 849 Zacharia.’

483 864 588 906 Ibid.
611 864 638 905 l.
658 876 725 906 21.
748 863 871 919 jubet
901 863 1122 920 castigare]
1159 864 1300 921 Vulgo
1319 865 1509 919 jubetur.
1571 864 1656 907 Sed
1685 863 1830 906 editio·
1845 878 1893 903 10

424 936 523 963 num
550 920 744 987 Rhenani
774 926 817 964 et
847 920 977 963 Paris.
1001 921 1160 977 primae
1189 921 1419 971 lectionem,
1440 922 1469 964 J
1471 921 1568 964 unio
1597 921 1829 978 probatam,

423 993 625 1021 revocavl.

482 1037 530 1078 P.
551 1050 643 1092 150.
664 1036 693 1078 l.
715 1049 756 1091 5.
785 1041 1016 1078 creatorem
1036 1036 1104 1078 An
1136 1036 1244 1078 elum
1274 1035 1410 1078 nescio
1430 1034 1574 1093 quem]
1603 1036 1829 1092 Anyelum,

423 1094 640 1137 lectionem
660 1100 848 1136 veterum
875 1099 974 1136 ante
994 1093 1106 1151 Riga
1122 1093 1224 1135 tium
1251 1093 1479 1136 editionum
1505 1107 1581 1149 pro
1601 1093 1673 1136 illa
1691 1094 1833 1150 Ληρε-

424 1153 577 1202 lorum,
590 1152 696 1194 bene
715 1151 924 1194 revocavit
940 1151 1094 1208 Lupus.
1138 1151 1223 1194 Sed
1235 1166 1334 1194 vero
1354 1150 1554 1208 praetulit
1571 1152 1831 1206 Anyelorum
1847 1163 1893 1202 15

423 1209 682 1259 Thomasius,
703 1209 813 1265 quia,
834 1216 882 1251 ut
902 1214 1041 1251 censet
1067 1214 1290 1251 annotator
1317 1209 1418 1266 ejus,
1440 1207 1593 1264 alioqui
1621 1208 1832 1251 diceretur

423 1267 705 1309 Tertullianus
734 1267 950 1316 erravisse,
986 1281 1114 1323 quum
1145 1267 1344 1308 Irenaeus
1373 1280 1464 1322 cap.
1489 1278 1543 1308 20
1578 1265 1674 1308 libri
1708 1264 1833 1322 primi

422 1324 627 1374 retulerit,
669 1324 877 1367 Simonem
916 1338 1084 1381 magum
1130 1324 1355 1366 affirmasse
1394 1323 1579 1380 Angelos
1623 1322 1832 1367 creavisse

422 1382 646 1432 mundum3
683 1382 785 1424 illud
815 1381 944 1439 igitur
973 1381 1152 1438 primum
1182 1396 1265 1424 non
1295 1381 1481 1424 docuisse
1511 1381 1713 1437 Apellem.
1773 1381 1833 1424 At

422 1455 536 1490 vero,
566 1446 861 1497 praeterquam
891 1439 1003 1495 quod
1031 1439 1153 1482 lectio
1182 1440 1446 1495 Anqelorum
1475 1437 1648 1480 difficilis
1681 1443 1725 1481 et
1760 1437 1830 1481 vix
1845 1454 1896 1480 20

422 1498 598 1540 ferenda
617 1503 693 1546 est,
714 1496 896 1539 ostendit
921 1497 1000 1538 hoc
1029 1497 1118 1539 loco
1139 1496 1420 1539 Tertullianus
1440 1495 1628 1552 Apellem
1657 1495 1830 1539 creatio-

424 1570 519 1598 nem
543 1554 686 1597 mundi
713 1554 951 1597 attribuisse
975 1553 1161 1596 inferiori
1188 1554 1351 1596 cuidam
1371 1554 1478 1604 Deo,
1499 1552 1580 1595 Dei
1606 1553 1830 1609 superioris

424 1613 601 1679 Angelo,
632 1613 673 1655 h.
696 1627 732 1654 e.
753 1612 911 1661 nuntio,
941 1611 1066 1669 ignea
1094 1617 1246 1654 natura
1273 1610 1476 1677 praedito,
1498 1625 1581 1652 non
1611 1625 1709 1653 vero
1739 1610 1833 1653 An-

423 1671 552 1728 gel1s3
574 1670 617 1712 id
637 1669 748 1726 quod
770 1668 926 1713 Simoni
945 1669 1118 1725 aliisque
1138 1669 1358 1712 haereticis
1376 1668 1580 1725 placebat.
1626 1668 1831 1711 Mundum

423 1729 478 1771 ab
518 1727 695 1785 Angelis
734 1727 817 1769 suis
863 1726 1096 1769 institutum
1143 1741 1233 1769 esse
1279 1726 1385 1769 dixit
1425 1725 1580 1777 Simon,
1620 1725 1830 1769 referente
1846 1740 1894 1778 25

424 1785 612 1828 Auctore
632 1800 838 1842 anonymo
858 1785 972 1827 advs.
996 1784 1151 1827 Omnes
1172 1785 1391 1834 Haereses,
1413 1797 1501 1840 cap.
1522 1795 1559 1825 2.

484 1843 590 1885 Ibid.
612 1843 637 1884 l.
661 1856 670 1884 ι
681 1854 723 1900 5.
749 1857 856 1908 quae
888 1841 1054 1898 quando
1079 1841 1247 1892 fuerint,
1281 1842 1380 1884 dum
1414 1855 1496 1882 non
1531 1839 1694 1883 intersit
1723 1854 1831 1897 quae

423 1901 590 1957 quando
611 1901 664 1943 de
684 1906 860 1943 veritate
888 1915 970 1942 non
994 1899 1096 1954 sint]
1126 1899 1194 1942 Sic
1214 1899 1332 1942 editt.
1355 1898 1560 1942 Rhenani.
1621 1897 1695 1940 Ait
1715 1898 1831 1940 Sem-

423 1959 535 2001 lcrus
557 1965 566 1982 ‘
588 1958 740 2001 Junius
766 1957 850 2001 ita:
881 1972 992 2014 quae
1018 1959 1192 2014 quando
1206 1958 1397 2013 fuerint,
1419 1964 1509 1998 tum
1535 1970 1620 1998 non
1646 1957 1828 1999 intersit.

425 2024 434 2040 ‘
462 2016 716 2059 Wouwerius
767 2015 1028 2058 scribendum
1083 2021 1236 2064 censet,
1277 2016 1453 2070 fiber-int
1507 2028 1592 2056 non
1644 2013 1829 2056 intersit.
1844 2030 1895 2068 30

425 2082 436 2098 ⁴
460 2075 608 2117 Putem
648 2079 762 2117 recte
802 2073 958 2116 habere
1005 2072 1199 2115 Rhenani
1250 2072 1310 2127 [h.
1353 2086 1389 2114 e.
1438 2071 1504 2114 ed.
1550 2070 1798 2127 principem]
1807 2073 1830 2112 .'

427 2133 545 2174 Haec
576 2131 747 2175 Semler.
810 2130 1102 2173 Interscrcndo
1132 2129 1292 2172 addunt
1320 2128 1565 2186 particulam
1599 2130 1704 2171 dum
1733 2133 1832 2171 ante

426 2205 546 2232 voces
572 2191 625 2232 de
650 2191 832 2232 veritate
860 2203 945 2231 mm
973 2189 1075 2237 sint,
1096 2187 1190 2230 edd.
1213 2186 1342 2230 Paris.
1369 2192 1546 2243 utraque
1576 2192 1620 2229 et
1648 2185 1833 2229 Franek.

427 2247 569 2290 Edidit
591 2246 968 2305 Rigaltius——qaae
994 2247 1168 2301 quando
1182 2246 1371 2301 fuerint,
1392 2245 1620 2287 dummodo
1645 2244 1830 2294 intersit,

454 2320 536 2347 uae
555 2306 742 2362 quando,
764 2306 868 2346 dum
888 2305 942 2346 de
959 2304 1142 2346 veritate
1166 2317 1252 2345 mm
1277 2304 1378 2345 sint.
1443 2301 1525 2345 Sed
1555 2306 1831 2357 reposuerunt
1843 2308 1894 2348 35

448 2378 569 2420 iupus
596 2368 722 2419 atquc
750 2360 995 2403 Thomasius
1023 2361 1128 2403 dum
1153 2374 1238 2403 non
1261 2361 1447 2402 intersit.
1514 2358 1665 2400 Totum
1696 2358 1830 2401 locum

426 2421 485 2463 ita
509 2419 693 2477 legerim,
715 2425 758 2462 et
781 2417 1122 2475 interpunxerim,
1146 2423 1155 2441 ‘
1169 2418 1355 2473 Eliyam
1375 2418 1513 2472 iyimr
1532 2416 1618 2459 siin·
1639 2422 1831 2472 tempora

425 2488 435 2502 ⁴
459 2480 683 2521 universae
712 2478 916 2525 haereses,
947 2476 1121 2532 quando
1146 2475 1334 2531 fuerint,
1367 2488 1497 2530 quum
1536 2488 1620 2516 non
1659 2474 1831 2517 intersit

426 2545 435 2560 ⁸
458 2551 581 2593 qtme.
603 2536 777 2592 quando
796 2535 849 2577 dc
868 2535 1049 2577 veritate
1069 2547 1153 2575 non
1172 2533 1287 2575 sint!

488 2593 590 2635 lbid.
623 2593 648 2635 Ι.
674 2605 740 2645 24.
771 2591 877 2634 aliae
907 2590 1072 2647 quidem
1103 2589 1198 2633 illac
1227 2588 1412 2645 fuerunt]
1443 2589 1596 2631 Vocem
1622 2588 1728 2631 illae
1758 2602 1829 2630 ex·
1844 2600 1895 2634 40

427 2650 574 2708 punxit
596 2649 815 2706 Rigaltius,
837 2664 960 2706 quain
982 2647 1183 2691 revocavi.

488 2707 590 2750 Ibid.
628 2708 653 2750 l.
689 2720 712 2749 2
715 2721 755 2764 5.
790 2713 933 2765 postca
967 2706 1140 2748 obortae
1178 2704 1377 2761 quasdam
1418 2717 1470 2746 ex
1506 2702 1584 2746 illis
1618 2701 1829 2759 opiniones

427 2765 750 2822 usurpaverunt]
800 2765 865 2807 lta
903 2763 1001 2806 odit.
1043 2762 1247 2820 princeps,
1289 2761 1404 2818 cujus
1449 2759 1663 2803 lectionem
1711 2773 1829 2802 revo-

424 2823 525 2870 vavi,
558 2838 582 2864 n
613 2822 740 2865 ,lunio
771 2821 864 2864 olim
902 2821 1130 2878 probatam.
1208 2819 1346 2862 Habet
1377 2816 1584 2897 Rigaltius
1614 2818 1827 2873 quiddam

422 2896 472 2918 m·
506 2881 594 2922 illia
628 2887 951 2935 umnyuwermne.
1020 2879 1161 2920 l⁴lxstut
1195 2877 1236 2919 in
1267 2876 1383 2919 editt.
1420 2874 1544 2919 laris.
1579 2881 1753 2930 utruque
1785 2880 1891 2923 0t45
