2034 3204
478 252 564 294 DE
597 250 810 293 OPERE
843 251 921 293 ΕΤ
953 251 1442 306 ELEEMOSYNIS.
1559 250 1638 293 311

245 359 485 406 dedecoris
519 375 574 406 ac
607 358 921 419 turpitudinis
958 374 1072 405 suae
1106 359 1252 405 rubor
1284 360 1463 411 caedat,
1498 364 1647 418 ponat

244 436 574 497 unusquisque
609 444 719 482 ante
752 437 911 482 oculos
946 451 1056 482 suos
1083 436 1327 482 diabolum
1357 451 1466 482 cum
1497 435 1647 481 servis

245 513 360 568 suis,
396 513 447 558 id
486 519 569 566 est,
607 528 715 558 cum
752 514 929 573 populo
964 513 1244 573 perditionis
1286 528 1340 559 ac
1376 514 1558 568 morti8‚
1595 514 1647 560 in

245 590 457 636 medium
480 589 724 650 prosilire;
759 590 943 650 plebem
963 589 1161 643 Christi,
1181 596 1428 650 praesente
1451 596 1499 636 et
1516 590 1649 652 judi-

208 679 231 720 5
245 673 383 714 cante
409 667 527 727 ipso,
551 667 918 727 comparationis
949 667 1168 713 examine
1196 682 1465 727 provocare,
1490 667 1649 713 dicen-

245 751 358 799 tem,
396 745 505 807 Ego
545 760 631 804 pro
667 745 773 790 istis
810 760 928 805 quos
966 760 1151 791 mecum
1192 744 1325 791 vides
1362 760 1448 790 nec
1484 746 1647 804 alapas

244 822 416 883 accepi,
440 839 524 868 nec
549 822 737 884 flagella
767 822 988 875 sustinui,
1014 838 1098 868 nec
1129 838 1316 868 crucem
1347 822 1537 883 pertuli,
1563 837 1648 868 nec

245 899 528 962 sanguinem
550 899 667 952 fudi,
694 915 778 945 nec
801 899 1033 945 familiam
1059 915 1213 946 meam
1237 899 1390 960 pretio
1413 899 1648 960 passionis

245 984 293 1024 et
331 977 512 1024 cruoris
558 977 774 1032 redemi3
827 979 908 1023 sed
950 993 1034 1024 nec
1074 993 1275 1039 regumn
1315 977 1411 1023 illis
1448 979 1649 1023 coeleste

186 1075 233 1101 10
245 1055 485 1115 promitt0‚
510 1070 595 1101 nec
630 1056 690 1100 ad
725 1054 1000 1114 paradisum
1032 1055 1255 1101 restituta
1289 1054 1650 1100 immortalitate

245 1134 401 1179 denuo
424 1147 620 1186 revoco;
658 1139 706 1178 et
729 1148 929 1178 munera
953 1133 1073 1179 mihi
1097 1148 1242 1192 quam
1267 1132 1486 1192 pretiosa,
1502 1148 1648 1192 quam

244 1210 462 1273 grandia,
486 1225 632 1270 quam
654 1209 804 1255 nimio
827 1216 876 1256 et
900 1212 1041 1271 longo
1065 1210 1224 1255 labore
1247 1209 1465 1269 quaesita
1488 1225 1650 1270 sump-

246 1288 532 1334 tuosissimis
577 1287 887 1347 apparatibus
927 1293 1220 1346 comparant,
1257 1288 1398 1333 rebus
1438 1287 1538 1333 suis
1574 1289 1649 1333 vel

246 1365 470 1427 obligatis
504 1365 555 1411 in
590 1364 801 1411 muneris
830 1363 1183 1424 comparatione
1206 1366 1280 1409 vel
1305 1364 1546 1420 venditis;
1595 1380 1650 1411 ac

185 1456 232 1495 15
246 1442 340 1489 nisi
377 1442 524 1488 editio
560 1442 760 1487 honesta
796 1441 1085 1494 successerit,
1123 1440 1349 1486 conviciis
1396 1456 1449 1486 ac
1496 1441 1650 1486 sibilis

245 1520 519 1582 ejiciuntur,
543 1525 591 1564 et
613 1518 773 1564 furore
796 1517 1017 1578 populari
1041 1533 1386 1578 nonnunquam
1411 1533 1560 1578 paene
1583 1519 1651 1563 la-

246 1595 486 1656 pidantur.
557 1595 690 1641 Tuos
724 1596 842 1641 tales
876 1594 1189 1650 munerarios,
1218 1594 1425 1648 Christe,
1454 1596 1650 1640 demon-

245 1680 357 1724 stra,
382 1673 488 1719 illos
511 1672 698 1725 divites,
723 1672 829 1718 illos
858 1672 1060 1732 copiosis
1096 1672 1267 1732 opibus
1302 1671 1562 1725 affluenteS,
1588 1687 1651 1717 an

245 1750 298 1796 in
338 1749 555 1796 Ecclesia
601 1749 900 1810 praesidente
945 1756 994 1795 et
1038 1755 1282 1809 spectante
1322 1756 1370 1795 te
1416 1748 1651 1810 ejusmodi

185 1844 234 1870 20
247 1842 422 1873 munus
450 1828 608 1881 edant,
632 1826 956 1888 oppigneratis
980 1827 1055 1871 vel
1085 1826 1327 1872 distractis
1361 1827 1503 1872 rebus
1536 1826 1651 1881 suis,

247 1904 394 1950 immo
418 1905 479 1950 ad
501 1906 724 1950 coelestes
755 1904 1004 1950 thesauros
1038 1910 1225 1950 mutata
1260 1904 1311 1950 in
1343 1904 1513 1950 melius
1546 1919 1652 1964 pos-

247 1981 453 2028 sessione
476 1981 735 2028 translatis.
806 1981 865 2027 In
888 1981 994 2027 istis
1018 1981 1296 2028 muneribus
1321 1982 1439 2028 meis
1462 1982 1652 2028 caducis

248 2065 392 2120 atque
428 2058 628 2105 terrenis
663 2059 802 2105 n'emo
835 2059 1061 2119 pascitur,
1097 2075 1237 2105 nemo
1264 2060 1480 2114 vestitur,
1512 2075 1652 2106 nemo

249 2136 342 2183 cibi
377 2136 580 2198 alicujus
615 2143 700 2182 aut
732 2145 875 2196 potus
909 2136 1079 2182 solatio
1115 2137 1393 2183 sustinetur.
1465 2137 1653 2183 Cuncta

187 2225 235 2264 25
248 2214 375 2260 inter
398 2215 606 2259 furorem
637 2214 819 2260 edentis
843 2220 891 2260 et
918 2214 1176 2274 spectantis
1211 2230 1418 2261 errorem
1449 2214 1653 2278 prodiga

248 2296 297 2336 et
341 2292 490 2336 stulta
519 2292 821 2350 voluptatum
856 2290 1195 2337 frustrantium
1236 2291 1450 2337 vanitate
1486 2292 1654 2351 deper-

249 2374 378 2414 eunt.
426 2367 531 2413 Illic
554 2367 606 2413 in
628 2367 918 2428 pauperibus
942 2368 1040 2414 tuis
1063 2374 1118 2414 tu
1142 2368 1331 2414 vestiris
1354 2375 1404 2414 et
1428 2368 1651 2428 pasceris,

249 2450 305 2491 tu
329 2450 569 2491 aeternam
593 2445 743 2491 vitam
766 2445 1072 2505 operantibus
1097 2445 1364 2506 polliceris;
1399 2451 1448 2491 et
1471 2445 1554 2491 vix
1578 2445 1651 2492 tui

250 2524 369 2570 meis
399 2525 706 2584 pereuntibus
729 2527 1070 2585 adaequantur,
1095 2525 1179 2585 qui
1204 2541 1232 2571 a
1255 2532 1302 2571 te
1326 2524 1505 2570 divinis
1529 2540 1653 2571 mer-

185 2628 237 2665 30
249 2602 442 2648 cedibus
460 2609 507 2648 et
524 2602 748 2662 praemiis
770 2602 1050 2648 coelestibus
1073 2603 1383 2648 honorantur.
1437 2602 1566 2655 Quid
1591 2604 1652 2648 ad

250 2680 366 2725 haec
389 2681 741 2739 respondemus,
756 2679 927 2726 fratres
945 2679 1217 2726 carissimi?
1258 2679 1499 2742 Sacrilega
1517 2681 1653 2726 steri-

250 2757 385 2803 litate
419 2764 467 2803 et
502 2758 709 2819 quadam
745 2757 1048 2803 tenebrarmn
1083 2763 1219 2802 nocte
1254 2763 1498 2816 coopertas
1529 2756 1653 2802 divi-

250 2842 353 2881 tum
396 2840 577 2880 mentes
611 2849 707 2894 qua
748 2833 932 2879 ratione
971 2833 1284 2886 defendimus,
1322 2848 1418 2893 qua
1458 2849 1651 2881 excusa—
