1988 3216
365 204 450 246 100
799 206 1328 250 TERTULLIANUS.

363 311 479 359 mina,
509 324 607 363 quae
636 312 699 351 hio
728 326 806 351 non
838 314 1023 362 nominat,
1049 319 1089 353 et
1120 319 1250 353 tamen
1282 314 1365 365 jam
1394 319 1480 352 tum
1517 312 1673 364 periisse
1703 311 1770 349 vix

364 377 468 415 credi
485 377 618 428 possit.
677 377 801 417 Fuere
819 378 917 418 liber
935 380 983 418 de
994 379 1160 418 Animae
1180 379 1455 418 Summissione
1473 380 1538 417 duc.
1590 376 1662 430 [Hi
1681 376 1770 415 libri

364 456 496 482 omnes
514 456 537 480 a
556 443 732 482 Fabricio
754 444 838 495 jam
863 458 979 496 supra
1003 444 1292 483 commemorati
1319 442 1503 497 fuerunt]
1561 443 1637 482 Tot
1654 442 1770 481 libro-

363 521 462 556 rum,
482 521 578 559 quos
604 509 715 548 nobis
742 509 882 548 invidit
909 510 1062 560 sequior
1088 514 1204 558 aetas,
1227 509 1259 548 si
1286 514 1380 549 tune
1407 521 1558 560 quoque
1584 507 1770 558 temporis

364 587 442 612 non
470 574 718 622 exstitissent„
736 575 872 613 titulos
897 575 1034 614 saltem
1060 575 1322 626 Hieronymus
1346 574 1553 614 memoriae
1578 586 1769 612 commen—
1782 566 1805 606 5

363 638 500 677 dasset.
540 638 897 678 VALLARSIUS.
1398 628 1401 630 ’

417 702 428 731 ¹
458 701 553 756 [Hic
589 704 753 755 denique
789 704 1047 756 adjiciendum
1083 708 1142 744 est
1180 704 1218 743 S.
1258 704 1401 743 Hilarii
1437 703 1686 743 Pictaviensis
1722 703 1770 741 de

364 768 591 807 Tertulliani
627 769 726 808 libro
763 770 811 808 de
844 768 1029 808 Oratione
1065 769 1241 820 proxime
1277 774 1455 808 secuturo
1491 768 1766 808 testimonium.

362 837 374 855 ‘
395 834 454 872 De
473 833 657 873 orationis
675 834 902 872 sacramenti
920 833 1145 872 necessitate
1163 846 1234 872 nos
1253 832 1535 872 commentandi
1555 831 1769 883 Cyprianus

365 903 375 920 ‘
394 899 455 938 vir
468 904 620 938 sanetae
638 899 846 938 memoriae
864 898 1052 938 liberavit.
1110 898 1340 950 Quanquam
1359 903 1398 938 et
1409 897 1667 937 Tertullianus
1680 897 1769 935 hinc
1784 901 1835 928 10

366 968 375 985 ‘
394 966 574 1004 volumen
601 965 844 1016 aptissimum
871 965 1093 1016 scripserit;
1121 965 1188 1004 sed
1216 977 1449 1015 consequens
1476 977 1583 1003 error
1603 962 1770 1002 hominis

366 1034 376 1051 ⁴
395 1030 566 1070 detraxit
611 1030 764 1082 scriptis
810 1030 1072 1082 probabilibus
1108 1030 1401 1069 auctoritatem?
1475 1029 1688 1068 Comment.
1728 1028 1769 1066 in

367 1096 620 1144 Matthaeum,
641 1109 721 1148 cap.
743 1110 778 1135 V.
801 1110 836 1148 p.
854 1098 943 1146 630.
965 1096 1055 1135 edit.
1078 1094 1333 1149 Benedictin]
