2034 3204
311 212 609 255 CONCILII
651 212 1279 255 CONSTANTINOPOL.
1310 213 1486 255 UNIV.

1568 214 1654 258 393

250 322 326 371 καὶ
370 320 580 390 ταραχὰς
618 325 714 373 τῶν
751 319 1080 389 εὶρηνευόντων
1118 325 1253 372 λαῶν
1292 321 1654 388 κατασκευάζειν

248 407 597 475 ἐπιχειροῦντες·
649 405 820 459 τούτου
857 406 1007 458 ἕνεκεν
1045 405 1186 475 ἤρεσε
1219 408 1279 475 τῇ
1318 407 1432 476 ἁγίᾳ
1459 405 1654 478 Συνόδῳ

248 495 344 543 τῶν
381 493 432 543 ἐν
471 490 977 545 Κωνσταντινουπόλει
1014 490 1389 560 συνδραμόντων
1413 491 1647 544 Ἐπισκό·

245 599 369 638 πων,
393 575 459 642 μὴ
497 575 825 645 ἀνεξετάστως
861 578 1151 646 προσίεσθαι
1187 574 1299 633 τοὺς
1335 575 1650 645 κατηγόρους,

211 679 234 718 5
247 660 366 728 μηδὲ
393 666 546 715 πᾶσιν
568 662 825 731 ἐπιτρέπειν
849 661 934 718 τὰς
959 663 1246 731 κατηγορίας
1268 666 1507 716 ποιεῖσθαι
1532 662 1654 716 κατὰ

249 751 346 799 τῶν
371 746 745 812 οἱκονομούντων
768 746 855 804 τὰς
879 747 1194 814 Ἐκκλησίας,
1210 745 1327 814 μηδὲ
1351 745 1447 813 μὴν
1470 746 1656 804 πάντας

247 833 528 884 ἀποκλείειν·
571 833 685 885 ἀλλ’
713 836 750 884 εὶ
775 833 863 899 μέν
887 856 959 888 τις
984 833 1156 885 οἰκείαν
1179 831 1286 886 τινὰ
1309 831 1508 903 μέμψιν,
1524 833 1652 886 τοῦτ’

245 915 395 981 ἔστιν,
416 916 666 983 ἰδιωτικὴν,
686 917 920 985 ἐπαγάγοι
934 920 1003 989 τῷ
1020 917 1320 988 Ἐπισκόπῳ,
1339 919 1404 973 ὡς
1422 925 1650 971 πλεονεκ-

246 1004 417 1068 τηθεὶς,
452 1001 481 1068 ἢ
520 1002 650 1055 ἄλλό
686 1026 732 1055 τι
769 1003 901 1072 παρὰ
938 1002 994 1056 τὸ
1033 1004 1211 1055 δίκαιον
1239 1003 1351 1071 παρ’
1384 1004 1530 1056 αὑτοῦ
1566 1026 1650 1057 πε-

186 1111 232 1136 10
246 1086 451 1149 voveam,
497 1089 572 1141 ἐπι
615 1092 712 1140 Τῶν
762 1087 987 1142 Τοιούτων
1030 1092 1329 1156 Κατηγοριῶν
1372 1086 1439 1153 μὴ
1488 1086 1649 1157 ἐξετα-

246 1170 425 1239 ζὲσθαι,
446 1173 565 1239 μήτε
588 1173 856 1242 πρόσωπον
874 1180 959 1226 τοῦ
984 1173 1269 1242 κατηγόρου,
1286 1173 1403 1240 μήτε
1428 1174 1515 1238 τὴν
1533 1177 1650 1242 θρη-

245 1278 426 1310 σκειαν·

480 1258 573 1328 χρὴ
612 1257 708 1326 γὰρ
744 1282 887 1312 παντι
924 1257 1101 1329 τρόπῳ,
1133 1257 1190 1311 τό
1226 1281 1275 1310 τε
1314 1257 1529 1313 συνειδὸς
1566 1264 1653 1311 τοῦ

244 1341 544 1395 Ἐπισκόπου
581 1342 825 1411 ἐλευθερον
862 1366 993 1406 ειναι,
1034 1346 1110 1396 καὶ
1147 1341 1232 1396 τὸν
1266 1345 1527 1396 ἀδικεῖσθαι
1566 1343 1649 1395 λε’-

244 1449 408 1493 γοντα,
435 1427 535 1484 οἵας
571 1426 632 1480 ἂν
669 1426 700 1497 ᾖ
738 1429 993 1497 θρησκείας
1029 1433 1127 1480 τῶν
1161 1428 1351 1480 δικαίων
1378 1427 1645 1498 τυγχάνειν.

183 1526 229 1565 15
246 1514 305 1563 Εὶ
343 1511 392 1564 δὲ
428 1511 830 1578 ἐκκλησιαστικὸν
867 1512 936 1578 εἴη
973 1512 1029 1565 τὸ
1066 1512 1405 1584 ἐπιφερόμενον
1429 1513 1651 1581 ἔγκλημα

240 1599 309 1668 τῷ
333 1596 637 1669 Ἐπισκόπῳ,
666 1597 771 1651 τότε
809 1597 1142 1665 δοκιμάζεσθαι
1179 1597 1273 1669 χρὴ
1311 1604 1409 1652 τῶν
1438 1622 1647 1667 κατηγο-

240 1681 452 1748 ρούντων
493 1682 553 1736 τὰ
594 1682 853 1752 πρόσωπα·

919 1683 997 1735 ἵνα
1038 1689 1232 1753 πρῶτον
1274 1683 1360 1750 μὲν
1405 1688 1649 1752 αἱρετικοῖς

239 1765 306 1832 μὴ
331 1766 418 1837 ἐξῇ
447 1768 732 1836 κατηγορίας
757 1766 878 1821 κατὰ
907 1773 1004 1821 τῶν
1034 1767 1308 1837 ὀρθοδόξων
1331 1769 1649 1823 Ἐπισκόπων

242 1851 357 1920 ὑπὲρ
381 1854 795 1918 ἐκκλησιαστικῶν
818 1853 1116 1921 πραγμάτων
1141 1859 1394 1908 ποιεῖσθαι.

1465 1858 1648 1923 Αἱρετι-

179 1963 229 1988 20
240 1935 352 1994 κους
376 1936 425 1989 δὲ
450 1938 670 2005 λέγομεν,
694 1938 804 1994 τούς
829 1961 878 1991 τε
902 1938 1055 1992 πάλαι
1081 1942 1166 2005 τῆς
1190 1940 1489 2006 Ἐκκλησίας
1521 1942 1643 1993 ἀπο-

238 2091 332 2129 pace
350 2078 572 2130 degentium
597 2079 827 2130 populorum
853 2084 913 2118 tu-

239 2132 385 2171 multus
408 2133 599 2172 concitare
623 2138 804 2172 conantes
823 2148 831 2172 :
869 2147 914 2172 ea

240 2186 287 2225 de
306 2199 418 2225 causa
436 2187 580 2238 placuit
593 2191 744 2226 sanctae
758 2188 912 2239 Synodo

240 2240 530 2292 Episcoporum,
577 2242 643 2292 qui
695 2242 913 2281 Constanti-

968 2093 1171 2131 personam
1203 2093 1272 2119 nec
1302 2081 1528 2132 religionem
1557 2094 1646 2119 exa-

967 2134 1117 2172 minari.
1158 2134 1325 2185 Oportet
1343 2135 1446 2174 enim
1463 2135 1644 2186 Episcopi

967 2189 1239 2228 conscientiam
1264 2202 1344 2228 esse
1363 2189 1542 2228 omuibus
1564 2203 1646 2228 mo-

967 2242 1027 2281 dis
1045 2243 1216 2291 liberam,
1236 2248 1276 2282 et
1295 2257 1383 2282 eum
1402 2244 1468 2295 qui
1491 2244 1563 2282 sibi
1587 2244 1645 2282 in-

240 2295 369 2346 nopoli
411 2300 680 2343 convenerunt,
717 2309 787 2335 nec
832 2296 914 2335 sine
963 2297 1106 2348 jur-iam
1125 2298 1265 2336 factam
1291 2311 1371 2336 esse
1394 2298 1499 2345 dicit,
1519 2299 1644 2349 cujus—

240 2349 415 2388 examine
465 2350 669 2389 admittere
721 2356 913 2390 accusato-

238 2416 310 2450 reS,
348 2417 418 2442 nec
455 2403 642 2451 omnibus,
676 2418 809 2442 eorum
846 2405 912 2456 qui

240 2457 427 2496 Ecclesias
454 2458 734 2505 administrant,
763 2472 913 2497 accusa-

238 2511 363 2550 tiones
399 2512 633 2562 permittere,
671 2525 741 2551 nec
781 2526 912 2551 omnes

239 2566 450 2604 excludere.
521 2565 596 2604 Sed
633 2566 664 2604 si
703 2566 788 2617 quis
825 2581 911 2618 pro-

238 2619 362 2670 priam
381 2620 536 2670 quidem
554 2621 759 2671 querelam,
779 2621 819 2659 id
842 2626 911 2669 est,

239 2673 440 2724 privatam,
487 2674 663 2713 intendat
709 2675 911 2726 Episcopo,

239 2733 283 2766 ut
311 2741 524 2778 oppressus,
544 2729 604 2766 vel
627 2728 767 2779 injuria
784 2729 912 2780 aliqua

238 2783 286 2819 ab
324 2782 407 2832 ipso
444 2782 610 2830 affectus,
648 2783 687 2820 in
726 2783 908 2833 ejusmodi

239 2836 541 2875 accusationibus
578 2851 646 2875 nec
684 2838 911 2876 accusatoris

968 2364 1130 2402 cumque
1149 2352 1201 2391 sit
1218 2352 1425 2403 religionis,
1438 2353 1505 2403 jus
1530 2365 1644 2390 suum

968 2406 1151 2444 obtinere.
1210 2406 1251 2444 Si
1276 2412 1406 2445 autem
1429 2407 1480 2446 sit
1498 2407 1643 2444 crimen

968 2459 1265 2498 ecclesiasticum
1303 2461 1406 2511 quod
1451 2461 1643 2511 Episcopo

967 2514 1192 2561 intenditur,
1223 2519 1316 2552 tunc
1353 2515 1563 2553 examinari
1602 2529 1643 2552 o-

967 2572 1097 2618 portet
1142 2581 1324 2618 personas
1366 2573 1640 2616 accusatorum,

967 2627 1012 2660 ut
1048 2622 1217 2672 primum
1249 2622 1405 2672 quidem
1442 2623 1643 2662 haereticis

967 2689 1044 2714 non
1076 2676 1189 2714 liceat
1218 2676 1454 2715 orthodoxos
1484 2677 1643 2728 Episco-

966 2743 1036 2780 pos
1068 2730 1115 2768 de
1145 2731 1259 2768 rebus
1290 2730 1552 2770 ecclesiasticis
1581 2745 1642 2770 ac-

966 2797 1106 2823 cusare.
1148 2784 1372 2823 Haereticos
1397 2789 1526 2824 autem
1549 2786 1623 2824 dici

967 2851 1062 2885 mus,
1097 2843 1134 2876 et
1166 2839 1229 2888 qui
1264 2839 1355 2876 olim
1394 2839 1440 2877 ab
1474 2840 1641 2879 Ecclesia
