2034 3204
406 208 489 247 124
905 206 1303 249 TERTULLIANI

403 318 564 376 lapsus
597 332 626 361 a
657 317 822 377 regula
852 315 1013 368 fuerit,
1036 315 1143 361 ideo
1166 316 1382 360 haereses
1407 314 1657 360 veritatem
1681 313 1811 358 vide-

403 394 584 439 buntur
606 393 847 438 obtinere?
874 392 955 437 Ex
978 392 1191 452 personis
1214 393 1470 451 probamus
1495 390 1649 442 fidem,
1666 406 1728 435 an
1751 405 1810 435 ex

185 484 289 516 Matt.
308 484 352 515 xi.
403 470 496 516 fide
526 485 750 530 personas
769 470 791 515 Ρ
830 470 984 515 Nemo
1015 469 1203 529 sapiens
1227 475 1315 525 est,
1340 469 1433 515 nisi
1457 468 1636 514 fidelis:
1673 482 1812 513 nemo

189 538 238 570 ¹9,
260 537 310 568 ²5'
403 549 572 609 major,
607 547 702 593 nisi
736 546 1072 592 Christianus:
1121 561 1261 591 nemo
1295 552 1455 591 autem
1491 545 1812 597 Christianus,

184 631 389 663 Matt.x.22·.
404 625 499 670 nisi
535 624 620 684 qui
662 625 721 669 ad
769 622 912 668 finem
957 639 1108 682 usque
1153 622 1538 682 perseveraverit.
1627 622 1720 675 Tu,
1758 626 1850 670 ut5

404 702 563 756 homo,
588 701 897 750 extrinsecus,
916 715 1307 759 unumquemque
1331 699 1484 745 nosti:
1520 706 1661 759 putas
1685 699 1814 759 quod

405 779 564 825 vides:
614 779 746 824 vides
793 783 955 823 autem
1001 792 1250 836 quousque
1290 778 1449 822 oculos
1489 777 1650 822 habes.
1721 776 1815 822 Sed

186 867 276 899 Esai.
292 867 324 898 ii.
342 877 391 899 ιι.
406 854 541 912 oculi,
563 855 736 915 inquit,
761 853 960 900 Domini
983 852 1080 899 alti.
1150 852 1308 899 Homo
1332 853 1383 898 in
1391 851 1587 915 faeiem,
1611 851 1740 898 Deus
1767 852 1816 897 in

192 964 203 985 1
224 918 391 995 Βῐὲῗὲνῑ.
403 933 679 995 praecordia
703 931 1047 994 contemplatur.
1118 929 1185 976 Et
1208 931 1315 976 ideo
1338 930 1565 994 coynoseit
1582 929 1816 976 Dominus

189 1006 308 1072 {Tim
328 1040 361 1071 fi,
407 1011 491 1074 qui
535 1016 642 1056 sum
687 1009 781 1070 ejus
807 1027 820 1053 .-
879 1016 938 1062 et‚
985 1007 1207 1071 plantam,
1257 1023 1392 1069 quam
1448 1023 1539 1054 non
1592 1006 1882 1069 plantavitm

187 1094 292 1159 ἦα·
310 1138 366 1159 xv·
407 1088 565 1143 Pater,
605 1087 844 1134 eradicat:
899 1093 946 1132 et
981 1086 1036 1132 de
1064 1086 1236 1148 primis
1278 1085 1547 1131 novissimos
1582 1085 1816 1131 ostendit:

193 1181 242 1211 ¹3-
408 1173 456 1212 et
485 1164 782 1212 ventilabrum
816 1165 866 1210 in
899 1180 1038 1209 manu
1069 1168 1226 1225 portat
1256 1162 1319 1209 ad
1341 1162 1632 1226 purqandam
1662 1178 1817 1208 aream

188 1215 292 1298 ἔξω
311 1214 380 1245 Xix'
409 1259 554 1290 suam.
627 1244 837 1289 Avolent
870 1248 1107 1302 quantum
1141 1242 1302 1286 volent
1346 1242 1509 1301 paleae
1555 1240 1672 1286 levis
1708 1239 1818 1286 fidei

189 1302 296 1378 11ξὲζῖ
306 1310 395 1376 {1³¹
410 1336 710 1382 quocumque
750 1320 916 1366 afflatu
962 1318 1314 1373 tentationum;
1365 1333 1420 1363 eo
1459 1317 1626 1377 purior
1663 1333 1820 1363 massa

190 1397 641 1471 fflc.fii.17.f¹'u¹¹¹e¹¹ti
675 1397 727 1443 in
760 1398 932 1443 horrea
966 1395 1164 1442 Domini
1199 1401 1467 1455 reponetur.
1552 1395 1723 1441 Nonne
1758 1395 1819 1440 ab
1836 1408 1884 1448 15

189 1480 399 1556 ggan-vi-‘Q
412 1475 517 1536 ipso
539 1474 749 1533 Domino
778 1473 976 1533 quidam
1003 1473 1288 1519 discentium
1323 1472 1636 1519 scandalizati
1658 1473 1820 1518 dever-

236 1549 243 1556 '
412 1558 575 1598 terunt
589 1552 611 1597 ?
656 1551 703 1596 N
706 1567 756 1597 ec
791 1557 951 1596 tamen
986 1556 1238 1611 propterea
1271 1550 1413 1596 ceteri
1448 1565 1638 1610 quoque
1672 1550 1822 1595 disce-

412 1631 620 1676 dendum
648 1644 677 1674 a
694 1628 909 1691 vestigiis
928 1630 1032 1690 ejus
1056 1635 1348 1688 putaverunt
1367 1646 1378 1685 ;
1403 1629 1485 1674 sed
1508 1627 1593 1688 qui
1611 1627 1821 1674 scierunt

413 1707 550 1754 illum
576 1707 704 1752 vitae
727 1721 827 1752 esse
845 1704 1077 1752 Verbum.
1097 1711 1144 1750 et
1168 1720 1197 1751 a
1213 1705 1316 1750 Deo
1334 1703 1534 1758 venisse,
1552 1719 1822 1764 persevera-

416 1792 588 1831 verunt
612 1784 662 1830 in
680 1783 912 1830 comitatu
930 1784 1033 1844 ejus
1052 1798 1204 1843 usque
1221 1783 1281 1828 ad
1301 1781 1460 1828 finem:
1485 1797 1636 1842 quum
1654 1781 1765 1834 illis,
1781 1780 1822 1828 si
1838 1800 1888 1826 20

416 1865 592 1909 vellent
621 1868 668 1908 et
697 1860 789 1921 ipsi
821 1861 1075 1915 discedere,
1104 1860 1288 1920 placide
1319 1859 1584 1906 obtulisset.
1656 1859 1823 1906 Minus

196 1950 309 2002 grum.
323 1951 401 1990 i.15-
418 1947 490 1987 est
520 1940 562 1986 si
593 1946 641 1986 et
664 1938 951 1999 Apostolum
987 1939 1091 2000 ejus
1126 1937 1276 1998 aliqui
1313 1937 1591 1999 Phygellus,
1614 1944 1662 1983 et
1700 1938 1825 1983 Her-

195 2004 658 2079 ¹1'21·}ss‚1;20,1nogenes‚
697 2022 745 2061 et
787 2015 1019 2067 Philetus,
1061 2021 1109 2061 et
1151 2015 1460 2075 Hymenaeus
1500 2014 1825 2075 reliquerunt:

197 2108 300 2140 Mau.
316 2107 404 2139 xxvi.
421 2095 522 2155 ipse
545 2093 749 2139 traditor
771 2092 955 2139 Christi
978 2093 1036 2138 de
1059 2091 1305 2152 Apostolis
1328 2091 1436 2138 fuit.
1506 2090 1746 2138 Miramur
1767 2092 1826 2137 de

205 2159 316 2193 '⁴⁹⁴⁷'
423 2171 649 2219 Ecclesiis
677 2172 796 2233 ejus,
820 2170 861 2216 si
891 2186 920 2217 a
948 2170 1235 2231 quibusdam
1265 2171 1565 2224 deseruntur,
1589 2184 1739 2229 quum
1770 2184 1826 2215 ea
1841 2179 1889 2220 25

420 2266 505 2296 nos
540 2250 793 2295 ostendant
828 2247 1145 2301 Christianos,
1169 2262 1292 2307 quae
1326 2246 1540 2306 patimur
1574 2246 1634 2291 ad
1669 2260 1827 2290 exem-

203 2347 213 2369 ι
241 2338 341 2370 Joan.
359 2337 392 2369 ii.
421 2328 554 2387 plum
591 2326 742 2387 ipsius
777 2325 999 2372 Christi?
1040 2323 1122 2371 Em
1156 2323 1297 2378 nobis,
1334 2323 1506 2384 inquit,
1536 2321 1826 2385 prodierunt,

205 2391 254 2424 '⁹’
420 2402 502 2450 sed
534 2419 623 2450 non
645 2402 848 2466 suerunt
883 2418 941 2448 aa·
975 2400 1135 2453 nobis:
1169 2400 1441 2463 sifuissent
1476 2416 1534 2447 ω’
1558 2398 1702 2457 nobis,
1722 2415 1830 2462 per-

423 2481 694 2528 mansissent
718 2480 872 2542 utique
895 2477 1141 2526 nobis-cum.

200 2572 314 2605 uxr.
337 2572 400 2604 ιν.
488 2558 618 2614 Quin
658 2558 817 2619 potius
855 2572 1086 2604 memores
1127 2556 1276 2603 simus
1325 2562 1423 2601 tam
1466 2554 1825 2602 Dominicarum
1842 2572 1893 2608 30

423 2636 915 2697 praenunciationum,
952 2650 1095 2695 quam
1139 2632 1505 2695 apostolicarum
1546 2632 1828 2686 litterarum,

421 2730 545 2775 quae
587 2713 721 2761 nobis
758 2720 806 2760 et
843 2712 1030 2759 futuras
1071 2712 1288 2758 haereses
1329 2709 1745 2771 praenunciarunt,
1781 2715 1828 2755 et

424 2790 675 2853 fugiendas
700 2789 1056 2851 praefinierunt:
1094 2796 1141 2835 et
1164 2788 1287 2835 sicut
1311 2804 1411 2834 esse
1435 2787 1541 2834 illas
1568 2802 1661 2833 non
1686 2801 1829 2846 expa-
