2034 3204
465 238 528 280 IN
560 236 831 281 CANONES
862 234 1113 278 NICAENI
1146 234 1423 277 CONCILII.
1563 236 1648 277 405

246 345 410 388 clesiam
431 345 659 387 Romanam
681 358 843 400 semper
862 342 1053 386 habuisse
1079 342 1298 399 primatum
1320 343 1363 385 in
1384 343 1539 387 ditione
1560 359 1649 393 sua,

246 404 361 460 cujus
387 403 442 446 ad
468 402 713 459 exemplum,
734 416 820 450 seu,
838 402 1040 444 similiter
1060 409 1203 443 autem
1228 409 1268 442 et
1293 402 1438 455 [verba
1464 408 1561 443 sunt
1588 402 1650 444 in-

245 460 456 518 terpretis]
486 462 535 503 in
563 461 712 502 ceteris
733 460 978 515 provinciis
1000 460 1225 515 primatus
1258 459 1540 515 [primatum]
1570 461 1648 502 ha-

247 520 372 562 beant
391 519 610 560 Ecclesiae
631 519 858 560 civitatum
877 517 1150 572 ampliorum,
1173 530 1213 572 p.
1230 519 1331 571 568.

212 595 235 634 5
305 577 351 618 P.
362 586 458 632 374.
472 575 500 618 l.
509 589 548 630 3.
570 575 640 617 τὸν
654 577 721 626 τῆς
732 575 1036 627 Ἀλεξανδρείας
1047 572 1312 629 Ἐπίσκοπον]
1335 573 1504 616 Habent
1518 574 1651 616 Cano-

246 648 344 676 num
367 633 636 676 Collectiones
661 632 750 674 fere
778 646 917 673 omnes
941 637 1062 673 extra
1084 630 1279 680 Concilia,
1300 632 1373 673 τὸν
1394 633 1438 673 ἐν
1457 630 1651 683 Ἀλεξαν-

247 692 356 747 δρείᾳ
373 690 633 738 Ἐπίσκοπον,
656 689 761 732 sicut
789 689 898 731 infra
917 690 971 745 τῷ
1000 690 1045 731 ἐν
1067 691 1114 746 τῇ
1133 687 1263 741 Ῥώμῃ
1281 687 1525 746 Ἐπισκόπῳ.
1586 689 1653 731 Ita

245 754 289 791 et
308 748 351 790 in
373 749 540 791 Canone
570 747 756 804 proxime
786 752 984 803 sequente
1015 752 1150 788 exstat
1170 747 1241 788 τὸν
1261 746 1303 788 ἐν
1326 747 1445 803 Αῑλίᾳ
1464 745 1652 788 Ἐπίσκο-

246 823 336 848 πον.
400 805 516 848 Idem
543 804 650 847 enim
672 805 811 847 valent
833 804 875 846 hi
898 803 1018 846 tituli.
1080 804 1310 846 Articulum
1331 806 1400 856 τ-ἣς
1418 811 1516 846 aute
1537 807 1652 846 Ἀλε-

188 864 450 916 Ῑοξανὸρείας
468 862 632 919 reposui
653 860 704 904 e'x
725 861 904 904 editione
925 861 1109 918 principe
1131 859 1418 903 Conciliorum.

306 920 412 962 Ibid.
425 920 452 962 l.
467 933 508 973 4.
531 919 664 972 ἐπειδὴ
687 920 748 961 καὶ
769 921 820 976 τῷ
842 921 885 961 ἐν
901 919 946 971 τῇ
961 918 1090 975 Ῥώμῃ
1104 918 1334 974 Ἐπισκόπῳ
1351 923 1466 961 τοῦτο
1488 918 1654 971 σύνηθές

248 978 377 1032 ἐστιν]
417 976 777 1034 Interpretationis
797 977 923 1018 vicem
945 976 1055 1034 gerit
1078 975 1223 1018 Versio
1252 975 1486 1026 Rufiniana,
1509 977 1653 1019 Canon

247 1049 304 1084 vx,
323 1036 385 1077 Et
403 1044 451 1078 ut
471 1036 592 1091 apud
612 1035 943 1085 Alexandriam,
960 1042 999 1076 et
1020 1035 1067 1075 in
1086 1034 1189 1075 urbe
1207 1035 1349 1075 Roma
1371 1043 1537 1077 vetusta
1557 1049 1654 1076 con-

248 1093 425 1136 suetudo
451 1101 650 1141 servetur,
683 1100 732 1135 ut
765 1093 832 1134 vel
863 1093 937 1134 ille
970 1092 1167 1147 Aegyypti,
1199 1093 1265 1133 vel
1298 1092 1370 1133 hic
1404 1093 1655 1134 suburbica-

189 1167 236 1206 15
248 1152 420 1193 riarum
434 1151 729 1193 Ecclesiarum
744 1150 1076 1192 sollicitudinem
1094 1157 1232 1204 qerat.
1265 1149 1405 1191 Rufini
1424 1149 1652 1192 Hist.Ecel.

249 1207 275 1250 1.
291 1222 333 1263 5,
354 1222 394 1273 p.
414 1221 478 1259 14,
500 1207 565 1250 ed.
585 1207 780 1250 Caeciari.

308 1265 413 1307 Ibid.
434 1265 459 1307 l.
478 1265 518 1307 6.
541 1266 603 1308 καὶ
623 1266 666 1307 ἑν
685 1269 769 1308 ταῖς
789 1265 934 1308 ἄλλαις
954 1264 1181 1320 ἐπαρχίαις]
1218 1264 1392 1306 Constat
1412 1279 1463 1306 ex
1487 1265 1656 1308 Canone

249 1323 428 1365 secundo
451 1322 674 1365 CPolitano
701 1322 811 1364 infra
839 1321 985 1378 posito,
1007 1321 1050 1363 in
1072 1321 1245 1364 Oriente
1273 1322 1441 1378 proprie
1469 1322 1524 1364 sic
1545 1322 1655 1364 dicto

250 1380 472 1422 obtinuisse
501 1379 718 1437 privilegia
746 1379 951 1422 Ecclesiae
978 1379 1139 1421 Antioc}
1155 1393 1272 1428 eme,
1301 1379 1342 1420 in
1370 1380 1518 1422 ceteris
1546 1380 1656 1421 dioe-

188 1458 238 1485 20
249 1437 406 1480 cesibus
427 1437 643 1494 privilegia
658 1437 933 1479 Ecclesiarum
954 1436 1140 1479 aliarum.
1192 1438 1359 1479 Interea
1377 1437 1655 1491 αὐτοκεφέλαι,

248 1495 315 1538 vel
343 1495 405 1537 sui
429 1495 548 1550 juris,
573 1495 735 1551 aliquae
764 1494 999 1551 provinciae
1027 1494 1221 1536 videntur
1251 1509 1415 1551 semper
1445 1494 1656 1547 mansisse,

248 1567 383 1609 neque
408 1553 634 1602 Romanae,
663 1567 796 1608 neque
823 1552 1144 1602 Alexandrinae,
1176 1567 1311 1608 neque
1339 1552 1556 1602 Orientali,
1582 1567 1658 1594 nec

249 1609 414 1652 demum
441 1610 511 1653 alii
539 1610 665 1652 cuivis
685 1609 873 1656 dioecesi,
895 1609 937 1651 in
957 1611 1081 1652 rebus
1108 1609 1391 1652 ecclesiasticis
1418 1610 1654 1667 subjectae;

249 1667 474 1724 cujusmodi
497 1668 662 1725 Cyprus
687 1668 821 1710 insula
845 1667 982 1716 fuisse,
1004 1674 1116 1710 certe
1137 1668 1190 1710 ad
1212 1668 1492 1710 ordinationes
1519 1682 1658 1710 sacras

188 1743 237 1782 25
251 1725 361 1782 quod
395 1725 558 1775 attinet,
594 1725 717 1767 etiam
753 1725 795 1767 in
828 1725 1048 1782 Excerptis
1081 1726 1277 1767 Actorum
1316 1725 1516 1782 Ephesini
1551 1726 1658 1768 Con-

251 1782 331 1824 cilii
361 1782 470 1825 infra
493 1783 741 1825 declaratur.
802 1783 975 1824 Postero
1004 1788 1192 1839 tempore
1217 1783 1542 1840 Archiepiscopi,
1569 1790 1655 1825 tum

252 1839 429 1896 denique
469 1841 750 1888 Patriarchae‚
789 1839 986 1896 appellati
1026 1846 1122 1882 sunt
1164 1841 1309 1882 harum
1349 1840 1476 1883 trium
1519 1841 1659 1883 Eccle-

252 1897 418 1947 siarum‚
444 1898 671 1948 Romanae,
697 1896 1018 1947 Alexandrinae,
1039 1897 1335 1946 Antiochenae,
1362 1898 1579 1955 Episcopi;
1611 1913 1659 1940 ac

252 1961 472 2011 praeterea
503 1955 698 1997 Aelianus
728 1955 954 2012 Episcopus
983 1955 1025 1996 in
1058 1956 1226 1998 Canone
1262 1955 1436 2012 septimo
1471 1956 1660 2013 proxime

188 2033 240 2070 30
253 2018 347 2069 post
381 2018 732 2055 commemoratus.
801 2012 991 2068 Denique
1025 2013 1084 2056 ita
1119 2013 1268 2055 extulit
1304 2013 1513 2056 Canonem
1549 2014 1660 2055 hunc

253 2075 415 2112 sextum
451 2070 786 2126 Harmenopulus
819 2069 862 2111 in
898 2070 1089 2127 Epitome
1126 2071 1337 2113 Canonum
1378 2072 1491 2128 apud
1526 2072 1661 2113 Leun-

254 2127 372 2170 clavii
392 2128 471 2170 Jus
492 2128 795 2171 Graeco-Rom.
818 2133 917 2169 tom.
939 2140 974 2177 1,
996 2143 1037 2184 p,
1055 2142 1091 2177 1,
1119 2129 1317 2182 Κρατείτω
1338 2130 1388 2170 τὰ
1413 2131 1560 2185 ἀρχαῖα
1589 2130 1660 2180 ἔθη

254 2188 334 2227 τῶν
351 2184 705 2240 Ἀρχιεπισκόπων·
741 2185 804 2226 καὶ
834 2189 912 2227 τῶν
941 2187 1096 2228 οἰκείων
1127 2187 1326 2240 ἐπαρχιῶν
1356 2186 1523 2230 ἕκαστος
1553 2188 1660 2239 ἐξου-

255 2241 429 2292 σιαζέτω.
472 2244 522 2284 Εἰ
542 2242 585 2284 δέ
602 2259 661 2286 τις
673 2241 916 2286 Ἐπίσκοπος
935 2245 1002 2296 τῆς
1022 2246 1090 2284 τοῦ
1106 2241 1413 2297 Μητροπολίτου
1434 2245 1528 2300 δίχα
1548 2243 1662 2298 γένη-

191 2316 241 2356 35
255 2315 319 2341 ται
339 2300 508 2352 γνώμης,
532 2300 802 2353 καθαιρείσθω.

314 2356 420 2399 Ibid.
442 2357 470 2398 l.
491 2367 529 2411 7.
562 2357 774 2410 σώζεσθαι]
809 2357 951 2399 Habet
977 2357 1143 2413 quidem
1171 2358 1355 2400 Joannes
1378 2358 1662 2401 Antiochenus

255 2412 299 2455 in
320 2413 495 2471 Digesto
516 2428 588 2456 suo
611 2414 824 2456 Canonum
845 2415 1046 2466 σωζέσθω,
1067 2415 1210 2458 itidem
1231 2423 1450 2458 serventur
1470 2416 1662 2473 Dionysii

257 2470 411 2528 Exigui
441 2471 587 2520 versio,
617 2471 835 2528 priscaque
871 2472 1083 2514 Canonum
1114 2473 1248 2514 versio
1283 2473 1395 2529 apud
1425 2473 1660 2516 Justellum.

257 2528 414 2570 Verum
435 2528 631 2584 frequens
650 2534 714 2571 est
733 2528 775 2570 in
796 2528 860 2570 his
882 2530 1238 2572 constitutionibus
1266 2530 1411 2572 modus
1437 2530 1662 2573 infinitivus

193 2607 244 2641 40
258 2585 474 2628 subaudito
502 2589 573 2635 δεῖ,
605 2600 739 2642 neque
765 2593 994 2651 agnoscunt
1021 2587 1220 2638 σωζέσθαι
1246 2587 1418 2630 Codices
1445 2588 1662 2631 Bodleiani

258 2657 360 2699 quos
381 2643 533 2685 contuli
555 2658 646 2685 cum
667 2657 837 2685 excuffls.

322 2700 427 2742 Ibid.
458 2700 484 2742 l.
509 2701 548 2742 8.
581 2700 700 2754 χωρὶς
734 2701 892 2754 γνώμης
925 2703 996 2741 τοῦ
1032 2703 1354 2755 Μητροπολίτου]
1400 2702 1506 2744 Fere
1541 2702 1663 2746 silent

258 2757 367 2799 circa
395 2757 594 2814 suffragia
621 2757 762 2814 populi
789 2757 831 2799 in
861 2757 925 2799 his
953 2757 1219 2800 electionibus
1245 2759 1507 2802 vetustissimi
1530 2761 1663 2803 Cano-

258 2829 344 2864 nes,
365 2814 436 2870 qui
456 2815 508 2857 de
529 2814 742 2871 Episcopis
762 2814 1055 2857 constituendis
1074 2822 1216 2872 agunt.
1270 2816 1401 2859 Immo
1421 2821 1503 2862 τοῖς
1523 2819 1664 2873 ὀχλοΐς

194 2888 246 2928 45
258 2871 442 2928 permitti
466 2872 724 2914 sacerdotum
753 2872 971 2915 electiones
1000 2873 1192 2928 prohibet
1215 2873 1358 2916 Canon
1379 2873 1559 2918 decimus
1579 2882 1664 2918 ter-
