2034 3204
402 230 487 271 250
597 230 817 272 FIRMIL.
851 231 1031 273 EPIST.
1066 232 1145 273 AD
1180 233 1614 276 S.CY1’R1ANUM.

402 339 539 385 nobis
563 347 610 385 et
637 339 888 387 haereticis
923 355 1007 388 nec
1032 341 1164 387 Deus
1195 358 1320 388 unus
1353 343 1430 396 sit,
1455 359 1540 388 nec
1566 340 1812 388 Dominus

402 433 543 471 unus,
568 435 652 465 nec
677 436 774 466 una
799 421 1027 475 Ecclesia,
1052 437 1136 467 nec
1162 422 1305 467 Fides
1329 436 1439 473 una,
1465 422 1545 465 sed
1571 436 1654 465 nec
1687 435 1812 465 unus

402 496 625 555 Spiritus,
672 503 758 543 aut
803 498 989 557 Corpus
1040 514 1207 553 unum,
1253 498 1562 543 manifestum
1608 505 1680 542 est
1725 512 1809 541 nec

401 573 653 632 Baptisma
687 574 823 621 nobis
858 581 905 620 et
939 575 1192 620 haereticis
1229 590 1479 620 commune
1519 590 1620 620 esse
1659 589 1811 634 posse,

399 650 576 710 quibus
611 652 735 697 nihil
766 659 838 697 est
865 652 1061 697 omnino
1091 668 1357 698 commune.
1430 652 1497 697 Et
1527 659 1688 698 tamen
1712 666 1807 697 non
1827 663 1849 700 5

399 729 547 787 pudet
570 728 868 788 Stephanum
899 729 1076 775 talibus
1108 731 1335 776 adversus
1361 729 1625 776 Ecclesiam
1652 736 1813 789 patro-

398 805 579 851 cinium
620 812 875 865 praestare,
911 813 959 852 et
998 813 1193 866 propter
1230 807 1493 852 haereticos
1534 808 1809 853 asserendos

179 891 281 924 Matt.
294 893 384 924 xxiv.
400 882 750 929 fraternitatem
775 884 1016 938 scindere;
1055 884 1252 944 insuper
1275 891 1321 930 et
1346 884 1644 946 Cyprianum
1670 900 1810 944 pseu-

399 960 709 1016 dochristum,
738 967 786 1007 et
819 963 1282 1022 pseudoapostolum,
1312 968 1360 1008 et
1393 963 1609 1008 dolosum
1644 978 1809 1022 opera-

180 1059 198 1080 2
217 1049 292 1081 cor.
312 1050 356 1081 xi.
399 1038 525 1084 rium
551 1038 719 1085 dicere.
791 1039 926 1092 Quae
957 1040 1120 1086 omnia
1147 1039 1198 1085 in
1227 1055 1276 1085 se
1300 1055 1400 1085 esse
1424 1039 1639 1085 conscius
1673 1055 1806 1099 prae·
1828 1053 1877 1079 10

184 1103 233 1134 '³'
400 1115 542 1170 venit,
567 1122 623 1161 ut
662 1116 800 1162 alteri
841 1132 897 1162 ea
938 1132 1023 1177 per
1062 1116 1365 1162 mendacium
1405 1116 1646 1178 objiceret,
1686 1132 1809 1176 quae

400 1191 502 1251 ipse
525 1208 584 1238 ex
615 1193 787 1239 merito
817 1193 984 1240 audire
1015 1194 1220 1240 deberet.
1292 1194 1423 1239 Bene
1453 1199 1500 1238 te
1523 1195 1680 1239 valere
1709 1209 1809 1238 om-

399 1269 543 1315 nibus
575 1270 712 1316 nobis
743 1286 852 1316 cum
880 1269 1036 1333 [fors.
1063 1269 1346 1331 vobiscum‚]
1374 1269 1610 1316 universis
1639 1269 1723 1330 qui
1756 1269 1807 1316 in

399 1346 570 1392 Africa
603 1353 717 1392 sunt
752 1347 1019 1408 Episcopis,
1057 1356 1104 1394 et
1138 1347 1322 1394 cunctis
1359 1347 1553 1401 clericis,
1589 1353 1637 1392 et
1663 1348 1807 1393 ‘omni

398 1424 698 1470 fraternitate
727 1426 938 1471 universi
965 1432 1200 1485 optamus,
1224 1432 1280 1471 ut
1306 1431 1534 1484 perpetuo
1558 1426 1806 1488 unanimes
1825 1438 1872 1477 15

399 1509 446 1548 et
486 1518 638 1548 unum
678 1503 935 1549 sentientes
977 1504 1238 1550 habeamus
1275 1502 1520 1549 nobiscum
1562 1503 1707 1548 etiam
1748 1505 1806 1549 de

399 1580 662 1642 longinquo
696 1582 942 1627 adunatos.

517 1722 667 1764 Exstat
696 1722 798 1765 haec
830 1722 1017 1780 Epistola
1045 1723 1157 1780 apud
1189 1723 1232 1766 S.
1257 1722 1527 1781 Cyprianum,
1549 1721 1647 1765 edit.
1673 1723 1804 1765 Bene-

572 1790 712 1834 dictin.
737 1791 867 1835 Paris.
899 1794 1019 1847 1726.
1043 1807 1082 1850 p.
1105 1804 1197 1846 ¹42·
