2034 3204
451 257 536 298 332
899 256 1008 324 -XAN
1011 256 1051 298 N
1055 257 1314 299 OTATION
1322 257 1388 299 ΕΞ

454 370 463 385 ‘
486 362 540 404 sit
569 362 680 418 apud
710 362 799 403 illos
828 362 987 404 Viduus
1015 362 1129 411 deus,
1161 362 1230 418 qui
1263 362 1398 404 anima
1426 376 1573 417 corpus
1601 362 1755 411 viduet,
1785 362 1855 418 qui

454 427 462 443 ‘
486 420 602 476 quasi
622 419 762 462 feralis
781 424 824 461 et
843 419 1028 462 funebris
1047 419 1156 461 intra
1178 434 1316 461 muros
1342 434 1425 461 non
1452 419 1642 470 habetur,
1664 419 1736 462 sed
1756 419 1856 462 foris

453 485 462 500 ‘
485 477 719 526 collocatur,
748 482 791 519 et
817 476 1091 526 nihilominus,
1122 477 1220 532 quia
1251 476 1431 519 extorris
1459 477 1604 525 samue,
1636 477 1857 520 damnatur

453 543 462 558 ‘
485 535 622 592 potius
642 535 832 576 Romana
850 534 1050 590 religione
1070 548 1195 589 quam
1225 533 1384 576 colitur.
1446 534 1522 576 Est
1541 540 1584 576 et
1606 535 1783 577 Seansus
1802 535 1856 577 ab

453 600 463 616 ‘
484 592 720 635 ascensibus
740 592 886 640 dictus,
907 597 950 634 et
978 591 1013 633 F
1014 591 1177 633 oreulus
1202 605 1228 633 a
1253 591 1424 644 foribus,
1445 597 1489 634 et
1513 606 1540 634 a
1562 591 1768 634 liminibus
1789 592 1856 634 Li·
1869 602 1893 639 5

452 658 462 674 ⁴
484 649 703 697 mentinus,
717 655 760 691 et
774 649 938 691 Cardea
956 662 982 690 a
1002 648 1249 698 cardinibus,
1263 655 1306 691 et
1325 649 1379 691 ab
1400 649 1646 692 orbitatibus
1659 649 1856 692 Orbana!

452 708 516 750 Ea
535 722 634 750 vero
654 721 729 749 nos
758 706 1006 756 sustulimus,
1028 706 1126 762 quia
1151 721 1202 748 ea
1227 706 1270 748 in
1299 706 1411 748 nullo
1435 712 1622 749 veterum
1649 707 1857 773 exempla-

450 765 557 807 rium
588 764 818 820 reperimus
848 763 996 819 quibus
1025 763 1088 805 usi
1111 778 1263 813 sumus,
1291 764 1389 820 quia
1418 764 1569 806 desunt
1597 763 1640 806 in
1670 765 1857 820 plumbus

451 821 703 879 Anglieanis‚
732 821 830 877 quia
858 835 942 862 non
971 826 1137 864 exstant
1165 821 1209 863 in
1237 821 1417 877 antiquis
1446 821 1692 864 editionibus
1721 836 1857 879 neque

450 880 493 922 in
526 879 721 928 Minucio,
753 884 796 921 et
824 878 922 934 quia
956 893 1133 928 sensum,
1166 884 1214 921 ut
1245 879 1453 936 Rigaltius
1487 879 1559 929 ait,
1590 879 1855 936 abrumpunt.
1874 887 1922 912 10

451 937 659 979 BALUZ.
720 936 770 978 In
802 935 1050 978 editionibus
1075 936 1226 986 multis,
1257 951 1365 993 quae
1394 936 1661 979 Baluzianam
1690 951 1858 994 praeee-

450 995 568 1043 dunt,
588 994 718 1036 verba
745 994 847 1036 haee
878 993 992 1035 uncis
1020 994 1176 1036 inclusa
1196 1000 1304 1044 sunt,
1325 1008 1460 1053 neque
1489 1000 1771 1052 agnoscuntur
1791 994 1856 1037 vel

450 1052 584 1095 tribus
615 1051 746 1094 Codd.
781 1051 944 1107 seriptis
975 1051 1085 1094 Novi
1116 1052 1289 1109 Collegii
1323 1058 1397 1094 aut
1426 1052 1587 1094 duobus
1621 1052 1718 1094 olim
1746 1053 1859 1094 Dru-

451 1109 578 1152 rianis
607 1115 681 1152 aut
715 1109 1042 1151 Meermannano
1054 1125 1066 1160 ς
1098 1115 1265 1152 exstant
1293 1124 1393 1153 vero
1426 1109 1469 1151 in
1500 1109 1639 1152 codice
1672 1110 1858 1152 Tewate-

451 1182 567 1217 rano,
589 1182 712 1223 quem
732 1181 860 1223 supra
879 1167 1207 1210 commemoravi.
1875 1170 1922 1208 15

509 1226 557 1268 P.
582 1237 680 1278 271.
712 1224 738 1267 l.
761 1239 801 1277 4.
836 1225 912 1266 Est
943 1229 986 1267 et
1012 1225 1157 1267 Venus
1188 1223 1324 1281 calva]
1359 1224 1598 1267 Lactantius
1622 1224 1691 1266 lib.
1714 1238 1730 1265 1
1758 1224 1855 1267 Div.

453 1282 588 1325 Instit.
612 1297 701 1339 eap.
726 1295 794 1332 20,
816 1288 826 1305 ⁴
843 1282 962 1325 Urbe
981 1296 1007 1324 a
1028 1282 1159 1325 Gallis
1179 1287 1390 1338 occupata,
1412 1282 1566 1324 obsessi
1592 1282 1634 1324 in
1657 1281 1858 1338 Capitolio

451 1348 461 1364 ‘
481 1340 673 1390 Romani,
701 1354 825 1396 quum
868 1354 921 1382 ex
954 1339 1170 1382 mulierum
1210 1340 1367 1396 capillis
1406 1345 1614 1382 tormenta
1651 1339 1855 1388 fecissent,

453 1405 463 1422 ⁴
479 1398 626 1440 aedem
647 1397 802 1439 Veneri
822 1397 962 1439 calvae
981 1400 1303 1440 conseerarunt.’
1358 1398 1480 1439 Hunc
1500 1397 1632 1439 locum
1654 1403 1747 1453 post
1767 1397 1859 1439 Fel-

452 1456 537 1498 lum
558 1455 699 1498 attulit
718 1455 927 1497 Baluzius.
988 1456 1159 1504 Verum,
1181 1456 1279 1497 dum
1300 1455 1441 1511 plures
1461 1469 1608 1498 causae
1635 1454 1757 1511 hujus
1785 1468 1858 1511 ap·
1874 1461 1924 1486 20

451 1513 686 1570 pellationis
704 1513 758 1555 ab
777 1513 1015 1555 auctoribus
1041 1512 1285 1561 afferuntur,
1307 1513 1360 1555 ob
1380 1527 1544 1555 eausam
1574 1512 1752 1569 aliquam
1782 1512 1858 1554 mi·

453 1586 531 1613 nus
565 1571 781 1613 honestam
816 1569 876 1612 ita
904 1575 1091 1612 vocatam
1122 1569 1248 1612 fuisse
1278 1570 1498 1619 Venerem,
1527 1570 1593 1612 hie
1620 1569 1754 1612 innuit
1775 1569 1858 1627 Cy-

482 1643 635 1670 manus.

451 1643 480 1685 p
512 1686 617 1728 Ibid.
650 1686 676 1728 l.
703 1699 744 1740 9.
778 1686 834 1727 Et
862 1684 1023 1741 Assyrii
1053 1691 1096 1727 et
1126 1685 1298 1740 Persae]
1331 1686 1392 1727 Et
1411 1685 1588 1739 Assyrii
1614 1692 1654 1727 et
1673 1685 1796 1727 Medi
1819 1692 1859 1727 et

452 1744 630 1786 Persae.
691 1743 758 1785 Ita
778 1748 941 1785 veteres
962 1742 1176 1791 editiones,
1198 1747 1241 1784 et
1261 1741 1428 1798 quidam
1459 1741 1553 1783 libri
1574 1748 1748 1792 veteres,
1770 1746 1856 1784 tum
1874 1753 1922 1791 25

453 1801 578 1844 etiam
609 1799 824 1842 Minucius.
888 1799 970 1841 Alii
1001 1805 1163 1842 veteres
1197 1799 1441 1856 praeferunt
1467 1800 1586 1855 Syri.
1648 1798 1731 1841 Alii
1761 1799 1859 1842 xxvi

453 1858 649 1901 omittunt
669 1857 917 1900 mentionem
949 1857 1181 1899 Medorum.
1243 1857 1328 1900 Sed
1357 1856 1427 1899 alii
1449 1863 1627 1913 quatuor
1654 1856 1765 1899 illam
1787 1856 1860 1898 ha-

454 1916 567 1964 bent,
588 1915 770 1971 itemque
790 1914 1008 1963 Minucius,
1035 1917 1102 1969 [ex
1124 1929 1205 1971 quo
1236 1915 1366 1957 multa
1395 1914 1568 1970 sumpsit
1590 1914 1858 1979 Cyprianus].

454 1974 680 2016 Praeterea
712 1973 854 2016 Codex
882 1972 1134 2015 Veronensis
1161 1978 1204 2015 et
1231 1972 1376 2015 Codex
1403 1972 1532 2014 sancti
1565 1971 1689 2029 Eligii
1720 1972 1860 2014 Attre-

452 2031 634 2074 batensis
653 2031 815 2074 addunt
836 2031 990 2086 Tyrios
1001 2046 1017 2079 ;
1045 2030 1265 2072 Medorum
1285 2029 1405 2087 regni
1426 2029 1578 2072 mentio
1599 2029 1716 2072 deest
1736 2028 1858 2072 etiam
1873 2044 1925 2080 30

452 2089 494 2131 in
524 2088 773 2131 editionibus
805 2087 983 2130 Manutii
1019 2094 1062 2130 et
1090 2087 1283 2130 Morellii.
1312 2086 1474 2144 Assyrii
1504 2087 1574 2144 qui
1604 2087 1738 2144 primo
1763 2086 1862 2130 dieti

452 2152 550 2190 sunt
569 2152 714 2203 postea
734 2145 848 2203 Syrii
867 2152 964 2188 sunt
983 2145 1192 2202 appellati.
1244 2145 1351 2189 Vide
1372 2145 1526 2188 Renati
1546 2144 1746 2187 Massueti
1767 2144 1861 2187 Dis-

452 2204 698 2248 sertationes
717 2204 772 2247 ad
788 2204 1007 2246 Irenaeum
1027 2217 1123 2260 pag.
1142 2215 1164 2256 7
1178 2216 1211 2251 ¹,
1230 2205 1268 2259 ᾧ.
1289 2215 1380 2256 142.
1417 2203 1624 2245 Arbaetus
1643 2202 1861 2259 imperium

452 2263 507 2305 ab
527 2261 710 2319 Assyriis
729 2262 784 2305 ad
805 2261 952 2303 Medos
981 2260 1205 2311 transtulit,
1227 2266 1270 2303 et
1293 2266 1439 2317 postea
1458 2260 1702 2303 translatum
1724 2265 1787 2302 est
1806 2259 1860 2302 ad

455 2320 615 2363 Persas.
678 2319 745 2362 Ita
784 2318 905 2362 docet
938 2317 1129 2361 Justinus
1166 2317 1237 2361 lib.
1272 2331 1304 2368 ι,
1337 2331 1426 2374 cap.
1456 2330 1499 2373 3.
1552 2317 1860 2361 BALUZIUS.
1874 2326 1924 2365 35

457 2378 596 2429 Quum
617 2391 737 2420 voees
757 2384 796 2420 et
817 2377 939 2419 Mede·
959 2390 1099 2418 omnes
1124 2389 1258 2432 paene
1279 2375 1391 2418 MSti
1412 2374 1618 2427 omittant,
1639 2373 1860 2417 editionem

454 2434 681 2491 principem
704 2434 769 2477 hic
797 2440 961 2476 secutus
990 2447 1092 2476 sum.
1155 2433 1238 2476 Sed
1259 2433 1365 2489 Syri
1393 2447 1470 2490 pro
1491 2433 1668 2489 Assyrii
1697 2430 1862 2489 plurimi

456 2492 629 2536 Codices
648 2491 790 2548 scripti
812 2496 1040 2548 praestant.

515 2549 620 2593 Ibid.
650 2549 674 2591 Ι.
701 2561 766 2604 17.
791 2546 1286 2604 faciant—auspicantur]
1321 2547 1504 2590 Pluralia
1533 2547 1636 2590 haec
1667 2560 1743 2604 pro
1775 2545 1862 2588 vul-

454 2607 564 2664 gatis
579 2608 734 2663 faciat
765 2612 808 2649 et
837 2608 1096 2663 auspicatur
1116 2604 1251 2662 posuit
1270 2605 1452 2647 Jacobus
1474 2604 1707 2648 Gronovius
1727 2603 1862 2646 Cella·
1875 2615 1925 2650 40

457 2665 562 2707 rium
597 2671 773 2713 secutus,
805 2663 875 2707 cui
909 2665 1187 2708 Veronensem
1220 2662 1412 2706 Codieem
1439 2662 1482 2705 in
1508 2676 1584 2705 sua
1610 2662 1709 2705 edit.
1739 2660 1862 2718 hujus

457 2722 581 2765 libelli
603 2722 784 2764 Minucio
806 2721 929 2764 Felici
951 2721 1074 2771 affixi,
1093 2720 1292 2777 appellat.
1342 2720 1475 2763 Halae
1495 2734 1603 2763 anno
1630 2720 1739 2784 1699
1759 2718 1862 2761 haec

459 2779 624 2823 Cellarii
646 2779 746 2823 edit.
768 2779 879 2836 typis
901 2778 1097 2822 mandata
1115 2783 1191 2821 est.
1253 2778 1338 2821 Sed
1362 2777 1576 2821 lectionem
1599 2774 1760 2820 Codicis
1781 2775 1862 2819 Ve-

459 2837 643 2880 ronensis
667 2837 753 2892 jam
788 2843 884 2879 ante
919 2851 1010 2878 cum
1043 2836 1164 2878 laudo
1198 2835 1396 2879 attulerat
1431 2834 1481 2877 Ri
1514 2834 1636 2878 altius
1667 2833 1708 2876 in
1741 2832 1862 2875 Notis

458 2895 509 2936 nd
546 2894 812 2950 (typrianmn.
878 2893 1067 2936 Audendi
1107 2894 1249 2936 Metus
1287 2893 1390 2935 Novi
1429 2850 1600 2946 Ουῇοςίἰ
1645 2903 1681 2937 2.
1719 2890 1860 2934 Towa·
1876 2897 1924 2933 45
