2034 3204
472 179 534 221 IN
567 179 608 222 S.
633 179 793 222 CYPR.
829 178 906 219 DE
939 177 1088 219 ZELO
1122 176 1194 218 ΕΤ
1227 176 1460 219 LIVORE.
1580 177 1666 220 359

263 288 423 330 sectari
442 301 525 328 mm
538 293 672 342 potes.
734 283 971 326 Editionum
1001 282 1272 326 vetustiorum
1304 282 1518 325 lectionem
1550 298 1666 325 revo-

264 343 366 393 cavi,
387 358 494 400 quae
525 342 709 400 Rigaltio
740 341 929 407 probata,
963 340 1180 383 Codicibus
1211 340 1393 396 quinque
1425 340 1537 397 apud
1567 341 1664 382 edit.

266 401 414 450 Oxou„
438 401 588 444 Codice
609 406 784 456 utroque
805 398 912 441 Novi
934 398 1121 464 Collegii,
1143 404 1186 440 et
1210 398 1481 440 Tewaterano
1502 398 1667 440 firmata

264 464 339 501 est.
402 459 522 500 Nunc
542 458 651 501 addo
669 457 861 500 Codicem
881 455 1207 522 antiquissimum
1224 456 1606 504 Meermannanum,
1624 462 1667 498 et

229 529 251 566 5
266 515 531 558 vetustiorem
557 530 610 558 ex
638 515 797 558 duobus
822 513 1053 556 Drurianis
1117 513 1187 556 Ab
1212 513 1346 555 altero
1373 518 1513 556 autem
1539 519 1665 569 atque

264 573 344 615 alio
364 579 584 630 praeterea
604 573 728 616 MSto
747 572 977 615 membrum
998 572 1076 614 hoc
1096 571 1226 613 abest.

324 630 619 686 P.328.1.17.
644 645 726 687 quo
758 629 860 672 Cain
891 643 974 672 non
1003 628 1132 684 redit]
1169 627 1344 694 Recepit
1374 628 1416 669 iu
1446 627 1668 670 editionem

264 702 380 730 suam
411 687 604 730 Baluzius
634 702 716 744 quo
751 688 863 730 Cain
889 701 974 729 non
1003 687 1262 742 inqreditur,
1290 685 1432 742 aitque
1458 686 1566 727 hanc
1592 685 1672 728 lec-

265 745 434 795 tionem,
454 760 577 802 quam
604 745 761 788 habent
787 750 873 787 tres
901 743 995 786 libri
1016 750 1190 793 veterem
1211 749 1361 800 putare
1381 758 1426 786 se
1453 758 1542 786 esse
1569 742 1674 808 opti-

206 818 253 843 ιο
265 817 389 853 mam
409 803 584 846 alteram
608 817 719 852 vero,
741 816 848 858 quae
875 807 939 844 est
963 803 1090 850 redit,
1111 801 1272 843 falsam.
1335 801 1438 843 Cain
1459 801 1673 857 enim,qu1

265 867 388 903 natus
417 866 480 903 est
538 866 726 926 pstquam
751 864 947 925 parentes
974 858 1064 915 ejus
1091 858 1210 915 ejecti
1230 858 1396 901 fuerant
1416 873 1440 901 e
1464 858 1673 915 paradiso,

265 932 347 959 non
367 931 486 974 posse
535 917 586 960 ici
606 916 812 960 rediisse'
801 931 844 958 1n
869 916 1119 973 paradisum,
1141 930 1268 972 quum
1296 916 1338 958 in
1358 916 1427 958 illo
1448 930 1671 972 numquam

265 974 630 1031 fuisset.1taque
660 989 743 1017 non
773 973 982 1016 dubitasse
1012 988 1056 1016 se
1085 973 1218 1023 addit,
1243 973 1343 1030 quin
1373 973 1492 1016 lectio
1523 974 1671 1016 horum
1748 986 1759 997 ⁰

265 1033 391 1075 trium
422 1032 621 1075 librorum
653 1031 931 1088 praeferenda
959 1031 1025 1074 sit.
1087 1031 1148 1073 At
1172 1045 1271 1073 vero
1302 1031 1414 1074 haud
1443 1031 1504 1074 ita
1534 1032 1672 1074 valere

205 1100 251 1137 15
266 1090 372 1132 hanc
391 1089 594 1132 rationem
614 1089 875 1139 crediderim,
891 1095 938 1131 ut
957 1088 1149 1131 substitui
1169 1088 1320 1131 debeat
1340 1089 1510 1131 verbum
1533 1091 1671 1145 inyre-

265 1148 387 1190 ditur
421 1147 586 1190 lectioni
621 1146 717 1190 olim
752 1152 946 1213 receptae
980 1152 1023 1189 et
1054 1146 1144 1189 fere
1177 1146 1376 1189 universis
1408 1146 1542 1190 Mstis
1577 1162 1671 1189 con-

264 1204 466 1247 firmatae.
528 1205 593 1247 Ex
625 1204 859 1254 Codicibus,
890 1203 1038 1260 quibus
1067 1218 1164 1246 usus
1194 1219 1283 1246 sum
1315 1204 1389 1246 soli
1425 1206 1671 1260 inyreclitur

264 1267 480 1361 praestant
514 1263 608 1306 MS.
641 1262 748 1304 Novi
780 1262 881 1304 Coll.
906 1274 945 1314 2,
977 1268 1020 1304 et
1054 1261 1290 1304 Drurianus
1319 1261 1537 1304 recentior.
1599 1262 1671 1304 Ait

297 1334 344 1361 oc
371 1319 460 1362 loco
482 1319 730 1385 Cym-ianm,
753 1319 856 1363 Cain
884 1333 967 1361 non
993 1319 1132 1362 redire
1158 1319 1214 1362 ad
1240 1325 1423 1362 veterem
1450 1326 1670 1376 parentum

203 1395 253 1420 20
266 1391 433 1419 suorum
463 1376 757 1434 possessionem
784 1376 1046 1433 paradisum,
1108 1391 1178 1418 uin
1206 1382 1248 1419 et
1275 1376 1354 1419 dici
1381 1377 1501 1427 solet,
1528 1379 1671 1421 redire

265 1435 461 1477 animum
487 1436 550 1477 ad
569 1436 720 1477 Deum.
785 1435 985 1476 Conferas
1012 1440 1055 1477 et
1078 1391 1203 1476 iinem
1231 1434 1358 1476 libelli
1385 1434 1437 1477 de
1460 1409 1600 1491 Opere
1627 1442 1670 1478 et

263 1491 486 1591 gelemosy
486 1491 562 1544 nis,
575 1491 646 1535 ubi
660 1506 736 1535 nos
750 1493 924 1535 reduces
939 1493 1000 1534 ad
1008 1493 1277 1548 paradisum
1291 1492 1433 1543 habes,
1446 1498 1670 1550 notamque

353 1563 470 1591 ocum

322 1606 428 1650 Ibid.
448 1606 477 1649 l.
496 1619 563 1650 21.
587 1606 804 1650 nativitate
833 1606 999 1650 coelesti
1027 1613 1070 1650 et
1098 1607 1193 1664 lege
1219 1606 1379 1664 divina]
1409 1608 1563 1650 Vocem
1584 1624 1668 1652 coe-

201 1678 250 1717 ²5
265 1664 361 1708 testi
393 1663 508 1708 haud
540 1669 784 1730 agnoscunt,
818 1670 892 1707 aut
925 1665 1066 1708 decem
1104 1664 1275 1707 Codices
1310 1665 1452 1731 scripti
1491 1665 1534 1707 in
1569 1666 1677 1718 edit„

265 1721 401 1764 Oxou.
437 1721 666 1774 memorati,
696 1727 770 1764 aut
804 1737 877 1764 sex
912 1722 965 1764 de
999 1736 1043 1764 se
1073 1728 1157 1764 tem
1196 1721 1289 1773 illis,
1326 1722 1475 1779 quibus
1511 1738 1590 1780 ego
1626 1724 1669 1765 in

264 1777 434 1821 edendis
452 1778 518 1820 his
537 1754 686 1822 libellis
711 1794 809 1822 usus
833 1794 953 1829 sum3
985 1736 1128 1822 delicit
1144 1780 1340 1822 orationis
1368 1780 1636 1823 membrum
1626 1797 1669 1823 ιιι

265 1835 524 1879 Meermanni
551 1836 841 1894 manuscripto.
903 1837 1041 1894 Supra
1062 1852 1161 1879 vero
1187 1837 1317 1880 habes
1345 1838 1510 1881 easdem
1536 1854 1666 1888 voces,

266 1894 495 1936 nativitate
514 1894 694 1944 coelesti,
715 1909 757 1951 p.
775 1907 874 1950 324,
896 1894 921 1937 l.
943 1895 1009 1939 26.
