2034 3204
157 544 247 577 Eoel.
266 545 298 577 ii.
315 555 342 578 1.

156 699 248 732 Eoel.
266 700 300 732 ii.
319 712 349 740 4.

154 1018 181 1051 J
181 1019 224 1050 ob
235 1029 303 1050 non

154 1062 261 1104 magis
277 1062 343 1104 pie-

155 1109 226 1137 tate
242 1116 344 1147 quam

154 1149 351 1181 calamitati-

154 1193 217 1224 bus
232 1196 325 1225 nota-

153 1236 240 1269 bilis.

153 1329 233 1362 Job,
249 1329 271 1362 i.
292 1339 343 1362 21.

152 1790 233 1824 Job.
250 1791 284 1823 ii.
302 1801 349 1824 10.

153 2423 285 2455 Pariter
299 2423 360 2455 'ro-

153 2467 224 2499 binn
239 2478 332 2499 noru-

154 2512 239 2542 mnia
255 2522 308 2542 ex-

153 2555 323 2587 orcitatum

153 2808 234 2839 Tob.
251 2808 282 2839 ii.
304 2817 350 2848 14.

377 198 463 239 282
885 197 928 240 S.
961 197 1280 240 CYPRIANI

377 313 541 353 noscat
580 312 629 352 et
669 312 845 361 teneat,
882 306 998 353 sciet
1042 309 1152 366 plus
1192 306 1285 353 sibi
1324 322 1469 366 quam
1516 307 1684 354 ceteris
1730 308 1782 355 in

376 386 564 430 saeculo
597 385 927 438 laborandum,
951 385 1030 431 cui
1065 384 1218 445 magis
1253 384 1318 429 sit
1345 399 1453 430 cum
1481 384 1660 430 diaboli
1694 385 1784 431 im-

376 461 669 524 pugnatione
704 463 997 508 luctandum.
1066 461 1218 507 Docet
1242 466 1288 506 et
1319 468 1596 520 praemonet
1628 462 1785 523 Scrip-

376 544 488 585 tura
509 538 672 585 divina
706 538 879 594 dicens,
903 537 1021 591 Fili,
1046 536 1259 584 accedens
1293 536 1356 583 ad
1381 538 1639 585 servitutem
1662 537 1783 595 Dei,

375 621 448 662 sta
473 616 523 662 in
532 616 727 677 justitia
750 621 791 662 et
815 616 993 670 timore,
1017 619 1062 661 et
1083 630 1321 677 praepara
1345 614 1547 662 animam
1573 621 1697 662 tuam
1722 615 1819 666 ad5

376 694 665 741 tentationem
682 710 698 746 ;
732 699 779 739 et
802 693 992 747 iterum,
1017 691 1079 738 In
1103 689 1261 739 dolore
1283 692 1467 747 sustine,
1494 697 1536 739 et
1559 693 1610 739 in
1632 691 1784 740 humi-

374 770 502 818 litate
537 777 615 818 tua
644 771 919 833 patientiam
942 768 1066 824 habe,
1092 770 1310 832 quoniam
1335 770 1386 816 in
1422 770 1527 834 iyne
1552 769 1784 832 probatur

375 864 540 895 aurum
580 854 623 895 et
652 854 905 912 amentum,
939 846 1145 895 homines
1179 863 1284 895 vero
1311 846 1590 910 receptibiles
1621 848 1672 895 in
1709 863 1784 896 ca-

374 926 502 973 mino
525 924 880 973 humiliationis.

440 1005 530 1052 VI.
567 1005 650 1052 Sic
686 1005 796 1059 Job,
828 1010 937 1064 post
972 1019 1133 1051 rerum
1161 1004 1349 1058 damna,
1387 1009 1496 1064 post
1526 1003 1781 1066 pignorum
1800 1025 1849 1051 10

374 1082 556 1138 funera,
582 1083 857 1130 vulneribus
886 1097 1076 1143 quoque
1110 1087 1158 1128 et
1192 1081 1434 1129 vermibus
1467 1082 1680 1144 graviter
1714 1081 1784 1128 af·
1818 1119 1827 1127 .

377 1161 547 1216 flictuS‚
583 1177 680 1208 non
716 1161 876 1208 victus
909 1167 997 1216 est,
1038 1162 1121 1207 sed
1156 1160 1415 1220 probatus;
1453 1159 1538 1219 qui
1577 1159 1629 1205 in
1665 1159 1783 1219 ipsis

375 1239 807 1287 conflictationibus
844 1245 893 1285 et
932 1238 1175 1285 doloribus
1216 1237 1315 1284 suis
1356 1236 1642 1297 patientiam
1675 1236 1785 1283 reli-

373 1318 535 1381 giosae
571 1317 744 1363 mentis
779 1317 1032 1363 ostendens
1073 1315 1157 1370 ait,
1187 1313 1356 1362 Nudus
1391 1314 1521 1361 eaivi
1560 1312 1616 1360 de
1655 1318 1784 1360 utero

374 1396 554 1452 matris,
579 1395 730 1442 nudus
753 1396 896 1442 etiam
921 1394 994 1442 ibo
1017 1394 1099 1442 sub
1123 1400 1310 1441 terram.
1377 1391 1613 1439 Dominus
1643 1391 1783 1448 dedit,
1800 1406 1847 1446 15

372 1473 611 1521 Dominus
645 1472 842 1526 abstulit.
913 1471 1049 1519 Sicut
1075 1471 1285 1518 Domino
1315 1471 1462 1517 visum
1495 1475 1560 1517 est
1586 1470 1652 1516 ita
1671 1468 1784 1532 sac-

373 1558 468 1598 tum
493 1557 571 1597 est.
645 1549 723 1597 Sit
745 1566 909 1596 nomen
933 1549 1134 1597 Domini
1165 1548 1467 1596 benedictum.
1537 1547 1607 1594 Et
1628 1564 1777 1610 quum

371 1645 480 1676 eum
519 1645 644 1675 uxor
677 1644 867 1689 quoque
905 1630 1206 1688 compelleret
1243 1633 1299 1673 ut
1331 1626 1381 1672 vi
1418 1625 1592 1671 doloris
1625 1626 1779 1687 impa-

372 1707 495 1753 tiens
534 1706 714 1766 aliquid
756 1707 985 1751 adversus
1022 1705 1181 1751 Deum
1218 1705 1419 1764 querula
1456 1709 1503 1749 et
1541 1703 1778 1750 invidiosa

373 1801 485 1831 voce
527 1786 814 1844 loqueretur,
852 1782 1098 1842 respondit
1137 1788 1185 1828 et
1222 1782 1360 1836 dixit,
1410 1779 1651 1843 Tanquam
1688 1796 1782 1827 una
1798 1799 1848 1825 πο

371 1879 431 1909 ω’
466 1862 633 1925 ineptis
669 1859 938 1907 mulieribus
972 1858 1122 1907 locuta
1153 1875 1211 1906 es.
1281 1858 1342 1907 Si
1372 1857 1489 1905 bona
1520 1858 1782 1921 excepimus

372 1940 428 1987 de
464 1955 605 1986 manu
642 1937 852 1993 Domini,
896 1936 1018 1983 mala
1064 1953 1148 1984 cur
1187 1952 1280 1983 non
1318 1935 1656 1983 tolerabimus?
1717 1934 1783 1983 In

371 2021 446 2068 his
485 2019 697 2069 omnibus
734 2036 850 2083 quae
886 2020 1174 2084 contiyerunt
1209 2019 1252 2066 ei
1289 2017 1414 2065 nihil
1447 2018 1654 2081 peccavit
1688 2016 1783 2065 Job

372 2099 509 2147 labiis
542 2100 640 2146 suis
676 2099 726 2145 in
761 2104 1000 2160 conspeetu
1023 2096 1245 2144 Domini.
1314 2096 1485 2157 Itaque
1515 2096 1586 2142 illi
1615 2095 1783 2142 Domi-

372 2194 464 2226 nus
505 2179 637 2225 Deus
684 2177 903 2238 perhibet
949 2175 1293 2230 testimonium,
1334 2174 1509 2230 dicens,
1549 2172 1782 2220 Animad-
1797 2185 1846 2226 25

371 2256 551 2304 vertisti
584 2270 782 2318 puerum
829 2268 976 2299 meum
1017 2250 1154 2298 Job,?
1198 2249 1307 2297 Non
1343 2249 1465 2296 enim
1503 2254 1568 2296 est
1612 2247 1782 2296 similis

374 2333 447 2382 illi
469 2334 710 2397 quisquam
747 2332 796 2378 in
833 2330 984 2384 terrie,
1009 2327 1142 2375 homo
1171 2329 1272 2374 sine
1300 2326 1499 2390 querela,
1525 2342 1657 2374 verus
1685 2325 1782 2375 Dei

373 2411 532 2460 cultor.
604 2411 671 2458 Et
694 2409 883 2463 Tobiae,
907 2414 1014 2469 post
1038 2422 1182 2467 opera
1215 2405 1480 2468 magnifica,
1505 2411 1614 2467 post
1643 2405 1781 2452 mise-

373 2489 604 2538 ricordiae
637 2503 751 2534 suae
783 2487 936 2532 multa
970 2491 1017 2531 et
1051 2484 1258 2546 gloriosa
1293 2482 1556 2543 praeconia,
1581 2482 1781 2528 caecita-

373 2575 467 2615 tem
495 2565 729 2613 luminum
756 2578 939 2624 passuS,
963 2561 1137 2608 timens
1162 2566 1212 2606 et
1235 2559 1516 2606 benedicens
1540 2558 1591 2605 in
1614 2561 1777 2606 adver·
1793 2576 1845 2614 30

371 2646 437 2692 sis
472 2645 645 2698 Deum,
681 2657 766 2703 per
795 2641 946 2701 ipsam
980 2638 1189 2700 corporis
1224 2637 1300 2684 sui
1331 2638 1513 2684 cladem
1541 2636 1690 2683 crevit
1718 2638 1779 2684 ad

374 2722 560 2767 laudem
580 2735 592 2775 ;
630 2734 771 2779 quem
791 2724 838 2764 et
856 2717 1014 2777 ipsum
1034 2730 1156 2762 uxor
1173 2730 1261 2761 sua
1283 2715 1541 2775 depravare
1559 2713 1777 2766 tentavit,

373 2799 550 2852 dicens,
588 2795 679 2843 Ubi
712 2801 817 2841 sunt
838 2793 1053 2856 justitiae
1088 2792 1235 2839 tuae?
1271 2790 1390 2840 Ecce
1424 2806 1539 2854 quae
1566 2789 1778 2854 pateris!
