<?xml version="1.0" encoding="UTF-8"?>
<!DOCTYPE html PUBLIC "-//W3C//DTD XHTML 1.0 Transitional//EN"
    "http://www.w3.org/TR/xhtml1/DTD/xhtml1-transitional.dtd">
<html xmlns="http://www.w3.org/1999/xhtml" xml:lang="en" lang="en">
 <head>
  <title>
</title>
<meta http-equiv="Content-Type" content="text/html;charset=utf-8" />
  <meta name='ocr-system' content='tesseract 3.04.00' />
  <meta name='ocr-capabilities' content='ocr_page ocr_carea ocr_par ocr_line ocrx_word'/>
</head>
<body>
  <div class='ocr_page' id='page_1' title='image "./scriptorumeccles01rout_0200.png"; bbox 0 0 2034 3204; ppageno 0'>
   <div class='ocr_carea' id='block_1_1' title="bbox 413 231 1363 274">
    <p class='ocr_par' dir='ltr' id='par_1_1' title="bbox 413 231 1363 274">
     <span class='ocr_line' id='line_1_1' title="bbox 413 231 1363 274; baseline 0.005 -5"><span class='ocrx_word' id='word_1_1' title='bbox 413 231 496 270; x_wconf 86' lang='lat'>184</span> <span class='ocrx_word' id='word_1_2' title='bbox 847 231 1363 274; x_wconf 81' lang='lat' dir='ltr'><strong>ANNOTATIONES</strong></span> 
     </span>
    </p>
   </div>
   <div class='ocr_carea' id='block_1_2' title="bbox 408 335 1881 2931">
    <p class='ocr_par' dir='ltr' id='par_1_2' title="bbox 409 335 1850 681">
     <span class='ocr_line' id='line_1_2' title="bbox 469 335 1814 394; baseline 0 -16"><span class='ocrx_word' id='word_1_3' title='bbox 469 337 516 379; x_wconf 90' lang='lat' dir='ltr'>P.</span> <span class='ocrx_word' id='word_1_4' title='bbox 543 338 634 379; x_wconf 88' lang='lat'>116.</span> <span class='ocrx_word' id='word_1_5' title='bbox 670 337 696 379; x_wconf 95' lang='lat' dir='ltr'>l.</span> <span class='ocrx_word' id='word_1_6' title='bbox 728 339 765 379; x_wconf 89' lang='lat'>8.</span> <span class='ocrx_word' id='word_1_7' title='bbox 808 338 946 394; x_wconf 83' lang='lat' dir='ltr'>nupsit</span> <span class='ocrx_word' id='word_1_8' title='bbox 979 353 1052 380; x_wconf 89' lang='lat' dir='ltr'>suo</span> <span class='ocrx_word' id='word_1_9' title='bbox 1089 339 1189 387; x_wconf 90' lang='lat' dir='ltr'>viro,</span> <span class='ocrx_word' id='word_1_10' title='bbox 1225 338 1268 380; x_wconf 90' lang='lat' dir='ltr'>id</span> <span class='ocrx_word' id='word_1_11' title='bbox 1309 343 1371 380; x_wconf 89' lang='lat' dir='ltr'>est</span> <span class='ocrx_word' id='word_1_12' title='bbox 1410 335 1607 393; x_wconf 79' lang='lat' dir='ltr'><strong>tempori]</strong></span> <span class='ocrx_word' id='word_1_13' title='bbox 1650 336 1814 379; x_wconf 86' lang='lat' dir='ltr'>Tertul-</span> 
     </span>
     <span class='ocr_line' id='line_1_3' title="bbox 409 394 1814 453; baseline 0 -17"><span class='ocrx_word' id='word_1_14' title='bbox 409 394 543 436; x_wconf 87' lang='lat' dir='ltr'>lianus</span> <span class='ocrx_word' id='word_1_15' title='bbox 568 394 611 436; x_wconf 91' lang='lat' dir='ltr'>in</span> <span class='ocrx_word' id='word_1_16' title='bbox 638 395 710 438; x_wconf 92' lang='lat' dir='ltr'>lib.</span> <span class='ocrx_word' id='word_1_17' title='bbox 739 395 792 437; x_wconf 88' lang='lat' dir='ltr'>de</span> <span class='ocrx_word' id='word_1_18' title='bbox 820 395 1062 453; x_wconf 86' lang='lat' dir='ltr'>Virginibus</span> <span class='ocrx_word' id='word_1_19' title='bbox 1089 396 1298 444; x_wconf 88' lang='lat' dir='ltr'>Velandis,</span> <span class='ocrx_word' id='word_1_20' title='bbox 1328 410 1416 452; x_wconf 87' lang='lat' dir='ltr'>cap.</span> <span class='ocrx_word' id='word_1_21' title='bbox 1441 408 1502 436; x_wconf 81' lang='grc' dir='ltr'>ιι.</span> <span class='ocrx_word' id='word_1_22' title='bbox 1532 402 1541 417; x_wconf 90' lang='lat'>‘</span> <span class='ocrx_word' id='word_1_23' title='bbox 1560 394 1654 436; x_wconf 88' lang='lat' dir='ltr'>Alia</span> <span class='ocrx_word' id='word_1_24' title='bbox 1679 394 1721 436; x_wconf 92' lang='lat' dir='ltr'>in</span> <span class='ocrx_word' id='word_1_25' title='bbox 1748 409 1814 436; x_wconf 93' lang='lat' dir='ltr'>oc-</span> 
     </span>
     <span class='ocr_line' id='line_1_4' title="bbox 413 452 1813 510; baseline -0.001 -16"><span class='ocrx_word' id='word_1_26' title='bbox 413 456 425 475; x_wconf 93' lang='lat'><em>‘</em></span> <span class='ocrx_word' id='word_1_27' title='bbox 445 452 554 494; x_wconf 87' lang='lat' dir='ltr'>culto</span> <span class='ocrx_word' id='word_1_28' title='bbox 575 458 708 495; x_wconf 89' lang='lat' dir='ltr'>mater</span> <span class='ocrx_word' id='word_1_29' title='bbox 728 459 890 502; x_wconf 88' lang='lat' dir='ltr'>natura,</span> <span class='ocrx_word' id='word_1_30' title='bbox 913 460 956 495; x_wconf 89' lang='lat' dir='ltr'>et</span> <span class='ocrx_word' id='word_1_31' title='bbox 975 453 1079 495; x_wconf 87' lang='lat' dir='ltr'>alius</span> <span class='ocrx_word' id='word_1_32' title='bbox 1098 453 1140 494; x_wconf 87' lang='lat' dir='ltr'>in</span> <span class='ocrx_word' id='word_1_33' title='bbox 1161 454 1317 496; x_wconf 85' lang='lat' dir='ltr'>latente</span> <span class='ocrx_word' id='word_1_34' title='bbox 1337 459 1458 510; x_wconf 88' lang='lat' dir='ltr'>pater</span> <span class='ocrx_word' id='word_1_35' title='bbox 1479 461 1654 508; x_wconf 68' lang='lat' dir='ltr'>tempus,</span> <span class='ocrx_word' id='word_1_36' title='bbox 1666 453 1813 508; x_wconf 85' lang='lat' dir='ltr'>filiam</span> 
     </span>
     <span class='ocr_line' id='line_1_5' title="bbox 412 510 1775 568; baseline 0.001 -17"><span class='ocrx_word' id='word_1_37' title='bbox 412 514 425 533; x_wconf 94' lang='lat'>‘</span> <span class='ocrx_word' id='word_1_38' title='bbox 444 524 558 552; x_wconf 86' lang='lat' dir='ltr'>suam</span> <span class='ocrx_word' id='word_1_39' title='bbox 580 510 741 568; x_wconf 89' lang='lat' dir='ltr'>legibus</span> <span class='ocrx_word' id='word_1_40' title='bbox 761 510 843 552; x_wconf 89' lang='lat' dir='ltr'>suis</span> <span class='ocrx_word' id='word_1_41' title='bbox 864 510 1136 553; x_wconf 56' lang='lat' dir='ltr'>maritarunt?</span> <span class='ocrx_word' id='word_1_42' title='bbox 1761 525 1775 552; x_wconf 73' lang='lat' dir='ltr'><em>a</em></span> 
     </span>
     <span class='ocr_line' id='line_1_6' title="bbox 409 567 1850 623; baseline 0.003 -14"><span class='ocrx_word' id='word_1_43' title='bbox 409 605 411 608; x_wconf 16' lang='grc' dir='ltr'><em>Α</em></span> <span class='ocrx_word' id='word_1_44' title='bbox 469 567 575 610; x_wconf 89' lang='lat' dir='ltr'>Ibid.</span> <span class='ocrx_word' id='word_1_45' title='bbox 608 568 635 609; x_wconf 94' lang='lat' dir='ltr'>l.</span> <span class='ocrx_word' id='word_1_46' title='bbox 668 581 729 611; x_wconf 83' lang='lat'>10.</span> <span class='ocrx_word' id='word_1_47' title='bbox 762 574 804 610; x_wconf 92' lang='lat' dir='ltr'>et</span> <span class='ocrx_word' id='word_1_48' title='bbox 843 583 1004 610; x_wconf 91' lang='lat' dir='ltr'>omnem</span> <span class='ocrx_word' id='word_1_49' title='bbox 1046 568 1232 610; x_wconf 88' lang='lat' dir='ltr'>habitum</span> <span class='ocrx_word' id='word_1_50' title='bbox 1272 568 1326 610; x_wconf 87' lang='lat' dir='ltr'>ad</span> <span class='ocrx_word' id='word_1_51' title='bbox 1361 567 1553 609; x_wconf 85' lang='lat' dir='ltr'>mulieres</span> <span class='ocrx_word' id='word_1_52' title='bbox 1587 567 1809 623; x_wconf 88' lang='lat' dir='ltr'>convertit]</span> <span class='ocrx_word' id='word_1_53' title='bbox 1828 574 1850 613; x_wconf 91' lang='lat'>5</span> 
     </span>
     <span class='ocr_line' id='line_1_7' title="bbox 411 625 1270 681; baseline 0.001 -15"><span class='ocrx_word' id='word_1_54' title='bbox 411 625 626 681; x_wconf 85' lang='lat' dir='ltr'>Tanquam</span> <span class='ocrx_word' id='word_1_55' title='bbox 647 626 681 667; x_wconf 91' lang='lat' dir='ltr'>si</span> <span class='ocrx_word' id='word_1_56' title='bbox 702 625 854 681; x_wconf 90' lang='lat' dir='ltr'>nuptiis</span> <span class='ocrx_word' id='word_1_57' title='bbox 875 625 1061 667; x_wconf 90' lang='lat' dir='ltr'>nuntium</span> <span class='ocrx_word' id='word_1_58' title='bbox 1083 625 1270 667; x_wconf 89' lang='lat' dir='ltr'>misisset.</span> 
     </span>
    </p>

    <p class='ocr_par' dir='ltr' id='par_1_3' title="bbox 412 681 1815 781">
     <span class='ocr_line' id='line_1_8' title="bbox 470 681 1815 739; baseline -0.001 -15"><span class='ocrx_word' id='word_1_59' title='bbox 470 683 574 724; x_wconf 94' lang='lat' dir='ltr'>Ibid.</span> <span class='ocrx_word' id='word_1_60' title='bbox 597 683 622 724; x_wconf 93' lang='lat' dir='ltr'>l.</span> <span class='ocrx_word' id='word_1_61' title='bbox 645 685 708 725; x_wconf 90' lang='lat'>16.</span> <span class='ocrx_word' id='word_1_62' title='bbox 731 689 828 724; x_wconf 86' lang='lat' dir='ltr'>ante</span> <span class='ocrx_word' id='word_1_63' title='bbox 856 682 1013 739; x_wconf 91' lang='lat' dir='ltr'>Deum]</span> <span class='ocrx_word' id='word_1_64' title='bbox 1045 683 1136 724; x_wconf 91' lang='lat' dir='ltr'>Hoc</span> <span class='ocrx_word' id='word_1_65' title='bbox 1165 689 1240 731; x_wconf 88' lang='lat' dir='ltr'>est,</span> <span class='ocrx_word' id='word_1_66' title='bbox 1262 682 1303 724; x_wconf 91' lang='lat' dir='ltr'>in</span> <span class='ocrx_word' id='word_1_67' title='bbox 1331 682 1526 729; x_wconf 81' lang='lat' dir='ltr'>Ecclesia,</span> <span class='ocrx_word' id='word_1_68' title='bbox 1547 682 1645 724; x_wconf 91' lang='lat' dir='ltr'>dum</span> <span class='ocrx_word' id='word_1_69' title='bbox 1673 681 1715 723; x_wconf 90' lang='lat' dir='ltr'>in</span> <span class='ocrx_word' id='word_1_70' title='bbox 1740 681 1815 723; x_wconf 90' lang='lat' dir='ltr'>viis</span> 
     </span>
     <span class='ocr_line' id='line_1_9' title="bbox 412 740 678 781; baseline 0 0"><span class='ocrx_word' id='word_1_71' title='bbox 412 740 540 781; x_wconf 85' lang='lat' dir='ltr'>velari</span> <span class='ocrx_word' id='word_1_72' title='bbox 561 740 678 781; x_wconf 91' lang='lat' dir='ltr'>soles.</span> 
     </span>
    </p>

    <p class='ocr_par' dir='ltr' id='par_1_4' title="bbox 410 795 1880 1201">
     <span class='ocr_line' id='line_1_10' title="bbox 469 795 1813 853; baseline 0 -15"><span class='ocrx_word' id='word_1_73' title='bbox 469 797 575 839; x_wconf 93' lang='lat' dir='ltr'>Ibid.</span> <span class='ocrx_word' id='word_1_74' title='bbox 607 798 634 839; x_wconf 89' lang='lat' dir='ltr'>l.</span> <span class='ocrx_word' id='word_1_75' title='bbox 660 812 722 853; x_wconf 82' lang='lat'>19.</span> <span class='ocrx_word' id='word_1_76' title='bbox 758 797 868 848; x_wconf 83' lang='lat' dir='ltr'>Quid</span> <span class='ocrx_word' id='word_1_77' title='bbox 897 797 999 839; x_wconf 89' lang='lat' dir='ltr'>alias</span> <span class='ocrx_word' id='word_1_78' title='bbox 1030 797 1304 840; x_wconf 79' lang='lat' dir='ltr'>ostentatione</span> <span class='ocrx_word' id='word_1_79' title='bbox 1333 796 1394 838; x_wconf 90' lang='lat' dir='ltr'>tui</span> <span class='ocrx_word' id='word_1_80' title='bbox 1424 795 1629 852; x_wconf 61' lang='lat' dir='ltr'>judIcale</span> <span class='ocrx_word' id='word_1_81' title='bbox 1676 797 1813 847; x_wconf 81' lang='lat' dir='ltr'>Quum</span> 
     </span>
     <span class='ocr_line' id='line_1_11' title="bbox 410 853 1880 911; baseline 0.001 -16"><span class='ocrx_word' id='word_1_82' title='bbox 410 869 497 896; x_wconf 88' lang='lat' dir='ltr'>mos</span> <span class='ocrx_word' id='word_1_83' title='bbox 536 854 662 896; x_wconf 88' lang='lat' dir='ltr'>fuerit</span> <span class='ocrx_word' id='word_1_84' title='bbox 698 856 739 896; x_wconf 93' lang='lat' dir='ltr'>in</span> <span class='ocrx_word' id='word_1_85' title='bbox 780 855 966 911; x_wconf 84' lang='lat' dir='ltr'>plurimis</span> <span class='ocrx_word' id='word_1_86' title='bbox 1011 855 1216 904; x_wconf 85' lang='lat' dir='ltr'>Ecclesiis,</span> <span class='ocrx_word' id='word_1_87' title='bbox 1253 855 1325 897; x_wconf 89' lang='lat' dir='ltr'>sed</span> <span class='ocrx_word' id='word_1_88' title='bbox 1364 853 1474 896; x_wconf 89' lang='lat' dir='ltr'>idem</span> <span class='ocrx_word' id='word_1_89' title='bbox 1514 868 1566 895; x_wconf 87' lang='lat' dir='ltr'>ex</span> <span class='ocrx_word' id='word_1_90' title='bbox 1609 853 1815 896; x_wconf 88' lang='lat' dir='ltr'>sententia</span> <span class='ocrx_word' id='word_1_91' title='bbox 1831 864 1880 890; x_wconf 85' lang='lat'>10</span> 
     </span>
     <span class='ocr_line' id='line_1_12' title="bbox 411 911 1816 968; baseline 0 -15"><span class='ocrx_word' id='word_1_92' title='bbox 411 912 656 954; x_wconf 85' lang='lat' dir='ltr'>Tertulliani</span> <span class='ocrx_word' id='word_1_93' title='bbox 696 912 876 962; x_wconf 85' lang='lat' dir='ltr'>vitiosus,</span> <span class='ocrx_word' id='word_1_94' title='bbox 918 919 964 954; x_wconf 92' lang='lat' dir='ltr'>ut</span> <span class='ocrx_word' id='word_1_95' title='bbox 1006 928 1056 954; x_wconf 89' lang='lat' dir='ltr'>ne</span> <span class='ocrx_word' id='word_1_96' title='bbox 1103 913 1340 955; x_wconf 88' lang='lat' dir='ltr'>velarentur</span> <span class='ocrx_word' id='word_1_97' title='bbox 1387 911 1596 968; x_wconf 87' lang='lat' dir='ltr'>virgines;</span> <span class='ocrx_word' id='word_1_98' title='bbox 1646 911 1816 968; x_wconf 84' lang='lat' dir='ltr'>quaevis</span> 
     </span>
     <span class='ocr_line' id='line_1_13' title="bbox 410 969 1813 1025; baseline 0 -14"><span class='ocrx_word' id='word_1_99' title='bbox 410 969 564 1012; x_wconf 87' lang='lat' dir='ltr'>femina</span> <span class='ocrx_word' id='word_1_100' title='bbox 594 985 675 1011; x_wconf 89' lang='lat' dir='ltr'>non</span> <span class='ocrx_word' id='word_1_101' title='bbox 707 970 893 1021; x_wconf 89' lang='lat' dir='ltr'>velando,</span> <span class='ocrx_word' id='word_1_102' title='bbox 930 971 1003 1012; x_wconf 86' lang='lat' dir='ltr'>sed</span> <span class='ocrx_word' id='word_1_103' title='bbox 1034 977 1174 1013; x_wconf 87' lang='lat' dir='ltr'>cetera</span> <span class='ocrx_word' id='word_1_104' title='bbox 1203 969 1390 1012; x_wconf 87' lang='lat' dir='ltr'>similiter</span> <span class='ocrx_word' id='word_1_105' title='bbox 1424 975 1551 1025; x_wconf 87' lang='lat' dir='ltr'>atque</span> <span class='ocrx_word' id='word_1_106' title='bbox 1586 977 1813 1018; x_wconf 86' lang='lat' dir='ltr'>matronae,</span> 
     </span>
     <span class='ocr_line' id='line_1_14' title="bbox 410 1027 1814 1086; baseline 0 -17"><span class='ocrx_word' id='word_1_107' title='bbox 410 1027 452 1069; x_wconf 91' lang='lat' dir='ltr'>id</span> <span class='ocrx_word' id='word_1_108' title='bbox 474 1028 584 1083; x_wconf 89' lang='lat' dir='ltr'>quod</span> <span class='ocrx_word' id='word_1_109' title='bbox 605 1028 672 1069; x_wconf 90' lang='lat' dir='ltr'>hic</span> <span class='ocrx_word' id='word_1_110' title='bbox 692 1028 893 1077; x_wconf 81' lang='lat' dir='ltr'>innuitur,</span> <span class='ocrx_word' id='word_1_111' title='bbox 915 1028 1075 1079; x_wconf 83' lang='lat' dir='ltr'>vestita,</span> <span class='ocrx_word' id='word_1_112' title='bbox 1098 1028 1300 1086; x_wconf 88' lang='lat' dir='ltr'>virginem</span> <span class='ocrx_word' id='word_1_113' title='bbox 1328 1042 1372 1069; x_wconf 90' lang='lat' dir='ltr'>se</span> <span class='ocrx_word' id='word_1_114' title='bbox 1400 1042 1489 1069; x_wconf 89' lang='lat' dir='ltr'>esse</span> <span class='ocrx_word' id='word_1_115' title='bbox 1511 1027 1603 1069; x_wconf 90' lang='lat' dir='ltr'>Deo</span> <span class='ocrx_word' id='word_1_116' title='bbox 1624 1027 1814 1070; x_wconf 88' lang='lat' dir='ltr'>devotam</span> 
     </span>
     <span class='ocr_line' id='line_1_15' title="bbox 410 1084 1815 1142; baseline 0.001 -16"><span class='ocrx_word' id='word_1_117' title='bbox 410 1086 659 1134; x_wconf 85' lang='lat' dir='ltr'>ostentabat,</span> <span class='ocrx_word' id='word_1_118' title='bbox 681 1085 864 1142; x_wconf 84' lang='lat' dir='ltr'>aliasque</span> <span class='ocrx_word' id='word_1_119' title='bbox 891 1086 1003 1128; x_wconf 84' lang='lat' dir='ltr'>haud</span> <span class='ocrx_word' id='word_1_120' title='bbox 1023 1086 1106 1128; x_wconf 89' lang='lat' dir='ltr'>tale</span> <span class='ocrx_word' id='word_1_121' title='bbox 1127 1086 1227 1142; x_wconf 92' lang='lat' dir='ltr'>quid</span> <span class='ocrx_word' id='word_1_122' title='bbox 1251 1086 1304 1128; x_wconf 86' lang='lat' dir='ltr'>de</span> <span class='ocrx_word' id='word_1_123' title='bbox 1331 1100 1375 1127; x_wconf 88' lang='lat' dir='ltr'>se</span> <span class='ocrx_word' id='word_1_124' title='bbox 1399 1085 1604 1141; x_wconf 86' lang='lat' dir='ltr'>professas</span> <span class='ocrx_word' id='word_1_125' title='bbox 1625 1084 1815 1142; x_wconf 87' lang='lat' dir='ltr'>judicare</span> 
     </span>
     <span class='ocr_line' id='line_1_16' title="bbox 410 1142 1879 1201; baseline 0 -17"><span class='ocrx_word' id='word_1_126' title='bbox 410 1142 641 1185; x_wconf 85' lang='lat' dir='ltr'>videbatur.</span> <span class='ocrx_word' id='word_1_127' title='bbox 708 1143 772 1186; x_wconf 84' lang='lat' dir='ltr'>Ita</span> <span class='ocrx_word' id='word_1_128' title='bbox 791 1158 880 1185; x_wconf 90' lang='lat' dir='ltr'>rem</span> <span class='ocrx_word' id='word_1_129' title='bbox 899 1143 1098 1201; x_wconf 86' lang='lat' dir='ltr'>intelligo.</span> <span class='ocrx_word' id='word_1_130' title='bbox 1832 1156 1879 1195; x_wconf 89' lang='lat'>15</span> 
     </span>
    </p>

    <p class='ocr_par' dir='ltr' id='par_1_5' title="bbox 408 1199 1816 1373">
     <span class='ocr_line' id='line_1_17' title="bbox 470 1199 1814 1258; baseline 0 -16"><span class='ocrx_word' id='word_1_131' title='bbox 470 1200 574 1242; x_wconf 90' lang='lat' dir='ltr'>Ibid.</span> <span class='ocrx_word' id='word_1_132' title='bbox 606 1200 631 1242; x_wconf 96' lang='lat' dir='ltr'>l.</span> <span class='ocrx_word' id='word_1_133' title='bbox 658 1214 723 1244; x_wconf 91' lang='grc'>22.</span> <span class='ocrx_word' id='word_1_134' title='bbox 762 1201 898 1243; x_wconf 86' lang='lat' dir='ltr'>Facile</span> <span class='ocrx_word' id='word_1_135' title='bbox 928 1201 1096 1258; x_wconf 86' lang='lat' dir='ltr'>eligitur</span> <span class='ocrx_word' id='word_1_136' title='bbox 1126 1201 1237 1257; x_wconf 89' lang='lat' dir='ltr'>quod</span> <span class='ocrx_word' id='word_1_137' title='bbox 1266 1199 1482 1243; x_wconf 88' lang='lat' dir='ltr'>affectione</span> <span class='ocrx_word' id='word_1_138' title='bbox 1512 1200 1669 1257; x_wconf 85' lang='lat' dir='ltr'>gloriae</span> <span class='ocrx_word' id='word_1_139' title='bbox 1702 1215 1814 1243; x_wconf 87' lang='lat' dir='ltr'>assu-</span> 
     </span>
     <span class='ocr_line' id='line_1_18' title="bbox 409 1257 1816 1313; baseline 0 -13"><span class='ocrx_word' id='word_1_140' title='bbox 409 1258 552 1313; x_wconf 89' lang='lat' dir='ltr'>mitur]</span> <span class='ocrx_word' id='word_1_141' title='bbox 583 1259 651 1301; x_wconf 88' lang='lat' dir='ltr'>An</span> <span class='ocrx_word' id='word_1_142' title='bbox 680 1259 892 1302; x_wconf 76' lang='lat' dir='ltr'>eliditur?</span> <span class='ocrx_word' id='word_1_143' title='bbox 922 1260 1015 1301; x_wconf 86' lang='lat' dir='ltr'>Vox</span> <span class='ocrx_word' id='word_1_144' title='bbox 1047 1258 1329 1301; x_wconf 86' lang='lat' dir='ltr'>Tertullianea</span> <span class='ocrx_word' id='word_1_145' title='bbox 1359 1264 1435 1300; x_wconf 91' lang='lat' dir='ltr'>est.</span> <span class='ocrx_word' id='word_1_146' title='bbox 1498 1258 1570 1300; x_wconf 89' lang='lat' dir='ltr'>Ait</span> <span class='ocrx_word' id='word_1_147' title='bbox 1598 1263 1743 1300; x_wconf 84' lang='lat' dir='ltr'>auctor</span> <span class='ocrx_word' id='word_1_148' title='bbox 1772 1257 1816 1300; x_wconf 87' lang='lat' dir='ltr'>in</span> 
     </span>
     <span class='ocr_line' id='line_1_19' title="bbox 408 1315 1813 1373; baseline 0.001 -16"><span class='ocrx_word' id='word_1_149' title='bbox 408 1315 479 1358; x_wconf 92' lang='lat' dir='ltr'>lib.</span> <span class='ocrx_word' id='word_1_150' title='bbox 512 1316 565 1358; x_wconf 90' lang='lat' dir='ltr'>de</span> <span class='ocrx_word' id='word_1_151' title='bbox 597 1316 876 1372; x_wconf 83' lang='lat' dir='ltr'>Spectaculis;</span> <span class='ocrx_word' id='word_1_152' title='bbox 910 1324 918 1339; x_wconf 71' lang='lat'><strong><em>⁶</em></strong></span> <span class='ocrx_word' id='word_1_153' title='bbox 943 1317 999 1359; x_wconf 87' lang='lat' dir='ltr'>Et</span> <span class='ocrx_word' id='word_1_154' title='bbox 1028 1315 1274 1373; x_wconf 88' lang='lat' dir='ltr'>palaestrica</span> <span class='ocrx_word' id='word_1_155' title='bbox 1308 1315 1459 1359; x_wconf 84' lang='lat' dir='ltr'>diaboli</span> <span class='ocrx_word' id='word_1_156' title='bbox 1493 1315 1703 1373; x_wconf 86' lang='lat' dir='ltr'>negotium</span> <span class='ocrx_word' id='word_1_157' title='bbox 1736 1322 1813 1358; x_wconf 88' lang='lat' dir='ltr'>est.</span> 
     </span>
    </p>

    <p class='ocr_par' dir='ltr' id='par_1_6' title="bbox 410 1373 1314 1417">
     <span class='ocr_line' id='line_1_20' title="bbox 410 1373 1314 1417; baseline 0 -2"><span class='ocrx_word' id='word_1_158' title='bbox 410 1382 419 1398; x_wconf 91' lang='lat'>‘</span> <span class='ocrx_word' id='word_1_159' title='bbox 443 1373 604 1416; x_wconf 88' lang='lat' dir='ltr'>Primos</span> <span class='ocrx_word' id='word_1_160' title='bbox 625 1374 809 1416; x_wconf 90' lang='lat' dir='ltr'>homines</span> <span class='ocrx_word' id='word_1_161' title='bbox 831 1374 1017 1417; x_wconf 90' lang='lat' dir='ltr'>diabolus</span> <span class='ocrx_word' id='word_1_162' title='bbox 1037 1374 1176 1417; x_wconf 59' lang='lat' dir='ltr'>elisit?</span> <span class='ocrx_word' id='word_1_163' title='bbox 1196 1389 1230 1416; x_wconf 91' lang='lat' dir='ltr'>c.</span> <span class='ocrx_word' id='word_1_164' title='bbox 1250 1375 1314 1416; x_wconf 87' lang='lat'>18.</span> 
     </span>
    </p>

    <p class='ocr_par' dir='ltr' id='par_1_7' title="bbox 408 1430 1880 1892">
     <span class='ocr_line' id='line_1_21' title="bbox 469 1430 1880 1489; baseline -0.001 -17"><span class='ocrx_word' id='word_1_165' title='bbox 469 1430 574 1474; x_wconf 90' lang='lat' dir='ltr'>Ibid.</span> <span class='ocrx_word' id='word_1_166' title='bbox 608 1432 633 1473; x_wconf 91' lang='lat' dir='ltr'>l.</span> <span class='ocrx_word' id='word_1_167' title='bbox 651 1445 720 1487; x_wconf 89' lang='lat'>30.</span> <span class='ocrx_word' id='word_1_168' title='bbox 754 1432 838 1475; x_wconf 87' lang='lat' dir='ltr'>Sed</span> <span class='ocrx_word' id='word_1_169' title='bbox 868 1447 951 1474; x_wconf 89' lang='lat' dir='ltr'>non</span> <span class='ocrx_word' id='word_1_170' title='bbox 975 1438 1094 1489; x_wconf 88' lang='lat' dir='ltr'>putet</span> <span class='ocrx_word' id='word_1_171' title='bbox 1114 1431 1370 1474; x_wconf 90' lang='lat' dir='ltr'>institutione</span> <span class='ocrx_word' id='word_1_172' title='bbox 1395 1430 1674 1487; x_wconf 88' lang='lat' dir='ltr'>unusquisque</span> <span class='ocrx_word' id='word_1_173' title='bbox 1700 1437 1815 1473; x_wconf 88' lang='lat' dir='ltr'>ante·</span> <span class='ocrx_word' id='word_1_174' title='bbox 1831 1444 1880 1470; x_wconf 85' lang='lat'>20</span> 
     </span>
     <span class='ocr_line' id='line_1_22' title="bbox 409 1488 1814 1543; baseline 0 -13"><span class='ocrx_word' id='word_1_175' title='bbox 409 1489 581 1531; x_wconf 86' lang='lat' dir='ltr'>cessoris</span> <span class='ocrx_word' id='word_1_176' title='bbox 596 1489 966 1543; x_wconf 76' lang='lat' dir='ltr'>commovendam]</span> <span class='ocrx_word' id='word_1_177' title='bbox 989 1490 1140 1532; x_wconf 80' lang='lat' dir='ltr'>Latere</span> <span class='ocrx_word' id='word_1_178' title='bbox 1160 1489 1354 1531; x_wconf 89' lang='lat' dir='ltr'>mendum</span> <span class='ocrx_word' id='word_1_179' title='bbox 1375 1489 1417 1530; x_wconf 90' lang='lat' dir='ltr'>in</span> <span class='ocrx_word' id='word_1_180' title='bbox 1438 1488 1502 1530; x_wconf 88' lang='lat' dir='ltr'>his</span> <span class='ocrx_word' id='word_1_181' title='bbox 1518 1488 1654 1531; x_wconf 87' lang='lat' dir='ltr'>verbis</span> <span class='ocrx_word' id='word_1_182' title='bbox 1669 1488 1814 1539; x_wconf 87' lang='lat' dir='ltr'>sentio,</span> 
     </span>
     <span class='ocr_line' id='line_1_23' title="bbox 409 1546 1813 1604; baseline 0.001 -16"><span class='ocrx_word' id='word_1_183' title='bbox 409 1546 483 1589; x_wconf 80' lang='lat' dir='ltr'>sed</span> <span class='ocrx_word' id='word_1_184' title='bbox 497 1561 695 1603; x_wconf 85' lang='lat' dir='ltr'>reparare</span> <span class='ocrx_word' id='word_1_185' title='bbox 712 1562 792 1589; x_wconf 93' lang='lat' dir='ltr'>non</span> <span class='ocrx_word' id='word_1_186' title='bbox 813 1547 958 1590; x_wconf 81' lang='lat' dir='ltr'>audeo.</span> <span class='ocrx_word' id='word_1_187' title='bbox 1020 1548 1213 1589; x_wconf 81' lang='lat' dir='ltr'>Fortasse</span> <span class='ocrx_word' id='word_1_188' title='bbox 1233 1546 1455 1604; x_wconf 90' lang='lat' dir='ltr'>legendum</span> <span class='ocrx_word' id='word_1_189' title='bbox 1470 1546 1813 1602; x_wconf 71' lang='lat' dir='ltr'>unimcujusque.</span> 
     </span>
     <span class='ocr_line' id='line_1_24' title="bbox 411 1604 1814 1661; baseline -0.001 -15"><span class='ocrx_word' id='word_1_190' title='bbox 411 1605 565 1647; x_wconf 86' lang='lat' dir='ltr'>Sensus</span> <span class='ocrx_word' id='word_1_191' title='bbox 591 1610 729 1647; x_wconf 88' lang='lat' dir='ltr'>autem</span> <span class='ocrx_word' id='word_1_192' title='bbox 759 1611 846 1648; x_wconf 89' lang='lat' dir='ltr'>est:</span> <span class='ocrx_word' id='word_1_193' title='bbox 878 1605 973 1647; x_wconf 87' lang='lat' dir='ltr'>Non</span> <span class='ocrx_word' id='word_1_194' title='bbox 1001 1619 1090 1647; x_wconf 87' lang='lat' dir='ltr'>esse</span> <span class='ocrx_word' id='word_1_195' title='bbox 1117 1604 1180 1646; x_wconf 90' lang='lat' dir='ltr'>vir</span> <span class='ocrx_word' id='word_1_196' title='bbox 1212 1605 1337 1654; x_wconf 88' lang='lat' dir='ltr'>inum,</span> <span class='ocrx_word' id='word_1_197' title='bbox 1359 1619 1465 1661; x_wconf 89' lang='lat' dir='ltr'>quae</span> <span class='ocrx_word' id='word_1_198' title='bbox 1491 1609 1814 1656; x_wconf 88' lang='lat' dir='ltr'>antecesserunt,</span> 
     </span>
     <span class='ocr_line' id='line_1_25' title="bbox 408 1661 1815 1719; baseline -0.001 -15"><span class='ocrx_word' id='word_1_199' title='bbox 408 1661 758 1711; x_wconf 87' lang='lat' dir='ltr'>consuetudinem,</span> <span class='ocrx_word' id='word_1_200' title='bbox 799 1677 875 1719; x_wconf 91' lang='lat' dir='ltr'>pro</span> <span class='ocrx_word' id='word_1_201' title='bbox 915 1662 1076 1706; x_wconf 87' lang='lat' dir='ltr'>ratione</span> <span class='ocrx_word' id='word_1_202' title='bbox 1114 1663 1168 1705; x_wconf 86' lang='lat' dir='ltr'>ad</span> <span class='ocrx_word' id='word_1_203' title='bbox 1199 1663 1413 1705; x_wconf 88' lang='lat' dir='ltr'>ucendam.</span> <span class='ocrx_word' id='word_1_204' title='bbox 1485 1662 1815 1704; x_wconf 84' lang='lat' dir='ltr'>MURATORI.</span> 
     </span>
     <span class='ocr_line' id='line_1_26' title="bbox 409 1719 1879 1777; baseline -0.002 -14"><span class='ocrx_word' id='word_1_205' title='bbox 409 1719 548 1776; x_wconf 87' lang='lat' dir='ltr'>Magis</span> <span class='ocrx_word' id='word_1_206' title='bbox 579 1719 824 1772; x_wconf 84' lang='lat' dir='ltr'>existimem,</span> <span class='ocrx_word' id='word_1_207' title='bbox 855 1735 952 1762; x_wconf 87' lang='lat' dir='ltr'>voce</span> <span class='ocrx_word' id='word_1_208' title='bbox 982 1722 1259 1763; x_wconf 72' lang='lat' dir='ltr'>antecessoris</span> <span class='ocrx_word' id='word_1_209' title='bbox 1279 1720 1526 1777; x_wconf 87' lang='lat' dir='ltr'>Episcopum</span> <span class='ocrx_word' id='word_1_210' title='bbox 1558 1720 1813 1762; x_wconf 87' lang='lat' dir='ltr'>decessorem</span> <span class='ocrx_word' id='word_1_211' title='bbox 1831 1732 1879 1770; x_wconf 86' lang='lat'>25</span> 
     </span>
     <span class='ocr_line' id='line_1_27' title="bbox 408 1777 1816 1835; baseline 0 -16"><span class='ocrx_word' id='word_1_212' title='bbox 408 1777 643 1835; x_wconf 86' lang='lat' dir='ltr'>significari,</span> <span class='ocrx_word' id='word_1_213' title='bbox 666 1784 709 1820; x_wconf 91' lang='lat' dir='ltr'>et</span> <span class='ocrx_word' id='word_1_214' title='bbox 733 1778 1024 1835; x_wconf 87' lang='lat' dir='ltr'>corrigendum</span> <span class='ocrx_word' id='word_1_215' title='bbox 1052 1793 1141 1820; x_wconf 87' lang='lat' dir='ltr'>esse</span> <span class='ocrx_word' id='word_1_216' title='bbox 1165 1780 1486 1821; x_wconf 73' lang='lat' dir='ltr'>institutionem.</span> <span class='ocrx_word' id='word_1_217' title='bbox 1549 1777 1630 1820; x_wconf 87' lang='lat' dir='ltr'>Adi</span> <span class='ocrx_word' id='word_1_218' title='bbox 1652 1777 1816 1820; x_wconf 89' lang='lat' dir='ltr'>Tertul-</span> 
     </span>
     <span class='ocr_line' id='line_1_28' title="bbox 408 1835 1392 1892; baseline 0 -15"><span class='ocrx_word' id='word_1_219' title='bbox 408 1835 562 1878; x_wconf 88' lang='lat' dir='ltr'>lianum</span> <span class='ocrx_word' id='word_1_220' title='bbox 584 1835 636 1877; x_wconf 91' lang='lat' dir='ltr'>de</span> <span class='ocrx_word' id='word_1_221' title='bbox 657 1835 900 1892; x_wconf 83' lang='lat' dir='ltr'>Virginibus</span> <span class='ocrx_word' id='word_1_222' title='bbox 922 1835 1133 1887; x_wconf 81' lang='lat' dir='ltr'>velandis,</span> <span class='ocrx_word' id='word_1_223' title='bbox 1155 1850 1272 1892; x_wconf 83' lang='lat' dir='ltr'>capp.</span> <span class='ocrx_word' id='word_1_224' title='bbox 1293 1848 1331 1885; x_wconf 88' lang='lat'>2,</span> <span class='ocrx_word' id='word_1_225' title='bbox 1353 1849 1392 1891; x_wconf 82' lang='lat'>3.</span> 
     </span>
    </p>

    <p class='ocr_par' dir='ltr' id='par_1_8' title="bbox 409 1892 1881 2700">
     <span class='ocr_line' id='line_1_29' title="bbox 469 1892 1814 1950; baseline -0.001 -15"><span class='ocrx_word' id='word_1_226' title='bbox 469 1892 578 1936; x_wconf 91' lang='lat' dir='ltr'>Ibid.</span> <span class='ocrx_word' id='word_1_227' title='bbox 600 1893 626 1935; x_wconf 93' lang='lat' dir='ltr'>l.</span> <span class='ocrx_word' id='word_1_228' title='bbox 640 1906 710 1948; x_wconf 84' lang='lat'>32.</span> <span class='ocrx_word' id='word_1_229' title='bbox 744 1893 867 1936; x_wconf 87' lang='lat' dir='ltr'>Multi</span> <span class='ocrx_word' id='word_1_230' title='bbox 895 1893 1054 1936; x_wconf 86' lang='lat' dir='ltr'>alienae</span> <span class='ocrx_word' id='word_1_231' title='bbox 1079 1893 1362 1937; x_wconf 89' lang='lat' dir='ltr'>consuetudini</span> <span class='ocrx_word' id='word_1_232' title='bbox 1392 1892 1654 1950; x_wconf 84' lang='lat' dir='ltr'>prudentiam</span> <span class='ocrx_word' id='word_1_233' title='bbox 1685 1907 1814 1942; x_wconf 84' lang='lat' dir='ltr'>suam,</span> 
     </span>
     <span class='ocr_line' id='line_1_30' title="bbox 409 1950 1815 2008; baseline 0 -15"><span class='ocrx_word' id='word_1_234' title='bbox 409 1956 452 1993; x_wconf 88' lang='lat' dir='ltr'>et</span> <span class='ocrx_word' id='word_1_235' title='bbox 481 1950 752 1994; x_wconf 82' lang='lat' dir='ltr'>constantiam</span> <span class='ocrx_word' id='word_1_236' title='bbox 789 1950 877 2007; x_wconf 89' lang='lat' dir='ltr'>ejus</span> <span class='ocrx_word' id='word_1_237' title='bbox 911 1951 1121 2001; x_wconf 88' lang='lat' dir='ltr'>addicunt,</span> <span class='ocrx_word' id='word_1_238' title='bbox 1158 1966 1210 1994; x_wconf 90' lang='lat' dir='ltr'>ne</span> <span class='ocrx_word' id='word_1_239' title='bbox 1245 1950 1544 2008; x_wconf 84' lang='lat' dir='ltr'>compellantur</span> <span class='ocrx_word' id='word_1_240' title='bbox 1579 1950 1723 2005; x_wconf 85' lang='lat' dir='ltr'>velari]</span> <span class='ocrx_word' id='word_1_241' title='bbox 1759 1951 1815 1993; x_wconf 90' lang='lat' dir='ltr'>Et</span> 
     </span>
     <span class='ocr_line' id='line_1_31' title="bbox 409 2008 1881 2067; baseline -0.001 -17"><span class='ocrx_word' id='word_1_242' title='bbox 409 2008 501 2050; x_wconf 91' lang='lat' dir='ltr'>heic</span> <span class='ocrx_word' id='word_1_243' title='bbox 522 2008 651 2051; x_wconf 87' lang='lat' dir='ltr'>verba</span> <span class='ocrx_word' id='word_1_244' title='bbox 670 2016 867 2066; x_wconf 84' lang='lat' dir='ltr'>corrupta</span> <span class='ocrx_word' id='word_1_245' title='bbox 887 2009 1088 2052; x_wconf 86' lang='lat' dir='ltr'>existimo.</span> <span class='ocrx_word' id='word_1_246' title='bbox 1150 2009 1312 2067; x_wconf 89' lang='lat' dir='ltr'>Legere</span> <span class='ocrx_word' id='word_1_247' title='bbox 1330 2008 1493 2051; x_wconf 86' lang='lat' dir='ltr'>mallem</span> <span class='ocrx_word' id='word_1_248' title='bbox 1513 2008 1686 2052; x_wconf 79' lang='lat' dir='ltr'>multae.</span> <span class='ocrx_word' id='word_1_249' title='bbox 1747 2008 1816 2051; x_wconf 92' lang='lat' dir='ltr'>ln-</span> <span class='ocrx_word' id='word_1_250' title='bbox 1829 2023 1881 2061; x_wconf 83' lang='lat'>30</span> 
     </span>
     <span class='ocr_line' id='line_1_32' title="bbox 409 2065 1816 2124; baseline 0 -16"><span class='ocrx_word' id='word_1_251' title='bbox 409 2065 500 2122; x_wconf 90' lang='lat' dir='ltr'>quit</span> <span class='ocrx_word' id='word_1_252' title='bbox 530 2072 683 2118; x_wconf 87' lang='lat' dir='ltr'>autem,</span> <span class='ocrx_word' id='word_1_253' title='bbox 715 2067 946 2124; x_wconf 84' lang='lat' dir='ltr'>complures</span> <span class='ocrx_word' id='word_1_254' title='bbox 976 2066 1170 2124; x_wconf 86' lang='lat' dir='ltr'>virgines,</span> <span class='ocrx_word' id='word_1_255' title='bbox 1202 2082 1254 2109; x_wconf 91' lang='lat' dir='ltr'>ne</span> <span class='ocrx_word' id='word_1_256' title='bbox 1284 2066 1327 2109; x_wconf 90' lang='lat' dir='ltr'>in</span> <span class='ocrx_word' id='word_1_257' title='bbox 1360 2066 1515 2123; x_wconf 88' lang='lat' dir='ltr'>templo</span> <span class='ocrx_word' id='word_1_258' title='bbox 1546 2065 1674 2109; x_wconf 89' lang='lat' dir='ltr'>velari</span> <span class='ocrx_word' id='word_1_259' title='bbox 1708 2080 1816 2108; x_wconf 91' lang='lat' dir='ltr'>com-</span> 
     </span>
     <span class='ocr_line' id='line_1_33' title="bbox 410 2124 1814 2182; baseline 0 -16"><span class='ocrx_word' id='word_1_260' title='bbox 410 2124 677 2181; x_wconf 83' lang='lat' dir='ltr'>pellerentur,</span> <span class='ocrx_word' id='word_1_261' title='bbox 723 2124 1027 2167; x_wconf 83' lang='lat' dir='ltr'>raecedentium</span> <span class='ocrx_word' id='word_1_262' title='bbox 1050 2124 1257 2182; x_wconf 87' lang='lat' dir='ltr'>virginum</span> <span class='ocrx_word' id='word_1_263' title='bbox 1273 2124 1568 2168; x_wconf 87' lang='lat' dir='ltr'>consuetudine</span> <span class='ocrx_word' id='word_1_264' title='bbox 1589 2138 1677 2167; x_wconf 88' lang='lat' dir='ltr'>sese</span> <span class='ocrx_word' id='word_1_265' title='bbox 1693 2124 1814 2174; x_wconf 89' lang='lat' dir='ltr'>tueri,</span> 
     </span>
     <span class='ocr_line' id='line_1_34' title="bbox 410 2138 1817 2239; baseline 0.001 -16"><span class='ocrx_word' id='word_1_266' title='bbox 410 2181 509 2224; x_wconf 79' lang='lat' dir='ltr'>satis</span> <span class='ocrx_word' id='word_1_267' title='bbox 538 2196 582 2224; x_wconf 88' lang='lat' dir='ltr'>se</span> <span class='ocrx_word' id='word_1_268' title='bbox 609 2138 835 2239; x_wconf 52' lang='lat' dir='ltr'>prusentes</span> <span class='ocrx_word' id='word_1_269' title='bbox 861 2182 1103 2230; x_wconf 84' lang='lat' dir='ltr'>arbitratae,</span> <span class='ocrx_word' id='word_1_270' title='bbox 1130 2182 1164 2224; x_wconf 87' lang='lat' dir='ltr'>si</span> <span class='ocrx_word' id='word_1_271' title='bbox 1219 2182 1302 2225; x_wconf 91' lang='lat' dir='ltr'>uod</span> <span class='ocrx_word' id='word_1_272' title='bbox 1325 2182 1420 2225; x_wconf 90' lang='lat' dir='ltr'>illae</span> <span class='ocrx_word' id='word_1_273' title='bbox 1446 2187 1683 2225; x_wconf 88' lang='lat' dir='ltr'>constanter</span> <span class='ocrx_word' id='word_1_274' title='bbox 1709 2182 1817 2224; x_wconf 83' lang='lat' dir='ltr'>fece-</span> 
     </span>
     <span class='ocr_line' id='line_1_35' title="bbox 410 2239 1816 2296; baseline 0.001 -15"><span class='ocrx_word' id='word_1_275' title='bbox 410 2245 522 2291; x_wconf 86' lang='lat' dir='ltr'>runt,</span> <span class='ocrx_word' id='word_1_276' title='bbox 549 2246 592 2282; x_wconf 89' lang='lat' dir='ltr'>et</span> <span class='ocrx_word' id='word_1_277' title='bbox 620 2239 734 2296; x_wconf 83' lang='lat' dir='ltr'>ipsae</span> <span class='ocrx_word' id='word_1_278' title='bbox 764 2240 961 2283; x_wconf 84' lang='lat' dir='ltr'>facerent.</span> <span class='ocrx_word' id='word_1_279' title='bbox 1024 2240 1195 2283; x_wconf 89' lang='lat' dir='ltr'><strong>MURA</strong></span> <span class='ocrx_word' id='word_1_280' title='bbox 1237 2240 1354 2283; x_wconf 84' lang='lat' dir='ltr'>ORI.</span> <span class='ocrx_word' id='word_1_281' title='bbox 1415 2241 1548 2283; x_wconf 84' lang='lat' dir='ltr'>Locus</span> <span class='ocrx_word' id='word_1_282' title='bbox 1577 2254 1627 2282; x_wconf 86' lang='lat' dir='ltr'>ea</span> <span class='ocrx_word' id='word_1_283' title='bbox 1655 2239 1816 2282; x_wconf 88' lang='lat' dir='ltr'>ratione</span> 
     </span>
     <span class='ocr_line' id='line_1_36' title="bbox 410 2295 1879 2355; baseline 0.001 -17"><span class='ocrx_word' id='word_1_284' title='bbox 410 2295 680 2355; x_wconf 82' lang='lat' dir='ltr'>corrigendus</span> <span class='ocrx_word' id='word_1_285' title='bbox 700 2297 799 2339; x_wconf 91' lang='lat' dir='ltr'>mihi</span> <span class='ocrx_word' id='word_1_286' title='bbox 821 2297 986 2354; x_wconf 89' lang='lat' dir='ltr'>quidem</span> <span class='ocrx_word' id='word_1_287' title='bbox 1008 2298 1184 2347; x_wconf 89' lang='lat' dir='ltr'>videtur,</span> <span class='ocrx_word' id='word_1_288' title='bbox 1201 2304 1247 2341; x_wconf 93' lang='lat' dir='ltr'>ut</span> <span class='ocrx_word' id='word_1_289' title='bbox 1268 2312 1366 2341; x_wconf 86' lang='lat' dir='ltr'>voce</span> <span class='ocrx_word' id='word_1_290' title='bbox 1387 2298 1514 2341; x_wconf 81' lang='lat' dir='ltr'>multi</span> <span class='ocrx_word' id='word_1_291' title='bbox 1533 2296 1815 2355; x_wconf 88' lang='lat' dir='ltr'>significentur</span> <span class='ocrx_word' id='word_1_292' title='bbox 1829 2310 1879 2350; x_wconf 87' lang='lat'>35</span> 
     </span>
     <span class='ocr_line' id='line_1_37' title="bbox 411 2354 1816 2413; baseline 0 -16"><span class='ocrx_word' id='word_1_293' title='bbox 411 2354 635 2411; x_wconf 83' lang='lat' dir='ltr'>praesules,</span> <span class='ocrx_word' id='word_1_294' title='bbox 656 2354 726 2411; x_wconf 85' lang='lat' dir='ltr'>qui</span> <span class='ocrx_word' id='word_1_295' title='bbox 756 2354 935 2412; x_wconf 79' lang='lat' dir='ltr'>virgines</span> <span class='ocrx_word' id='word_1_296' title='bbox 956 2355 1082 2397; x_wconf 82' lang='lat' dir='ltr'>volari</span> <span class='ocrx_word' id='word_1_297' title='bbox 1111 2370 1192 2397; x_wconf 91' lang='lat' dir='ltr'>non</span> <span class='ocrx_word' id='word_1_298' title='bbox 1219 2355 1434 2413; x_wconf 86' lang='lat' dir='ltr'>cogebant.</span> <span class='ocrx_word' id='word_1_299' title='bbox 1496 2355 1604 2397; x_wconf 87' lang='lat' dir='ltr'>Nam</span> <span class='ocrx_word' id='word_1_300' title='bbox 1629 2369 1675 2397; x_wconf 88' lang='lat' dir='ltr'>su</span> <span class='ocrx_word' id='word_1_301' title='bbox 1707 2354 1816 2398; x_wconf 87' lang='lat' dir='ltr'>erius</span> 
     </span>
     <span class='ocr_line' id='line_1_38' title="bbox 410 2411 1816 2477; baseline 0.001 -23"><span class='ocrx_word' id='word_1_302' title='bbox 410 2418 537 2477; x_wconf 76' lang='lat' dir='ltr'>atque</span> <span class='ocrx_word' id='word_1_303' title='bbox 557 2427 607 2454; x_wconf 88' lang='lat' dir='ltr'>ex</span> <span class='ocrx_word' id='word_1_304' title='bbox 631 2411 756 2468; x_wconf 79' lang='lat' dir='ltr'>ipsius</span> <span class='ocrx_word' id='word_1_305' title='bbox 776 2412 956 2455; x_wconf 86' lang='lat' dir='ltr'>auctoris</span> <span class='ocrx_word' id='word_1_306' title='bbox 984 2412 1259 2469; x_wconf 81' lang='lat' dir='ltr'>disputatione</span> <span class='ocrx_word' id='word_1_307' title='bbox 1281 2412 1333 2455; x_wconf 89' lang='lat' dir='ltr'>de</span> <span class='ocrx_word' id='word_1_308' title='bbox 1354 2412 1596 2469; x_wconf 79' lang='lat' dir='ltr'>Virginibus</span> <span class='ocrx_word' id='word_1_309' title='bbox 1618 2413 1682 2455; x_wconf 88' lang='lat' dir='ltr'>Ve</span> <span class='ocrx_word' id='word_1_310' title='bbox 1698 2413 1816 2455; x_wconf 88' lang='lat' dir='ltr'>andis</span> 
     </span>
     <span class='ocr_line' id='line_1_39' title="bbox 411 2469 1813 2519; baseline 0.001 -8"><span class='ocrx_word' id='word_1_311' title='bbox 411 2476 510 2512; x_wconf 81' lang='lat' dir='ltr'>satis</span> <span class='ocrx_word' id='word_1_312' title='bbox 532 2476 708 2519; x_wconf 83' lang='lat' dir='ltr'>constat,</span> <span class='ocrx_word' id='word_1_313' title='bbox 731 2484 781 2512; x_wconf 81' lang='lat' dir='ltr'>ex</span> <span class='ocrx_word' id='word_1_314' title='bbox 839 2477 931 2512; x_wconf 89' lang='lat' dir='ltr'>arte</span> <span class='ocrx_word' id='word_1_315' title='bbox 953 2485 1034 2512; x_wconf 90' lang='lat' dir='ltr'>non</span> <span class='ocrx_word' id='word_1_316' title='bbox 1056 2469 1276 2513; x_wconf 87' lang='lat' dir='ltr'>velantium</span> <span class='ocrx_word' id='word_1_317' title='bbox 1298 2470 1459 2513; x_wconf 87' lang='lat' dir='ltr'>stetisse</span> <span class='ocrx_word' id='word_1_318' title='bbox 1480 2470 1813 2513; x_wconf 85' lang='lat' dir='ltr'>consuetudinem</span> 
     </span>
     <span class='ocr_line' id='line_1_40' title="bbox 412 2527 1814 2585; baseline 0.002 -17"><span class='ocrx_word' id='word_1_319' title='bbox 412 2527 703 2583; x_wconf 86' lang='lat' dir='ltr'>plerarumque</span> <span class='ocrx_word' id='word_1_320' title='bbox 725 2527 806 2570; x_wconf 82' lang='lat' dir='ltr'>Eoe</span> <span class='ocrx_word' id='word_1_321' title='bbox 824 2527 1015 2570; x_wconf 84' lang='lat' dir='ltr'>esiarum.</span> <span class='ocrx_word' id='word_1_322' title='bbox 1062 2528 1207 2585; x_wconf 83' lang='lat' dir='ltr'>ltaque</span> <span class='ocrx_word' id='word_1_323' title='bbox 1227 2528 1357 2571; x_wconf 90' lang='lat' dir='ltr'>locum</span> <span class='ocrx_word' id='word_1_324' title='bbox 1380 2527 1436 2571; x_wconf 90' lang='lat' dir='ltr'>sic</span> <span class='ocrx_word' id='word_1_325' title='bbox 1452 2528 1623 2585; x_wconf 72' lang='lat' dir='ltr'>retingo.</span> <span class='ocrx_word' id='word_1_326' title='bbox 1664 2534 1675 2552; x_wconf 85' lang='lat'>‘</span> <span class='ocrx_word' id='word_1_327' title='bbox 1692 2528 1814 2571; x_wconf 89' lang='lat' dir='ltr'>Multi</span> 
     </span>
     <span class='ocr_line' id='line_1_41' title="bbox 413 2584 1880 2642; baseline 0 -16"><span class='ocrx_word' id='word_1_328' title='bbox 413 2595 422 2608; x_wconf 72' lang='lat'><em>⁶</em></span> <span class='ocrx_word' id='word_1_329' title='bbox 445 2584 604 2628; x_wconf 82' lang='lat' dir='ltr'>alienae</span> <span class='ocrx_word' id='word_1_330' title='bbox 623 2584 906 2627; x_wconf 84' lang='lat' dir='ltr'>consuetudini</span> <span class='ocrx_word' id='word_1_331' title='bbox 930 2584 1190 2642; x_wconf 85' lang='lat' dir='ltr'>prudentiam</span> <span class='ocrx_word' id='word_1_332' title='bbox 1205 2600 1320 2629; x_wconf 83' lang='lat' dir='ltr'>suam</span> <span class='ocrx_word' id='word_1_333' title='bbox 1342 2585 1550 2634; x_wconf 87' lang='lat' dir='ltr'>addicunt,</span> <span class='ocrx_word' id='word_1_334' title='bbox 1569 2592 1611 2628; x_wconf 90' lang='lat' dir='ltr'>et</span> <span class='ocrx_word' id='word_1_335' title='bbox 1628 2592 1814 2629; x_wconf 85' lang='lat' dir='ltr'>constan·</span> <span class='ocrx_word' id='word_1_336' title='bbox 1829 2602 1880 2636; x_wconf 84' lang='lat'>40</span> 
     </span>
     <span class='ocr_line' id='line_1_42' title="bbox 413 2642 1687 2700; baseline 0.002 -16"><span class='ocrx_word' id='word_1_337' title='bbox 413 2651 421 2666; x_wconf 78' lang='lat'><em>⁰</em></span> <span class='ocrx_word' id='word_1_338' title='bbox 447 2642 544 2684; x_wconf 87' lang='lat' dir='ltr'>tiam</span> <span class='ocrx_word' id='word_1_339' title='bbox 566 2642 655 2697; x_wconf 82' lang='lat' dir='ltr'>ojus</span> <span class='ocrx_word' id='word_1_340' title='bbox 675 2643 914 2693; x_wconf 79' lang='lat' dir='ltr'>adducunt,</span> <span class='ocrx_word' id='word_1_341' title='bbox 936 2658 986 2686; x_wconf 88' lang='lat' dir='ltr'>ne</span> <span class='ocrx_word' id='word_1_342' title='bbox 1007 2643 1305 2700; x_wconf 85' lang='lat' dir='ltr'>compellantur</span> <span class='ocrx_word' id='word_1_343' title='bbox 1325 2645 1512 2699; x_wconf 64' lang='lat' dir='ltr'>viryivuw</span> <span class='ocrx_word' id='word_1_344' title='bbox 1534 2642 1687 2686; x_wconf 87' lang='lat' dir='ltr'>velari.’</span> 
     </span>
    </p>

    <p class='ocr_par' dir='ltr' id='par_1_9' title="bbox 411 2699 1877 2931">
     <span class='ocr_line' id='line_1_43' title="bbox 472 2699 1809 2758; baseline 0.001 -17"><span class='ocrx_word' id='word_1_345' title='bbox 472 2699 516 2742; x_wconf 85' lang='lat'>1‘.</span> <span class='ocrx_word' id='word_1_346' title='bbox 548 2710 638 2753; x_wconf 83' lang='lat'><strong>¹¹7·</strong></span> <span class='ocrx_word' id='word_1_347' title='bbox 672 2699 696 2742; x_wconf 90' lang='lat' dir='ltr'>l.</span> <span class='ocrx_word' id='word_1_348' title='bbox 721 2713 759 2743; x_wconf 87' lang='lat'>2.</span> <span class='ocrx_word' id='word_1_349' title='bbox 804 2703 929 2743; x_wconf 82' lang='lat' dir='ltr'>Certe</span> <span class='ocrx_word' id='word_1_350' title='bbox 961 2700 1228 2758; x_wconf 87' lang='lat' dir='ltr'>voluntarias]</span> <span class='ocrx_word' id='word_1_351' title='bbox 1272 2701 1337 2743; x_wconf 86' lang='lat' dir='ltr'>Ita</span> <span class='ocrx_word' id='word_1_352' title='bbox 1383 2716 1460 2758; x_wconf 80' lang='lat' dir='ltr'>ego</span> <span class='ocrx_word' id='word_1_353' title='bbox 1497 2700 1809 2757; x_wconf 84' lang='lat' dir='ltr'>interpretarer.</span> 
     </span>
     <span class='ocr_line' id='line_1_44' title="bbox 416 2756 1812 2815; baseline 0 -16"><span class='ocrx_word' id='word_1_354' title='bbox 416 2756 553 2799; x_wconf 76' lang='lat' dir='ltr'>volari</span> <span class='ocrx_word' id='word_1_355' title='bbox 586 2757 759 2800; x_wconf 62' lang='lat' dir='ltr'>semime*</span> <span class='ocrx_word' id='word_1_356' title='bbox 787 2757 938 2815; x_wconf 85' lang='lat' dir='ltr'>nuptiis</span> <span class='ocrx_word' id='word_1_357' title='bbox 968 2758 1118 2801; x_wconf 84' lang='lat' dir='ltr'>saeculi</span> <span class='ocrx_word' id='word_1_358' title='bbox 1146 2766 1219 2802; x_wconf 80' lang='lat' dir='ltr'>aut</span> <span class='ocrx_word' id='word_1_359' title='bbox 1248 2758 1402 2802; x_wconf 77' lang='lat' dir='ltr'>Christi</span> <span class='ocrx_word' id='word_1_360' title='bbox 1429 2758 1627 2807; x_wconf 81' lang='lat' dir='ltr'>addictas,</span> <span class='ocrx_word' id='word_1_361' title='bbox 1649 2757 1812 2800; x_wconf 84' lang='lat' dir='ltr'>omnino</span> 
     </span>
     <span class='ocr_line' id='line_1_45' title="bbox 412 2814 1811 2873; baseline 0.002 -18"><span class='ocrx_word' id='word_1_362' title='bbox 412 2814 683 2858; x_wconf 65' lang='lat' dir='ltr'>net-ewiriuin</span> <span class='ocrx_word' id='word_1_363' title='bbox 713 2821 787 2858; x_wconf 85' lang='lat' dir='ltr'>ost.</span> <span class='ocrx_word' id='word_1_364' title='bbox 851 2816 906 2860; x_wconf 81' lang='lat' dir='ltr'>At</span> <span class='ocrx_word' id='word_1_365' title='bbox 933 2831 1039 2872; x_wconf 83' lang='lat' dir='ltr'>quae</span> <span class='ocrx_word' id='word_1_366' title='bbox 1062 2815 1338 2873; x_wconf 85' lang='lat' dir='ltr'>virginitatem</span> <span class='ocrx_word' id='word_1_367' title='bbox 1363 2815 1633 2859; x_wconf 83' lang='lat' dir='ltr'>voluntariam</span> <span class='ocrx_word' id='word_1_368' title='bbox 1660 2815 1811 2863; x_wconf 88' lang='lat' dir='ltr'>colunt,</span> 
     </span>
     <span class='ocr_line' id='line_1_46' title="bbox 411 2871 1877 2931; baseline 0 -16"><span class='ocrx_word' id='word_1_369' title='bbox 411 2871 540 2915; x_wconf 71' lang='lat' dir='ltr'>donoc</span> <span class='ocrx_word' id='word_1_370' title='bbox 563 2872 752 2916; x_wconf 80' lang='lat' dir='ltr'>maritum</span> <span class='ocrx_word' id='word_1_371' title='bbox 776 2871 850 2915; x_wconf 68' lang='lat' dir='ltr'>sibi</span> <span class='ocrx_word' id='word_1_372' title='bbox 873 2881 1126 2931; x_wconf 81' lang='lat' dir='ltr'>comparent,</span> <span class='ocrx_word' id='word_1_373' title='bbox 1150 2873 1213 2916; x_wconf 79' lang='lat' dir='ltr'>liis</span> <span class='ocrx_word' id='word_1_374' title='bbox 1234 2888 1401 2930; x_wconf 78' lang='lat' dir='ltr'>prorsus</span> <span class='ocrx_word' id='word_1_375' title='bbox 1423 2872 1704 2917; x_wconf 80' lang='lat' dir='ltr'>interdicenda</span> <span class='ocrx_word' id='word_1_376' title='bbox 1731 2887 1812 2916; x_wconf 88' lang='lat' dir='ltr'>non</span> <span class='ocrx_word' id='word_1_377' title='bbox 1828 2887 1877 2925; x_wconf 85' lang='lat'>45</span> 
     </span>
    </p>
   </div>
  </div>
 </body>
</html>
