2034 3204
914 219 957 261 S.
991 218 1311 262 CYPRIANI

411 328 674 374 aediculam
690 328 789 373 vim
805 334 967 373 tantae
981 327 1246 388 majestatis
1260 326 1502 371 includam
1517 326 1539 370 Ρ
1576 325 1635 370 Ι11
1649 330 1812 371 nostra

410 406 702 452 dedicandus
741 412 813 451 est
849 412 1019 457 mente,
1057 405 1109 450 in
1149 410 1312 449 nostro
1356 404 1700 449 consecrandus
1741 409 1813 448 est

409 489 610 542 pectore.
681 482 782 528 Nec
806 497 979 527 nomen
1002 482 1105 526 Deo
1123 495 1350 541 quaeras:
1389 480 1520 526 Deus
1544 495 1715 526 nomen
1740 486 1813 526 est

410 559 498 606 illi.
566 558 672 605 Illic
706 558 949 604 vocabulis
987 573 1106 617 opus
1141 563 1213 603 est
1246 557 1331 603 ubi
1364 557 1571 616 propriis
1605 559 1813 617 appella-

408 637 594 682 tionum
629 635 900 698 insignibus
937 635 1197 680 multitudo
1233 634 1501 680 dirimenda
1539 640 1623 679 est.
1691 635 1810 688 Deo,
1825 649 1848 688 5

406 714 492 773 qui
517 716 644 760 solus
669 720 755 767 est,
770 713 863 758 Dei
878 713 1163 758 vocabulum
1187 718 1342 757 totum
1357 709 1509 773 [sors.
1528 710 1706 772 solum]
1725 718 1810 758 est.

408 790 543 852 Ergo
566 806 691 837 unus
720 796 807 846 est,
831 796 879 836 et
901 790 1080 849 ubique
1103 790 1205 850 ipse
1228 788 1434 835 diffusus
1458 795 1543 835 est.
1615 790 1742 836 Nam
1765 796 1814 836 et

406 870 582 930 vulgus
606 868 658 913 in
688 867 855 913 multis
878 867 1038 912 Deum
1069 867 1354 913 naturaliter
1377 867 1638 922 confitetur,
1663 882 1812 928 quum

405 961 539 991 mens
563 952 611 991 et
633 945 796 991 anima
826 944 904 990 sui
926 943 1155 990 Auctoris
1179 950 1227 989 et
1251 944 1490 1003 Principis
1514 945 1810 990 admonetur.

406 1023 517 1068 Dici
551 1022 825 1082 frequenter
853 1022 1089 1076 audimus,
1125 1019 1167 1067 O
1195 1020 1338 1076 DeuS,
1363 1028 1410 1067 et
1434 1020 1564 1067 Deus
1598 1020 1732 1076 videt,
1765 1027 1814 1068 et
1829 1040 1878 1066 10

407 1099 510 1146 Deo
533 1099 809 1154 commendo,
832 1107 879 1145 et
897 1097 1027 1145 Deus
1051 1098 1135 1145 tibi
1151 1098 1328 1152 reddat,
1348 1108 1395 1144 et
1413 1097 1536 1161 quod
1557 1098 1652 1145 vult
1668 1097 1812 1154 DeuS,

407 1184 455 1224 et
484 1178 527 1223 si
550 1176 681 1223 Deus
704 1175 893 1223 dederit.
963 1175 1128 1237 Atque
1159 1178 1275 1223 haec
1307 1183 1379 1222 est
1413 1193 1602 1223 summa
1635 1177 1811 1231 delicti,

406 1257 530 1301 nolle
554 1269 809 1318 agnoscere
832 1269 974 1314 quem
998 1254 1220 1316 ignorare
1243 1269 1339 1300 non
1362 1254 1528 1314 possis.

470 1410 560 1457 VI.
586 1408 730 1464 QUOD
748 1425 860 1455 vero
878 1409 1102 1455 Christus
1128 1409 1205 1464 sit,
1219 1415 1267 1455 et
1290 1410 1528 1469 quomodo
1551 1424 1637 1469 per
1653 1409 1812 1470 ipsum

403 1488 540 1534 nobis
555 1489 684 1533 salus
698 1486 897 1541 venerit,
913 1486 980 1532 sic
998 1493 1070 1532 est
1089 1488 1220 1543 ordo,
1237 1486 1304 1533 sic
1322 1487 1460 1532 ratio.
1497 1486 1530 1532 J
1531 1487 1695 1533 udaeis
1714 1487 1813 1548 pri·
1829 1502 1876 1542 15

315 1554 322 1561 ’
402 1582 535 1613 11111111
553 1571 657 1612 erat
677 1565 804 1624 apud
820 1564 977 1610 Deum
996 1564 1168 1626 gratia.
1211 1564 1288 1610 Sic
1304 1564 1419 1610 olim
1438 1564 1561 1626 justi
1577 1572 1727 1619 erant,
1743 1566 1811 1612 sic

402 1645 606 1705 majores
630 1658 793 1689 eorum
818 1642 1132 1704 religionibus
1150 1643 1447 1688 obediebant.
1506 1642 1624 1688 Inde
1643 1643 1738 1689 illis
1763 1649 1811 1689 et

401 1721 536 1784 regni
562 1720 831 1766 sublimitas
855 1718 1030 1774 floruit,
1053 1726 1101 1765 et
1124 1720 1311 1781 generis
1342 1719 1623 1780 magnitudo
1645 1735 1810 1780 prove-

401 1799 488 1845 nit.
529 1798 620 1844 Sed
646 1797 716 1843 illi
741 1796 1061 1859 [negligentes
1085 1796 1157 1858 et]
1182 1796 1336 1859 [fors.
1359 1795 1532 1843 delenti.
1571 1795 1673 1843 Vid.
1692 1797 1810 1860 not]

403 1874 745 1935 indisciplinati
769 1880 817 1920 et
840 1875 1032 1934 superbi
1067 1875 1371 1934 postmodum
1403 1874 1533 1930 facti,
1558 1880 1606 1920 et
1636 1873 1811 1922 fiducia
1826 1894 1876 1919 20

400 1960 592 2013 patrum
608 1951 779 2007 inflati,
794 1954 910 1998 dum
935 1951 1100 1998 divina
1118 1958 1369 2012 praecepta
1386 1958 1712 2009 contemnunt,
1728 1955 1812 1999 da-

400 2039 499 2077 tam
525 2031 617 2077 sibi
635 2030 844 2094 gratiam
864 2030 1187 2090 perdiderunt.
1244 2030 1403 2084 Quam
1421 2045 1533 2076 vero
1550 2029 1696 2076 fuerit
1714 2030 1810 2077 illis

401 2109 650 2169 prophana
674 2109 790 2164 vita,
813 2123 936 2168 quae
963 2114 1208 2154 contracta
1236 2107 1298 2153 sit
1328 2108 1530 2154 violatae
1564 2107 1809 2171 religionis

400 2187 592 2241 offensa,
623 2186 717 2246 ipsi
751 2200 940 2246 quoque
973 2191 1226 2239 testantur,
1251 2186 1335 2246 qui
1364 2185 1454 2231 etsi
1492 2200 1604 2231 voce
1635 2191 1809 2241 tacent,

400 2264 534 2309 exitu
572 2262 872 2309 confitentur.
943 2262 1161 2322 Dispersi
1190 2268 1238 2308 et
1266 2262 1526 2322 palabundi
1554 2270 1808 2325 vagantur,
1826 2281 1874 2321 25

401 2340 488 2386 soli
513 2347 561 2386 et
583 2340 699 2386 coeli
725 2339 799 2386 sui
824 2338 1016 2401 profugi
1039 2354 1125 2399 per
1147 2339 1357 2399 hospitia
1374 2339 1529 2386 aliena
1546 2340 1806 2401 Jactantur.

403 2418 599 2464 Necnon
626 2418 757 2463 Deus
786 2424 896 2463 ante
926 2416 1238 2477 praedixerat,
1254 2417 1355 2463 fore
1384 2423 1438 2463 ut
1458 2423 1680 2479 vergente
1708 2432 1808 2463 sae-

401 2498 508 2542 culo
531 2502 578 2542 et
593 2495 759 2541 mundi
785 2494 877 2540 fine
895 2495 998 2555 jam
1024 2494 1242 2553 proximo
1260 2510 1318 2541 ex
1343 2495 1474 2541 omni
1498 2501 1640 2558 gente
1656 2501 1705 2540 et
1728 2509 1810 2554 po-

403 2575 515 2634 pulo
533 2580 580 2619 et
599 2574 698 2619 loco
715 2573 919 2618 cultores
937 2571 1028 2617 sibi
1048 2572 1272 2634 allegeret
1287 2571 1418 2618 Deus
1434 2574 1585 2618 multo
1599 2570 1808 2617 melioris

401 2650 613 2710 obsequii
640 2657 686 2695 et
711 2648 820 2695 fidei
841 2648 1068 2705 fortioris»,
1093 2649 1176 2709 qui
1210 2649 1561 2713 indulgentiam
1592 2650 1651 2695 de
1683 2647 1806 2694 divi·
1821 2671 1874 2708 30

402 2727 475 2772 nis
497 2726 774 2773 muneribus
798 2726 1063 2780 haurirent,
1083 2740 1228 2785 quam
1247 2732 1487 2786 acceptam
1503 2726 1534 2772 J
1538 2725 1678 2772 udaei
1696 2740 1807 2771 con-

402 2804 561 2850 temtis
582 2804 892 2866 religionibus
909 2805 1237 2864 perdidissent.
1280 2802 1443 2864 Hujus
1462 2803 1611 2866 igitur
1624 2802 1807 2865 gratiae
