2034 3204
414 259 496 302 DE
536 257 1104 302 PRAESCRIPTlONE
1155 257 1343 298 HAER.
1484 257 1572 296 145

173 372 328 426 batur,
354 378 424 416 tot
456 370 607 415 millia
631 369 836 415 millium
870 382 1115 428 perperam
1149 366 1314 418 tincta,
1339 372 1409 410 tot
1433 381 1573 424 opera

173 449 280 494 fidei
320 463 564 508 perperam
600 446 952 499 administrata,
991 451 1061 490 tot
1103 444 1321 497 virtutes,
1360 450 1430 488 tot
1466 443 1575 488 cha-

175 526 372 572 rismata
409 540 655 585 perperam
691 530 896 583 operata,
934 530 1004 568 tot
1037 521 1313 573 sacerdotia,
1346 528 1416 566 tot
1454 521 1576 566 min-

176 603 340 650 isteria
374 618 618 662 perperam
658 602 834 652 functa,
869 607 939 646 tot
968 600 1172 659 denique
1204 599 1437 660 martyria
1475 614 1578 658 per-

136 696 334 741 speram
380 686 616 726 coronata.
688 678 791 724 Aut
846 678 886 723 si
945 693 1039 723 non
1087 692 1348 736 perperam,
1397 692 1480 722 nec
1528 676 1576 721 in

175 773 392 809 vacuum,
417 759 556 818 quale
588 763 659 802 est
691 764 745 802 ut
767 763 878 802 ante
914 771 987 801 res
1024 752 1117 800 Dei
1152 762 1409 806 currerent,
1434 769 1577 813 quam

175 837 312 897 cujus
370 835 462 881 Dei
519 841 685 881 notum
737 834 895 879 esset?
950 840 1060 878 ante
1107 832 1388 880 Christiani,
1434 847 1578 891 quam

177 914 400 960 Christus
439 912 693 958 inventus?
728 918 839 957 ante
880 911 1103 961 haeresia
1141 925 1284 970 quam
1326 925 1438 955 vera
1475 910 1583 955 doc-

177 991 341 1037 trina?
380 991 470 1036 Sed
495 990 621 1035 enim
647 989 697 1035 in
721 989 942 1034 omnibus
968 988 1143 1033 veritas
1168 987 1426 1048 imaginem
1452 994 1583 1032 ante-

118 1092 164 1116 10
177 1068 314 1120 cedit,
340 1075 446 1128 post
470 1084 567 1113 rem
588 1067 853 1113 similitudo
871 1066 1091 1112 succedit.
1129 1066 1351 1111 Ceterum
1377 1065 1493 1111 satis
1514 1065 1584 1111 in-

178 1153 353 1206 eptum,
380 1153 434 1191 ut
466 1146 596 1205 prior
627 1146 678 1191 in
702 1142 850 1206 [sarx.
877 1143 983 1204 illa]
1015 1144 1231 1190 doctrina
1256 1144 1464 1189 haeresis
1499 1144 1584 1189 ha-

180 1224 360 1276 beatur,
386 1225 458 1268 vel
494 1223 720 1283 quoniam
758 1223 861 1282 ipsa
893 1229 963 1267 est
998 1237 1120 1281 quae
1149 1221 1336 1267 futuras
1368 1222 1583 1267 haereses
1597 1209 1698 1265 Mati.
1714 1233 1802 1264 xxiv.

180 1301 412 1346 cavendas
447 1300 827 1360 praenuntiabat.
900 1299 978 1344 Ad
1008 1300 1112 1359 ejus
1146 1299 1388 1344 doctrinae
1424 1299 1585 1345 Eccle-
1603 1288 1649 1315 '¹'
1668 1287 1718 1316 η’

180 1378 300 1423 siam
325 1378 553 1437 scriptum
584 1385 667 1430 est,
693 1378 840 1423 immo
864 1377 969 1437 ipsa
992 1377 1209 1422 doctrina
1234 1378 1291 1422 ad
1322 1377 1582 1422 Ecclesiam

122 1477 167 1515 15
181 1471 316 1501 suam
348 1454 538 1501 scribit:
575 1453 640 1500 Et
669 1455 711 1500 si
735 1453 940 1518 Angelus
969 1453 1023 1499 de
1052 1453 1171 1499 coelo
1196 1453 1332 1499 aliter
1364 1452 1585 1517 ez·(1nyeli-
1598 1463 1672 1494 Gal.
1694 1464 1712 1494 i.
1737 1465 1767 1493 s.

179 1532 354 1579 zaverit
377 1532 495 1578 citra
520 1547 654 1594 quam
681 1547 782 1587 nos,
809 1530 1049 1578 anathema
1073 1532 1147 1576 sit.

251 1609 348 1655 Ubi
394 1618 507 1655 tunc
549 1607 778 1663 Marcion,
822 1609 1050 1655 Ponticus
1096 1612 1358 1659 nauclerus,
1401 1610 1586 1656 Stoicae
1648 1618 1713 1648 CA
1724 1617 1759 1648 P-

183 1686 461 1732 studiosus?
515 1687 598 1733 ubi
649 1687 951 1740 Valentinus,
1012 1687 1285 1733 Platonicae
1345 1688 1585 1733 sectator?
1652 1661 1772 1692 XXX'

186 1764 313 1811 Nam
336 1772 522 1811 constat
554 1765 659 1811 illos
691 1781 843 1825 neque
878 1766 995 1811 adeo
1024 1765 1137 1810 olim
1162 1765 1325 1818 fuisse,
1351 1765 1587 1811 Antonini

124 1863 173 1888 20
184 1842 283 1888 fere
323 1842 610 1902 principatu,
643 1850 688 1888 et
728 1843 778 1889 in
814 1844 1089 1890 Catholicae
1130 1844 1285 1903 primo
1324 1844 1589 1889 doctrinam

186 1919 440 1966 credidisse
474 1921 602 1979 apud
628 1920 890 1966 Ecclesiam
925 1921 1273 1966 Romanensem
1302 1921 1392 1966 sub
1415 1920 1593 1980 episco-

187 2003 304 2057 patu
325 1995 573 2043 Eleutheri
600 1998 850 2051 benedicti,
875 1999 1021 2044 donec
1045 1999 1106 2043 ob
1124 1998 1388 2057 inquietam
1408 2013 1593 2058 semper

189 2090 350 2120 eorum
391 2075 729 2128 curiositatem,
764 2090 860 2135 qua
899 2075 1071 2121 fratres
1112 2091 1300 2136 quoque
1341 2076 1592 2125 vitiabant,

190 2153 332 2197 semel
368 2160 414 2197 et
451 2152 625 2198 iterum
667 2153 818 2214 ejecti,
856 2153 1094 2210 (Marcion
1130 2154 1323 2213 quidem
1359 2169 1467 2199 cum
1508 2155 1595 2199 du-

129 2245 176 2283 25
191 2228 340 2275 centis
376 2228 618 2281 sestertiis,
644 2245 766 2289 quae
792 2229 1033 2275 Ecclesiae
1068 2230 1314 2288 intulerat)
1340 2231 1595 2276 novissime

192 2306 242 2351 in
279 2313 560 2365 perpetuum
602 2307 855 2353 discidium
895 2308 1105 2370 relegati,
1143 2324 1320 2354 venena
1359 2309 1597 2354 doctrina-

193 2399 299 2430 rum
347 2399 541 2431 suarum
588 2386 1034 2432 disseminaverunt.
1109 2387 1420 2433 Postmodum
1471 2388 1595 2435 idem

198 2459 417 2507 Marcion
462 2463 805 2522 poenitentiam
845 2464 1102 2518 confessus,
1139 2481 1288 2525 quum
1335 2466 1596 2511 conditioni

194 2540 332 2584 datae
367 2539 459 2585 sibi
490 2541 706 2594 occurrit,
736 2541 803 2587 ita
838 2557 1000 2601 pacem
1032 2550 1319 2602 recepturus,
1345 2544 1385 2588 si
1417 2550 1595 2590 ceteros

131 2641 183 2678 30
195 2631 314 2677 quos
338 2617 595 2676 perditioni
618 2619 851 2664 erudisset
876 2619 1116 2665 Ecclesiae
1139 2620 1423 2671 restitueret,
1444 2628 1595 2667 morte

196 2700 481 2754 praeventus
510 2702 594 2741 est.
665 2696 927 2756 Oportebat
963 2697 1090 2742 enim
1125 2698 1342 2744 haereses
1376 2714 1488 2753 esse,
1514 2715 1598 2746 nec
1617 2720 1626 2741 ι
1648 2709 1722 2741 eor.
1741 2710 1786 2741 xi.

197 2778 357 2817 tamen
381 2771 487 2817 ideo
511 2772 688 2818 bonum
718 2773 949 2827 haereses,
973 2774 1088 2833 quia
1112 2790 1190 2820 eas
1214 2790 1314 2821 esse
1337 2777 1596 2836 oportebat.
1616 2763 1664 2795 ¹9'

198 2847 348 2901 Quasi
407 2864 500 2894 non
548 2857 594 2895 et
647 2852 824 2897 malum
880 2853 1143 2911 oportuerit
1195 2869 1306 2899 esse.
1380 2854 1505 2900 Nam
1554 2863 1600 2900 et

267 2939 386 2973 voL.
416 2940 448 2973 1.
934 2943 960 2975 L
