2034 3204
379 246 465 285 258
822 242 1336 286 ANNOTATIONES

380 350 450 394 Sic
468 350 594 394 etiam
620 350 691 393 alii
717 350 811 393 libri
837 356 1012 400 veteres,
1034 350 1111 392 nisi
1139 350 1251 406 quod
1276 365 1353 407 pro
1374 357 1414 393 et
1432 351 1606 406 sapiens
1629 349 1785 395 habent

378 417 458 451 aut
477 410 664 465 sapiens.
686 408 895 450 BALUZ.
949 407 1117 464 Optime
1137 407 1245 449 Novi
1267 407 1441 465 Collegii
1464 407 1619 456 Codex,
1640 411 1688 448 ut
1709 408 1786 463 qui

379 474 440 509 est
469 467 518 508 in
547 467 725 509 ecclesia
747 468 963 522 perfectus
993 473 1032 508 et
1061 468 1235 520 sapiens
1264 467 1341 508 hoc
1372 473 1451 507 aut
1479 465 1684 520 defendat
1707 472 1786 506 aut

379 525 543 566 credat.
618 524 669 565 ln
699 523 833 565 tribus
868 537 1033 578 quoque
1070 522 1200 564 Codd.
1237 522 1399 579 scriptis
1433 522 1477 564 in
1511 522 1610 564 edit.
1648 522 1785 564 Oxon.

379 581 613 630 nominatis,
631 582 708 637 qui
727 596 804 637 pro
825 582 922 636 quis
942 579 1109 644 legitur,
1126 586 1169 622 et
1188 582 1265 636 qui
1284 586 1382 622 ante
1402 581 1481 622 hoc
1500 580 1629 622 abest.
1675 580 1787 630 Qua·
1801 585 1824 624 5

379 644 553 695 propter
573 638 812 695 posthabita
827 637 998 679 Pamelil
1019 637 1206 687 lectione,
1223 652 1330 694 quae
1349 638 1525 680 fortasse
1546 652 1598 679 ex
1616 637 1787 679 Cauchii

380 696 618 753 conjectura
636 702 798 738 tantum
819 701 913 737 orta
933 700 1008 744 est,
1031 695 1318 738 Morellianam
1343 695 1462 737 istam
1490 694 1692 744 revocavi,
1713 709 1787 751 po-

380 753 459 796 sito
480 759 619 795 tamen
640 768 692 795 ex
712 753 794 795 fide
817 752 978 795 Codicis
998 752 1107 794 Novi
1129 752 1303 810 Collegii
1321 761 1400 795 aut
1418 767 1495 809 pro
1521 761 1664 795 autem
1690 758 1788 794 ante

380 812 552 853 verbum
569 812 785 866 defendat.
841 811 1038 852 Ceterum
1058 810 1182 867 paulo
1202 817 1299 854 ante
1319 825 1396 868 pro
1409 811 1586 867 poterit,
1606 809 1787 867 priorem

380 868 611 917 lectionem,
626 869 820 924 potuerit
839 867 1042 909 revocavi.
1805 875 1855 900 10

439 926 489 967 P.
519 927 617 981 238.
653 925 680 967 1.
710 939 776 967 10.
810 924 1109 967 invocationem
1139 925 1275 980 suam]
1317 924 1489 968 Rectius
1527 924 1638 967 foret
1671 926 1789 968 invo-

381 985 551 1026 catione
570 998 664 1026 sua.

442 1040 548 1083 Ibid.
569 1041 596 1082 1.
620 1042 683 1082 18.
706 1040 758 1082 de
782 1039 959 1082 historia
978 1054 1085 1096 quae
1105 1040 1218 1096 apud
1245 1054 1319 1082 nos
1338 1039 1450 1082 facta
1469 1038 1552 1096 est]
1575 1039 1789 1083 Excidisse

382 1113 463 1142 vox
483 1100 549 1140 rei
569 1104 662 1155 post
681 1099 869 1140 historia
889 1097 1065 1140 videtur.
1124 1099 1208 1140 Est
1228 1097 1357 1140 nescit
1379 1097 1485 1140 Novi
1510 1097 1612 1140 Coll.
1635 1097 1728 1140 MS.

442 1155 551 1198 Ibid.
586 1155 614 1198 1.
641 1168 706 1198 21.
744 1155 1030 1198 Alexandrum
1070 1154 1392 1212 Imperatorem]
1437 1155 1520 1207 Qui
1558 1155 1683 1212 periit
1722 1170 1788 1197 an.
1807 1165 1855 1205 15

385 1226 410 1255 2
473 1245 482 1255 .

411 1227 549 1313 3‘I‘ibid
571 1270 597 1312 1.
618 1282 683 1325 27.
704 1276 753 1313 ut
772 1285 825 1312 ex
845 1269 924 1312 hoc
943 1269 1174 1336 persecutio
1195 1284 1358 1326 quoque
1379 1269 1519 1327 gravis
1539 1270 1635 1326 &c.]
1662 1270 1791 1322 Quasi

383 1328 480 1371 irati
501 1328 570 1370 Dii
590 1328 700 1371 mala
718 1328 821 1370 haec
842 1327 933 1370 orbi
953 1327 1204 1370 invexissent
1223 1333 1396 1384 propter
1418 1327 1686 1370 Christianos.

442 1387 491 1428 P.
512 1397 606 1442 239.
636 1385 663 1427 1.
687 1399 754 1438 24.
783 1400 911 1428 unum
941 1386 994 1428 de
1025 1385 1288 1442 Presbyteris
1317 1385 1533 1441 rusticum]
1563 1386 1630 1429 Sic
1659 1385 1791 1428 edidit

383 1443 427 1486 in
447 1443 569 1499 hujus
590 1443 802 1500 Epistolae
821 1442 920 1485 edit.
940 1443 1126 1500 principe
1142 1443 1370 1493 Morellius,
1387 1449 1584 1499 tanquam
1606 1443 1640 1485 si
1659 1445 1790 1486 rusti-
1806 1455 1858 1480 20

384 1516 460 1544 cus
479 1515 629 1543 nomen
649 1500 942 1558 appellativum
963 1501 1113 1551 fuerit3
1144 1501 1218 1543 sed
1245 1500 1362 1557 quasi
1389 1515 1538 1543 nomen
1562 1501 1789 1558 proprium,

385 1558 592 1601 Pamelius
622 1565 665 1601 et
695 1557 915 1616 Rigaltius.
988 1558 1122 1601 Aliter
1153 1558 1303 1600 Fellus.
1377 1558 1553 1601 Dubitat
1584 1558 1790 1602 Baluzius.

385 1617 580 1659 Fortasse
609 1616 814 1674 significat
843 1616 921 1658 hoc
950 1616 1039 1658 1000
1066 1631 1146 1658 vox
1173 1618 1373 1665 rusticus,
1395 1631 1478 1658 non
1507 1622 1715 1674 agrestem
1746 1622 1793 1660 ut

384 1673 578 1731 opinatur
601 1674 750 1723 Fellus,
772 1673 846 1716 sed
866 1674 1060 1723 ruralem,
1084 1675 1308 1728 ἐπιχώριον.
1351 1674 1582 1728 Ἐπιχῶριοι
1606 1675 1791 1727 Πρεσβύ-

385 1748 504 1786 τεροι,
540 1733 791 1788 Presbyteri
824 1733 957 1782 maris,
993 1731 1035 1773 in
1067 1731 1235 1774 Canone
1270 1731 1427 1774 decimo
1462 1731 1587 1774 tertio
1621 1731 1791 1775 Concilii
1807 1740 1856 1780 25

385 1789 697 1831 Neocaesareae
732 1794 1026 1831 memorantur.
1101 1789 1185 1832 Sed
1217 1789 1376 1831 Graece
1407 1788 1616 1846 scripsisse
1646 1789 1793 1832 Firmi-

385 1846 520 1889 lianus
550 1847 776 1900 ἆγροικικὸν
806 1846 982 1896 videtur,
1004 1861 1131 1903 quum
1161 1846 1203 1888 in
1233 1846 1391 1889 decimo
1421 1847 1595 1903 septimo
1621 1847 1793 1891 Chalce-

386 1904 556 1947 donensi
578 1905 803 1958 ἀγροικικᾶς
822 1905 1025 1958 παροικίας
1045 1903 1068 1957 ἢ
1090 1905 1304 1959 ἐγχωρίους
1323 1905 1490 1947 habeaS.

446 1961 553 2004 Ibid.
579 1962 603 2003 1.
620 1974 691 2018 32.
715 1961 1028 2018 revincendum]
1052 1962 1120 2003 An
1140 1963 1201 2004 ad
1221 1960 1543 2004 revincendum?

446 2020 493 2062 P.
515 2031 610 2073 240.
642 2019 667 2061 1.
691 2033 752 2062 ιο.
773 2034 855 2062 non
880 2019 967 2062 sine
997 2025 1256 2062 sacramento
1285 2020 1429 2062 solitae
1458 2018 1791 2077 praedicationis]
1805 2033 1859 2070 30

387 2077 509 2119 Hanc
535 2092 623 2119 esse
655 2092 794 2120 veram
825 2076 1041 2119 lectionem
1064 2077 1180 2135 [nam
1211 2077 1360 2120 omissa
1389 2083 1452 2120 est
1480 2077 1683 2134 particula
1708 2092 1794 2120 non

385 2134 429 2177 in
451 2134 585 2177 MStis
605 2140 648 2177 ct
668 2135 786 2178 editt.
807 2134 994 2177 omnibus
1015 2141 1184 2191 praeter
1202 2135 1313 2177 illam
1341 2135 1394 2178 ab
1422 2135 1510 2192 ipso
1534 2135 1647 2177 Follo
1671 2135 1794 2177 ador-

386 2193 548 2249 natam]
575 2207 626 2235 ox
647 2198 843 2235 contextu
864 2192 963 2235 satis
983 2199 1046 2235 ost
1066 2192 1325 2236 manifestum
1344 2208 1353 2243 3
1386 2192 1649 2250 subjungitur
1669 2192 1791 2243 enim,

387 2251 631 2306 baptizaret
651 2265 813 2307 quoque
840 2252 1006 2301 multos,
1027 2252 1197 2294 usitata
1224 2259 1261 2294 et
1291 2251 1486 2307 leyitima
1506 2251 1636 2294 verba
1662 2251 1793 2294 inter-

386 2309 628 2363 royationie
660 2323 891 2364 imm-pane,
927 2312 975 2350 ut
1014 2309 1081 2350 nil
1118 2309 1366 2365 discrepare
1405 2309 1462 2351 ab
1502 2309 1791 2352 ecclesiastica
1805 2318 1856 2359 35

386 2365 537 2422 royula
585 2366 814 2408 videretur.
890 2366 947 2408 Et
985 2365 1152 2422 quidem
1187 2366 1248 2409 vis
1281 2365 1516 2423 argumenti
1552 2365 1721 2422 periret,
1757 2366 1793 2409 si

386 2422 516 2465 verba
535 2421 731 2473 solennia,
755 2422 1040 2466 Eucharistiae
1059 2422 1401 2467 administrationi
1427 2423 1688 2480 praestituta,
1710 2439 1792 2467 non

385 2480 559 2523 fuissent
579 2486 754 2524 retenta.
817 2480 1075 2523 Praedicatio
1105 2481 1225 2525 solita
1254 2481 1417 2524 videtur
1447 2481 1527 2524 ista
1558 2481 1790 2534 (incipiamus,

386 2552 511 2604 quam
541 2537 743 2580 Dominus
763 2537 852 2580 fiori
881 2538 1117 2588 mandabat,
1139 2546 1181 2582 ot
1201 2540 1253 2583 de
1274 2553 1357 2596 qua
1379 2539 1432 2581 D.
1455 2538 1621 2588 Paulus,
1646 2552 1662 2581 1
1692 2540 1788 2582 Cor.

386 2594 427 2645 il,
451 2597 518 2645 26,
542 2595 835 2650 καταγγέλλετε
865 2596 937 2639 τὸν
966 2595 1138 2639 θάνατον
1167 2602 1236 2642 τοΰ
1260 2598 1415 2651 Κυρίου.
1478 2597 1544 2640 De
1573 2605 1669 2638 mm
1699 2611 1791 2654 pas-
1805 2611 1858 2646 40

385 2652 492 2695 chali
523 2667 650 2710 supra
680 2652 720 2695 in
754 2652 884 2711 Epist.
915 2653 969 2697 ad
998 2654 1146 2697 Caecil.
1172 2656 1339 2699 dictum.
1401 2655 1507 2697 Rem
1538 2654 1645 2698 hanc
1675 2669 1792 2698 exse-

385 2710 455 2767 qui
478 2710 640 2753 vidotur
660 2710 851 2754 Justinus
875 2711 1041 2768 Martyr
1070 2712 1190 2769 Apol.
1215 2727 1253 2755 2.
1284 2712 1362 2769 [1.]
1385 2711 1454 2755 ubi
1481 2711 1592 2763 dicit,
1614 2711 1792 2767 προσφέ-

384 2771 527 2820 ρεσθαι
557 2768 609 2810 τ”
642 2772 860 2823 προεστῶτι
889 2768 959 2812 τὸν
989 2768 1109 2823 ἀρτὸν
1141 2771 1203 2814 καὶ
1223 2769 1410 2823 ποτήριον
1438 2770 1578 2815 ὕδατος
1609 2770 1671 2812 καὶ
1701 2769 1790 2822 κρά-

384 2841 517 2875 uaros,
541 2787 612 2867 κοῒ
634 2826 748 2870 οὗτος
777 2827 920 2876 λαβὼν
951 2826 1064 2869 αἶνον
1094 2830 1157 2872 καὶ
1187 2830 1306 2882 δόξαν
1334 2827 1388 2884 τῷ
1419 2827 1547 2881 Πατρὶ
1575 2831 1654 2869 τῶν
1683 2828 1789 2869 ὅλων

385 2883 447 2924 διὰ
479 2884 547 2923 τοῦ
578 2883 771 2935 ὀνόματος
802 2887 871 2925 τοῦ
891 2885 989 2925 Tlos)
1014 2885 1077 2926 καὶ
1105 2890 1172 2929 τοῦ
1195 2884 1427 2938 Πνεύματος
1455 2887 1525 2926 τοῦ
1549 2886 1663 2939 (ἰγίυυ
1695 2885 1788 2926 ἀνα·
1805 2897 1854 2934 45
