1988 3216
359 215 416 255 84
832 215 1292 258 ANNOTATIONES

420 323 466 363 P.
487 336 557 378 51.
580 323 606 364 l.
629 324 667 364 6.
690 323 728 364 οἳ
747 323 1042 379 ἀποκρίνονται]
1071 323 1311 380 Legendum
1334 321 1497 364 videtur
1518 323 1556 364 οἳ
1587 322 1649 364 καὶ
1670 323 1766 364 ἀπο-

362 381 572 432 κρίνονται,
593 386 718 437 prout
738 381 863 423 vertit
883 381 1124 428 Turrianus,
1146 389 1186 423 et
1205 381 1470 436 respondent.

420 437 524 480 Ibid.
545 437 571 480 l.
591 440 630 479 8.
660 440 696 480 εἰ
714 439 791 492 γάρ
812 440 922 480 ἐστιν
943 440 965 480 ὁ
987 437 1112 495 Θεὸς]
1145 437 1282 480 Vertit
1302 438 1544 484 Turi-ianus,
1568 443 1764 492 tanquam

360 494 394 536 si
414 494 648 544 invenisset,
671 497 709 537 εἴ
725 513 774 548 γε
794 495 904 537 ἐστὶν
925 497 946 536 ὁ
969 496 1088 544 Θεὸς,
1110 496 1221 551 quod
1239 496 1415 538 fortasse
1442 495 1598 544 melius,
1622 504 1664 536 et
1683 494 1765 536 for-

360 552 442 594 tius
469 552 805 610 distinguendum
835 559 899 595 est
925 559 1019 609 post
1046 556 1167 597 Θεός.
1227 554 1335 595 Nam
1367 568 1418 595 ex
1446 552 1605 594 unitate
1629 551 1804 599 divina5

359 611 538 666 probare
559 611 751 652 volebant
771 610 981 659 haeretici,
1001 610 1211 653 Christum
1233 626 1322 652 esse
1345 611 1526 659 Patrem,
1541 610 1638 666 quia
1653 611 1766 651 Deus

359 667 436 717 sit;
469 668 618 710 deinde
649 669 816 710 Patrem
848 683 1012 724 passum
1044 683 1146 717 esse,
1174 668 1271 724 quia
1302 668 1505 718 Christus,
1537 668 1607 724 qui
1640 668 1767 709 Pater

359 733 437 774 est,
458 740 601 782 passus
621 725 687 768 sit.

419 783 524 825 Ibid.
555 783 583 824 l.
609 796 670 838 17.
702 781 825 837 Ὀρᾷς
857 783 940 830 οὖν,
974 783 1131 838 φησὶν,]
1163 782 1245 825 Hic
1285 783 1410 836 φησὶν
1442 789 1485 824 et
1525 783 1653 835 φασὶν
1692 797 1767 839 per

358 841 467 882 vices
497 846 763 896 usurpantur,
785 840 1130 895 quemadmodum
1162 841 1292 882 verba
1319 842 1464 896 inquit
1494 846 1537 882 et
1565 841 1768 896 inquiunt
1786 851 1834 876 10

359 898 471 954 apud
493 898 736 940 Arnobium.

419 956 464 997 P.
485 968 556 1010 52.
588 956 611 997 l.
637 958 675 997 6.
713 955 764 996 σὺ
793 956 870 1009 γὰρ
900 955 945 1007 ἦς
966 956 987 996 ὁ
1009 954 1136 1010 Θεὸς]
1176 956 1292 997 Fors.
1314 955 1576 998 scribendum
1608 955 1663 998 εἷς
1692 969 1769 1011 pro

359 1014 415 1065 ἧς.
478 1014 528 1054 In
551 1013 778 1055 Bibliorum
800 1013 999 1069 exemplis
1019 1019 1156 1055 exstat
1178 1013 1224 1055 εἴ.

419 1070 524 1113 Ibid.
553 1071 578 1112 l.
601 1084 639 1125 9.
672 1071 809 1112 τούτου
840 1072 1040 1124 ἐμφανοῦς
1069 1070 1334 1123 δεικνυμένου,
1366 1074 1444 1112 τῶν
1474 1071 1597 1113 οὕτως
1625 1087 1770 1122 μαρτυ-

358 1129 581 1184 ρουμένων]
631 1129 763 1170 Locus
802 1135 1022 1185 corruptus
1061 1143 1150 1170 esse
1189 1128 1366 1177 videtur,
1407 1134 1461 1176 et,
1501 1133 1595 1184 post
1635 1128 1770 1170 Inter·
1788 1143 1835 1181 15

359 1192 532 1242 pretem,
574 1186 853 1243 refingendlls,
895 1187 1033 1228 τούτου
1081 1188 1268 1240 ἐμφανῶς
1314 1185 1580 1238 δεικνυμένου,
1622 1186 1771 1227 τούτων

360 1261 483 1288 ουτως
500 1262 541 1296 μ.

420 1302 466 1342 Ρ.
487 1315 556 1357 53.
589 1301 615 1342 l.
648 1315 679 1342 ι.
720 1300 953 1358 μονόκωλα]
997 1302 1226 1343 Μονόκωλα
1260 1306 1438 1357 apparet
1477 1298 1771 1342 adverbialiter

361 1359 456 1415 poni
485 1374 562 1415 pro
588 1360 824 1411 μονοκώλως
843 1365 886 1400 et
904 1359 1144 1411 μονοτύπως,
1167 1358 1315 1414 quibus
1335 1358 1472 1400 verbis
1498 1357 1771 1415 Epiphanius,

361 1432 401 1474 p.
430 1419 530 1470 481,
562 1416 782 1473 Hippolyti
817 1416 1001 1472 vestigiis
1035 1416 1238 1466 insistens,
1272 1416 1428 1459 utitur:
1473 1417 1693 1458 Βούλονται
1728 1417 1770 1457 δὲ
1788 1432 1837 1456 20

363 1478 586 1528 διηγεῖσθαι
606 1475 843 1526 μονοκώλως
863 1477 1004 1515 τοῦτον
1025 1474 1095 1516 τὸν
1115 1475 1262 1527 τρόπον
1283 1475 1335 1518 ὦς
1356 1475 1569 1517 Θεόδοτος.
1619 1473 1771 1516 Sensus

363 1539 438 1582 est,
481 1532 707 1574 Noetianos
746 1532 800 1573 ad
847 1546 972 1573 unum
1022 1532 1306 1574 tantummodo
1346 1531 1388 1573 in
1430 1530 1683 1588 explicandis
1725 1531 1768 1573 S.

365 1590 606 1646 Scripturae
651 1589 703 1631 de
745 1589 912 1631 Christo
959 1588 1077 1631 dictis
1114 1589 1241 1631 veluti
1282 1589 1511 1631 membrum
1551 1588 1771 1645 respicere,

363 1647 542 1690 divinam
571 1647 724 1689 scilicet
751 1653 955 1696 naturam,
977 1646 1037 1689 ita
1063 1652 1110 1689 ut
1136 1647 1258 1704 plane
1280 1662 1371 1689 cum
1395 1647 1521 1689 Patre
1548 1653 1591 1689 et
1612 1645 1772 1702 Spiritu

365 1706 408 1748 S.
430 1705 606 1748 eundem
641 1704 795 1747 faciant
826 1704 974 1746 Filium
1004 1706 1301 1749 ὑποστατικῶςε
1341 1704 1401 1747 uti
1433 1704 1605 1747 vicissim
1637 1704 1771 1746 Theo-
1788 1714 1835 1751 25

363 1763 486 1805 dotus
524 1763 578 1804 ad
618 1762 793 1805 alterum
835 1777 1053 1804 recurrens
1092 1768 1323 1805 extremum
1364 1762 1406 1804 in
1446 1762 1532 1804 sola
1570 1762 1773 1804 haerebat

364 1820 638 1871 humanitate,
669 1827 710 1862 et
743 1820 953 1863 Christum
985 1819 1140 1862 nudum
1171 1835 1260 1863 esse
1291 1820 1496 1862 hominem
1527 1819 1771 1862 affirmabat.

365 1879 431 1921 De
452 1878 668 1920 Theodoto
728 1883 867 1920 racter
888 1877 990 1920 alios
1019 1877 1204 1920 meminit
1234 1877 1356 1921 etiam
1388 1877 1630 1920 Timotheus
1658 1892 1773 1934 pres-

365 1937 502 1992 byter,
533 1951 560 1978 a
591 1936 694 1979 Coto
712 1935 798 1978 erio
838 1935 985 1985 editus,
1019 1950 1078 1977 111.
1110 1936 1208 1992 389.
1268 1939 1421 1978 Τοῦτον
1459 1935 1530 1977 τὸν
1569 1936 1773 1978 Θεόδοτόι·

364 2002 494 2048 φασιν
524 1997 591 2046 τῆς
621 1997 690 2035 τοῦ
722 1993 991 2046 Σαμωσατέως
1020 1992 1210 2046 αἱρέσεως
1240 1993 1420 2048 ἀρχηγὸν
1441 1994 1505 2035 καὶ
1534 1991 1683 2047 πατέρα
1707 2009 1773 2046 γε·
1786 2005 1837 2042 3ο

368 2052 522 2100 νέσθαι,
540 2055 694 2105 πρῶτον
709 2052 871 2093 εἰπόντα
886 2051 957 2093 τὸν
974 2051 1149 2104 Χριστὸν
1160 2051 1289 2106 ψιλὸν
1309 2052 1531 2104 ἄνθρωπον.
1582 2050 1773 2107 Denique

365 2109 681 2157 observandum,
715 2109 826 2165 quod
858 2109 911 2165 τῷ
946 2109 1198 2161 μονοκῶλως,
1230 2108 1340 2151 infra
1374 2123 1461 2165 cap.
1484 2124 1527 2161 4,
1552 2108 1774 2165 opponitur

368 2167 609 2219 ὁλοκλήρως.
664 2167 832 2208 FABR.

427 2224 531 2267 Ibid.
555 2224 580 2266 l.
606 2236 642 2266 2.
675 2225 884 2277 ἄνθρωπον
905 2226 1100 2279 συνιστᾷν
1119 2223 1247 2277 ψιλὸν
1266 2223 1531 2280 βουλόμενος]
1563 2224 1630 2266 Ita
1649 2222 1774 2266 vertit

366 2281 609 2330 Turrianus,
639 2296 687 2323 ac
713 2282 744 2323 si
777 2282 847 2323 τὸν
868 2281 1045 2335 Χριστὸν
1074 2287 1171 2323 ante
1201 2281 1411 2334 ἄνθρωπον
1437 2286 1510 2323 aut
1538 2280 1772 2331 invenisset,
1787 2292 1837 2332 35

365 2346 439 2383 aut
458 2345 573 2382 eeu-te
593 2339 813 2396 legendum
835 2338 1119 2381 existimasset.

429 2397 529 2440 Ibid.
560 2396 585 2438 l.
618 2410 676 2439 10.
714 2397 822 2438 ἄλλα
852 2396 902 2438 ἂν
934 2396 995 2438 καὶ
1027 2397 1181 2448 Νόητος
1212 2397 1312 2451 νοεῖ]
1363 2395 1555 2438 Fortasse
1593 2396 1773 2439 scriben-

366 2456 478 2503 dum,
512 2453 604 2497 ἀλλ’
627 2454 800 2506 ἀνοήτως
831 2453 894 2495 καὶ
927 2454 1079 2506 Νόητος
1111 2456 1208 2502 νοεῖ,
1240 2459 1287 2495 ut
1314 2452 1386 2495 fiat
1416 2453 1704 2519 paronomasia
1732 2454 1774 2496 in

369 2513 530 2555 nominc
564 2511 701 2560 Nocti.
732 2526 815 2568 qua
849 2525 972 2568 saepo
1008 2525 1104 2552 usus
1134 2517 1197 2552 est
1228 2510 1485 2568 Epiphanius
1525 2511 1566 2553 in
1599 2512 1773 2555 Ham-esi

368 2571 449 2618 lvii,
471 2584 578 2627 quac
605 2576 668 2612 cst
691 2569 1002 2617 No'ctiauorum,
1028 2568 1300 2625 Hippolytum
1330 2575 1506 2611 secutus.
1569 2569 1700 2612 Porro
1733 2576 1775 2612 et
1789 2585 1839 2620 40

368 2628 490 2685 paulo
527 2627 635 2669 infra
669 2627 739 2679 τὴν
770 2628 1004 2682 ἀφροσύνην
1036 2626 1172 2668 Nolito
1206 2625 1374 2669 ascribit
1405 2625 1659 2684 Hippolytus
1693 2627 1774 2670 fine

367 2701 415 2728 ca
448 2719 455 2727 .
478 2684 700 2742 sequentis.
764 2684 909 2727 ltidcm
939 2683 998 2726 ait
1024 2683 1063 2726 in
1085 2698 1174 2741 cap.
1198 2684 1236 2733 8,
1264 2683 1317 2726 Τι’
1336 2684 1407 2726 οὖν
1428 2686 1522 2738 πρὸς
1542 2686 1664 2727 ταῦτα
1684 2690 1775 2726 τολ-

366 2760 485 2796 μησει
509 2747 675 2794 Νόητος,
696 2742 749 2795 μὴ
771 2747 874 2784 νυῶν
897 2741 968 2794 τὴν
989 2742 1204 2794 ἀληθείαν;

430 2800 516 2842 ibid
560 2801 583 2841 1.
617 2813 674 2854 13.
705 2800 800 2842 ἀλλ’
821 2800 866 2841 οὐ
887 2798 958 2851 τὴν
978 2799 1204 2851 οἰκονομίαν
1225 2797 1446 2852 ἀναιρήσει]
1493 2798 1703 2855 Frequens
1733 2799 1773 2841 in
