1988 3216
377 258 434 297 28
854 256 935 297 AN
937 255 975 297 N
981 255 1240 298 OTATION
1246 255 1314 297 ΕΞ

376 362 667 420 μαρτυ[ρήσας]
693 363 882 416 ἐπορεύθη
904 365 959 406 εἰς
988 363 1057 404 τὸν
1078 361 1389 419 ὀφειλ[όμενον]
1412 362 1534 403 τόπον
1558 363 1626 412 τῆς
1655 360 1781 412 δόξης.

378 435 468 477 cap.
490 434 530 476 5.
607 420 688 461 His
720 435 905 477 apponas
941 420 1036 462 Divi
1073 421 1210 462 Lucae
1236 420 1369 462 locum
1402 419 1444 460 in
1485 418 1598 461 Actis
1634 419 1778 474 Apost.
1801 452 1809 459 .

377 479 420 529 ἐξ
450 478 493 529 ἧς
525 478 784 532 (ἀποστολῆς)
819 478 978 531 παρέβη
1011 477 1176 527 Ἰούδας,
1208 480 1445 530 πορευθῆναι
1477 478 1530 520 εἰς
1562 476 1631 517 τὸν
1658 477 1782 517 τόπον

377 535 447 576 τὸν
467 537 578 576 ἴδιον.
610 534 636 576 i.
661 546 727 590 25.
780 535 1000 577 Caeterum
1028 535 1173 576 melius
1197 534 1369 576 vertisse
1388 549 1441 576 ne
1461 533 1625 576 dubites
1655 547 1782 588 nupe-

376 607 469 633 rum
502 592 780 648 Interpretem
812 592 1032 649 Polycarpi
1060 592 1292 649 Anglicum,
1314 591 1550 633 Wilfridum
1574 591 1780 633 Clement-
1796 598 1818 635 5

375 664 464 699 son,
500 650 627 691 verba
660 653 767 702 παρὰ
798 651 851 706 τῷ
894 650 1037 706 Κυρίῳ,
1070 650 1174 691 with
1209 650 1276 691 the
1310 650 1445 698 Leo-ol,
1478 649 1600 704 apud
1634 649 1782 690 Domi-

374 722 489 756 num,
525 721 648 763 quam
683 707 779 748 olim
812 707 983 750 Gavium
1019 713 1062 749 et
1089 706 1296 756 VVakium,
1329 706 1399 762 qui
1432 706 1600 755 habent,
1632 706 1684 760 by
1716 707 1783 747 tlte

374 766 511 814 Lord,
528 780 558 806 a
570 765 769 813 Domino,
785 764 862 806 nisi
882 764 1023 822 legere
1042 763 1087 806 hi
1108 764 1259 806 vellent
1284 766 1391 817 παρὰ
1410 767 1480 805 τοῦ
1498 764 1655 816 Κυρίου,
1671 763 1783 818 quod

373 821 517 863 fecisse
538 821 701 864 videtur
722 823 855 864 Vetus
885 822 1114 878 Interpres.
1167 821 1456 864 Clementsono
1486 826 1623 862 autem
1655 819 1780 862 inter-

373 878 483 935 preti
518 893 627 920 nunc
661 879 843 922 addendi
876 885 972 921 sunt
1011 879 1060 921 cl.
1104 878 1350 927 Chevallier‚
1386 877 1457 934 qui
1490 877 1781 926 recentissime,
1801 889 1848 914 10

373 943 500 992 atque
521 936 727 986 ElboroW,
748 936 819 993 qui
848 936 1006 993 primus
1026 937 1207 978 omnium
1236 935 1457 992 Polycarpi
1482 935 1710 992 Epistolam
1739 935 1783 977 in

373 993 592 1051 Anglicam
631 994 814 1051 linguam
855 993 994 1036 vertit.
1057 992 1248 1049 Denique
1289 993 1342 1035 de
1384 992 1688 1049 praepositione
1729 995 1784 1037 εἰς

374 1051 668 1093 consulendum
707 1051 767 1094 ait
807 1050 1073 1093 Heinichium
1112 1051 1167 1093 ad.
1206 1050 1430 1093 Eusebium
1468 1050 1527 1092 H.
1559 1050 1609 1092 E.
1646 1063 1691 1092 11.
1715 1063 1781 1106 25.

373 1109 645 1151 Jacobsonus.

433 1166 481 1207 P.
500 1166 566 1208 18.
588 1166 615 1207 l.
636 1179 673 1207 2.
694 1167 771 1208 ὑπὸ
802 1169 871 1208 τοῦ
901 1168 1011 1208 Θεοῦ
1041 1164 1285 1219 ἀναστάντα]
1315 1163 1418 1207 ’Ὑπὸ
1449 1167 1519 1206 τοῦ
1550 1167 1660 1207 Θεοῦ
1687 1164 1780 1206 ἀνα·
1801 1174 1847 1212 15

375 1224 539 1272 στάντα,
576 1238 628 1265 ex
664 1223 834 1266 Eusebii
869 1229 912 1265 et
947 1223 988 1265 N
991 1222 1174 1279 icephori
1209 1222 1415 1273 citatione,
1452 1236 1548 1264 nam
1582 1226 1677 1278 post
1708 1221 1784 1263 ὑπὸ

376 1281 582 1323 Graecum
605 1281 806 1330 Salmasii,
828 1295 910 1337 quo
938 1280 999 1322 usi
1026 1295 1178 1330 sumus,
1201 1280 1338 1323 deficit
1365 1294 1439 1322 nos
1466 1278 1691 1344 exemplar,
1717 1279 1784 1321 hic

374 1338 680 1395 supplevimus3
727 1339 823 1381 licet
852 1338 1057 1395 passivum
1090 1338 1368 1380 ἀνασταθέντα
1397 1343 1441 1380 et
1470 1342 1623 1379 veteris
1652 1336 1784 1378 nostri

375 1396 623 1453 Interpretis
642 1396 887 1444 authoritas,
909 1395 991 1452 qui,
1013 1411 1043 1437 a
1063 1397 1154 1438 Deo
1173 1396 1455 1447 resuscitatis,
1476 1394 1615 1444 vertit,
1632 1399 1675 1436 et
1694 1393 1784 1450 ipsa

374 1453 688 1496 constructionis
718 1454 906 1510 requirat
930 1453 1051 1495 ratio.
1114 1453 1238 1495 Unde
1265 1452 1573 1509 Metaphrastes
1599 1451 1662 1509 [in
1684 1452 1783 1494 Vita
1799 1466 1848 1492 πο

376 1510 550 1568 Ignatii]
573 1511 803 1553 ἀναστάντα
830 1512 873 1553 in
903 1511 1076 1561 Graeco,
1098 1517 1141 1552 et
1170 1510 1344 1552 Rufinus
1373 1511 1608 1553 resum·eaeit
1636 1509 1677 1551 in
1709 1524 1782 1552 suo

374 1569 434 1611 ita
463 1568 636 1611 retinuit
657 1569 834 1617 Latino;
867 1574 915 1611 ut
941 1568 1055 1618 illud,
1076 1568 1154 1610 ὑπὸ
1174 1571 1243 1609 τοῦ
1265 1570 1385 1617 Θεοῦ,
1408 1582 1438 1609 α
1458 1568 1561 1617 Deo,
1583 1572 1630 1610 ut
1648 1566 1783 1609 minus

373 1641 467 1668 cum
483 1641 532 1669 eo
548 1627 785 1675 cohaerens,
799 1633 974 1682 uterque
991 1625 1329 1683 praetermiserit.
1354 1625 1554 1668 USSER.
1602 1623 1783 1667 Vocibus

373 1684 450 1726 ὑπὸ
470 1687 539 1726 τοῦ
558 1684 790 1726 absolutum
812 1690 875 1727 est
895 1683 1044 1726 codicis
1065 1682 1293 1726 Florentini
1313 1683 1602 1740 apographum
1618 1682 1783 1725 Vossio-

376 1741 729 1792 Dodwellianum;
761 1742 910 1784 deinde
937 1741 1123 1797 sequitur
1151 1740 1193 1782 in
1217 1740 1306 1797 ipso
1329 1740 1493 1790 Codice,
1516 1739 1636 1782 nullis
1656 1739 1778 1782 inter·
1798 1748 1846 1787 25

375 1798 531 1856 positia
545 1814 643 1856 pars
660 1799 870 1856 Epistolae
887 1800 1106 1841 Barnabae
1127 1813 1153 1840 a
1168 1797 1305 1840 verbis
1324 1797 1404 1840 illis
1424 1798 1466 1840 in
1486 1812 1580 1855 pag.
1604 1811 1614 1838 1
1624 1811 1664 1854 3.
1682 1797 1782 1840 edit.

376 1856 583 1906 Menardi,
621 1857 723 1899 λαὸν
761 1857 831 1899 τὸν
870 1856 987 1899 κενὸν
1029 1854 1206 1913 [καινὸν]
1243 1855 1466 1908 ἐτοιμάζων.
1546 1855 1783 1898 Communis

374 1921 514 1957 autem
531 1920 595 1956 est
612 1914 831 1957 Codicibus
847 1914 1067 1971 Polycarpi
1083 1913 1253 1957 Graecis
1269 1913 1405 1956 hiatus
1421 1912 1509 1955 iste.
1549 1913 1668 1964 Quae
1683 1927 1782 1956 vero

375 1971 561 2028 subjecta
580 1977 677 2015 sunt
698 1972 839 2015 Codici
859 1971 1074 2021 Vaticano,
1096 1985 1147 2013 ea
1172 1970 1346 2028 protulit
1367 1970 1637 2020 Jacobsonus,
1658 1975 1783 2027 prout

375 2029 472 2071 olim
494 2029 676 2080 Vossius,
696 2028 919 2082 Ἐπιστολὴ
948 2028 1141 2083 Βαρνάβα
1170 2031 1240 2070 τοῦ
1265 2028 1517 2070 Ἀποστόλου
1538 2027 1782 2080 σ-υνεκδήμου
1795 2041 1848 2079 30

378 2088 546 2130 Παύλου
564 2091 634 2130 τοῦ
654 2088 770 2141 ἁγίου
783 2086 1046 2129 Ἀποστόλου.
1089 2086 1138 2128 In
1154 2085 1252 2128 edit.
1269 2084 1467 2152 principe,
1483 2085 1569 2128 sive
1585 2085 1783 2127 Halloixii

375 2144 458 2196 illa,
479 2150 612 2187 totum
643 2144 780 2187 deficit
809 2144 888 2187 hoc
917 2144 1148 2187 membrum
1178 2142 1376 2186 orationis
1407 2143 1470 2185 καὶ
1500 2142 1547 2186 δι’
1577 2143 1677 2197 ἡμᾶς
1705 2142 1782 2185 ὑπὸ

375 2205 444 2243 τοῦ
466 2205 575 2245 Θεοῦ
596 2203 836 2252 ἀναστάντα,
858 2201 994 2244 verius
1015 2201 1300 2244 ἀνασταθέντα.

439 2259 541 2302 lbid.
565 2260 589 2302 Ι.
609 2261 646 2302 8.
666 2259 1016 2302 mansuetudinem
1037 2258 1203 2301 Domini
1224 2257 1435 2314 alterutri]
1457 2257 1524 2301 Sic
1542 2257 1721 2300 Halloix.
1739 2263 1782 2300 et

377 2317 512 2358 Faber
542 2316 798 2373 Stapulensis
831 2316 948 2383 [edit.
971 2315 1162 2373 princeps
1191 2315 1356 2371 Latina]
1383 2322 1426 2358 et
1452 2315 1510 2357 sic
1531 2315 1630 2358 Cod.
1655 2315 1780 2358 Laur.
1794 2327 1845 2367 35

375 2374 464 2431 [seu
487 2374 521 2416 F
523 2374 688 2431 lorcnt.]
735 2374 851 2416 Libri
870 2373 991 2430 impr.
1013 2373 1209 2416 omittunt
1230 2374 1420 2415 Domini.
1462 2372 1780 2416 JACOBSON.

437 2431 541 2473 Ibid.
575 2432 601 2475 l.
625 2443 692 2475 22.
756 2431 800 2474 Si
867 2431 927 2473 uis
960 2445 1042 2473 non
1077 2429 1323 2473 abstinuerit
1352 2444 1396 2472 se
1425 2430 1478 2472 ab
1509 2429 1696 2480 avaritia,
1727 2430 1780 2472 ab

376 2488 608 2532 idololatria
635 2488 852 2545 coinquina
882 2488 996 2544 itur.]
1062 2487 1142 2530 Hic
1171 2487 1337 2544 quidem
1362 2486 1480 2530 facile
1508 2487 1595 2530 visu
1617 2494 1693 2537 est,
1714 2502 1779 2530 re-

375 2545 535 2613 spicere
552 2546 825 2604 Polycarpum
843 2546 896 2589 ad
919 2547 954 2588 A
987 2545 1104 2588 ostoli
1126 2545 1257 2588 locum
1279 2544 1320 2587 in
1344 2544 1529 2602 Epistola
1547 2544 1601 2587 ad
1624 2544 1778 2587 Coloss.

377 2604 430 2646 ini.
482 2638 488 2646 .
533 2604 776 2657 Νεκρῶσατε
806 2561 1008 2655 obv—flii}
1028 2604 1276 2656 πλεονεξίαν,
1306 2602 1390 2655 ἥτις
1421 2603 1533 2645 ἐστὶν
1563 2603 1780 2645 εἶδωλολα-
1794 2618 1845 2653 4ο

375 2678 441 2715 τρε
461 2679 498 2704 α.
561 2662 656 2704 Vct.
676 2662 829 2718 Interp.
852 2662 942 2704 Lat.
961 2661 1221 2716 Mortificate
1240 2661 1652 2716 erqo—avaritiam,
1670 2674 1780 2716 quae

375 2727 435 2761 usse
451 2720 784 2763 simulacrorum
799 2720 1001 2767 servituis,-
1023 2718 1097 2761 sed
1113 2732 1193 2760 non
1209 2732 1341 2774 aeque
1356 2716 1485 2760 facilis
1500 2723 1564 2760 est
1579 2717 1779 2774 expositio

377 2776 485 2818 vocis
511 2778 724 2829 πλεονεξία
751 2776 815 2819 vel
842 2777 954 2834 apud
976 2775 1231 2834 Apostolum,
1253 2775 1316 2818 vel
1347 2775 1457 2832 apud
1488 2774 1776 2831 Polycarpum.

378 2834 492 2876 llaec
522 2834 616 2876 olim
650 2834 800 2877 notavi.
874 2834 930 2876 At
961 2848 1059 2876 vcro
1096 2847 1202 2875 nunc
1238 2832 1374 2891 posuit
1407 2846 1514 2889 quae
1548 2846 1592 2874 se
1623 2838 1778 2875 uuntur

374 2891 643 2941 Jacobs-sonus,
668 2900 676 2915 ⁶
701 2893 905 2935 (ii-aecum
937 2891 1026 2934 sine
1056 2890 1180 2934 dubio
1211 2896 1253 2933 ct
1285 2890 1349 2933 hic
1376 2896 1419 2933 et
1449 2889 1570 2939 infra,
1636 2891 1652 2932 ἰ
1680 2891 1778 2946 quin
1792 2904 1841 2940 45
