2034 3204
184 1193 224 1269 5³3

410 218 494 258 ‘238
919 215 1303 258 FIRMILIANI

409 325 601 371 tionem.
671 326 834 379 Quum
858 326 974 372 haec
999 332 1112 371 tunc
1138 326 1304 385 utique
1334 324 1596 384 proficiant,
1621 324 1813 383 quando

407 409 455 448 et
477 402 561 462 qui
588 402 804 462 baptizat
827 402 971 448 habet
990 402 1223 462 Spiritum
1244 403 1488 454 Sanctum,
1504 409 1551 447 et
1576 400 1812 461 baptisma

406 494 595 539 quoque
618 479 777 539 ipsum
802 494 897 525 non
920 479 985 525 sit
1007 479 1110 524 sine
1134 479 1320 538 Spiritu
1343 479 1671 525 constitutum.
1719 478 1812 524 Sed

405 557 573 603 dicunt
612 572 721 603 eum
768 557 852 617 qui
897 558 1323 617 quomodocunque
1362 556 1478 603 foris
1520 556 1811 616 baptizatur,

406 644 564 682 mente
588 643 635 682 et
658 635 750 682 fide
778 651 880 689 sua,
906 635 1132 695 baptismi
1159 635 1367 697 gratiam
1391 636 1614 696 consequi
1646 650 1783 695 posse
1800 649 1847 687 :5

405 715 533 773 quod
573 721 621 759 et
655 714 814 773 ipsum
850 713 952 758 sine
986 712 1134 758 dubio
1168 712 1424 758 ridiculum
1459 719 1546 767 est,
1580 713 1718 773 quasi
1752 713 1811 758 de

405 793 533 836 coelo
557 792 789 837 adducere
813 791 873 836 ad
890 805 940 836 se
965 789 1116 849 possit
1139 796 1224 836 aut
1247 805 1381 836 mens
1405 804 1556 850 prava
1567 791 1811 851 justorum

405 867 843 923 sanctificationem,
860 874 945 913 aut
963 866 1079 913 fides
1097 866 1218 913 falsa
1232 867 1524 913 credentium
1545 866 1809 913 veritatem.

407 945 517 991 Non
550 960 713 990 omnes
745 951 905 990 autem
939 943 1023 1004 qui
1052 959 1226 989 nomen
1250 943 1434 990 Christi
1465 943 1703 999 invocant,
1728 959 1812 990 au-

404 1022 514 1076 diri,
550 1029 598 1068 et
631 1021 981 1068 invocationem
1017 1036 1153 1067 suam
1190 1019 1340 1082 [for-9.
1366 1021 1664 1067 invocatione
1698 1020 1811 1083 sua]
1827 1048 1875 1074 10

404 1098 628 1158 consequi
657 1097 840 1158 aliquid
867 1097 1052 1160 gratiae
1084 1113 1233 1157 posse,
1261 1098 1498 1144 Dominus
1529 1098 1631 1158 ipse
1659 1097 1812 1144 mani-

226 1204 281 1226 an,-
307 1195 374 1226 ⁸111,
404 1174 561 1230 festat‚
585 1175 762 1230 dicens,
786 1173 934 1221 Multi
964 1175 1143 1222 venient
1174 1175 1225 1221 in
1254 1175 1437 1222 nomine
1470 1190 1566 1222 meo
1598 1174 1810 1230 dicente-5,

403 1251 507 1317 qu
541 1269 641 1299 sum
680 1251 908 1307 Christus,
944 1258 986 1299 et
1023 1251 1186 1300 multos
1211 1251 1415 1316 sallent:
1465 1255 1599 1299 nulla
1633 1253 1811 1314 quippe

403 1331 674 1378 differentia
697 1337 769 1377 est
792 1331 920 1377 inter
941 1331 1405 1391 pseudoprophetam
1430 1337 1477 1377 et
1500 1331 1808 1378 haereticum.

405 1409 532 1455 Nam
565 1416 620 1455 ut
655 1409 735 1455 ille
769 1409 820 1454 in
855 1409 1047 1455 nomine
1070 1409 1163 1455 Dei
1198 1415 1284 1455 aut
1307 1409 1506 1463 Christi,
1529 1409 1599 1454 ita
1632 1409 1723 1455 iste
1756 1409 1808 1455 in
1824 1429 1872 1468 15

403 1493 698 1533 sacramento
716 1486 943 1546 baptismi
962 1486 1100 1532 fallit.
1144 1486 1398 1532 Mendacio
1416 1493 1616 1546 uterque
1635 1486 1810 1533 nititur

403 1566 463 1610 ad
486 1564 787 1624 decipiendas
810 1563 1061 1610 hominum
1085 1564 1369 1609 voluntates.

471 1641 617 1688 VIII.
642 1641 766 1688 Volo
793 1647 953 1687 autem
978 1641 1113 1687 vobis
1149 1647 1197 1687 et
1231 1642 1289 1687 de
1323 1640 1526 1687 historia
1549 1639 1699 1704 [fors.
1725 1640 1808 1688 ad-

345 1759 375 1779 e,
402 1718 534 1765 dend.
560 1718 653 1780 rei]
677 1735 800 1780 quae
830 1719 958 1779 apud
982 1734 1068 1765 nos
1091 1719 1220 1765 facta
1249 1724 1322 1765 est
1352 1733 1599 1779 exponere,
1624 1721 1684 1766 ad
1715 1719 1806 1766 hoc

359 1797 557 1858 “ipsum
593 1797 872 1857 pertinente.
943 1796 1074 1842 Ante
1102 1796 1278 1859 viginti
1313 1796 1440 1842 enim
1476 1803 1524 1843 et
1557 1798 1677 1843 duos
1707 1798 1806 1844 fere
1820 1821 1870 1848 20

400 1890 566 1931 annos,
602 1874 895 1935 temporibus
930 1880 1038 1934 post
1075 1874 1405 1920 Alexandrum
1448 1874 1804 1934 Imperatorem,

324 1946 334 1955 ⁷
400 1953 579 1997 multae
602 1950 710 1996 istic
744 1947 1117 1996 conflictationes
1153 1956 1201 1995 et
1235 1965 1482 2010 pressurae
1517 1951 1803 2007 acciderunt,

400 2030 473 2074 vel
510 2029 560 2074 in
595 2042 845 2074 commune
879 2026 1102 2073 omnibus
1140 2027 1430 2083 hominibus,
1466 2031 1538 2075 vel
1577 2030 1802 2090 privatim

400 2105 710 2157 Christianis;
736 2111 889 2151 terrae
907 2104 1053 2151 etiam
1075 2112 1231 2151 motus
1251 2106 1447 2165 plurimi
1467 2114 1515 2153 et
1531 2106 1804 2168 frequentes

399 2183 703 2236 exstiterunt,
728 2189 783 2229 ut
817 2189 865 2228 et
899 2197 984 2243 per
1014 2182 1363 2243 Cappadociam
1395 2190 1442 2230 et
1477 2200 1561 2244 per
1592 2185 1801 2232 Pontum
1818 2210 1865 2249 25

400 2262 553 2307 multa
587 2261 885 2314 subruerent,
909 2261 1142 2320 quaedam
1179 2261 1323 2307 etiam
1359 2261 1576 2309 civitates
1612 2263 1661 2309 in
1695 2278 1803 2324 pro-

400 2338 601 2385 fundum
628 2344 854 2398 receptae,
878 2336 1060 2396 dirupti
1086 2337 1172 2383 soli
1199 2338 1335 2383 hiatu
1366 2339 1723 2396 devorarentur,
1748 2348 1803 2387 ut

401 2431 458 2461 ex
508 2414 595 2461 hoc
642 2413 906 2474 persecutio
951 2428 1140 2474 quoque
1192 2413 1355 2476 gravis
1409 2415 1659 2462 adversum
1716 2432 1801 2463 nos

401 2491 662 2538 Christiani
695 2490 901 2537 nominis
926 2489 1070 2536 fleret.
1139 2490 1274 2544 Quae
1310 2499 1416 2551 post
1452 2492 1642 2553 longam
1675 2499 1802 2540 retro

399 2570 569 2617 aetatis
594 2584 753 2629 pacem
780 2574 970 2628 repente
994 2568 1172 2622 oborta,
1191 2569 1250 2615 de
1274 2568 1520 2629 inopinato
1543 2577 1591 2615 et
1614 2570 1802 2618 insueto
1812 2597 1864 2634 30

401 2648 525 2693 malo
548 2647 606 2692 ad
633 2646 923 2692 turbandum
950 2646 1177 2705 populum
1205 2651 1420 2691 nostrum
1447 2645 1704 2694 terribilior
1731 2648 1800 2694 ef.

400 2725 522 2770 fecta
545 2731 629 2769 est.
701 2722 988 2768 Serenianus
1013 2729 1126 2768 tunc
1151 2722 1244 2768 fuit
1277 2722 1325 2767 in
1360 2729 1520 2768 nostra
1553 2723 1799 2782 provincia

399 2816 600 2860 praeses,
622 2801 818 2846 acerbus
841 2806 888 2846 et
911 2799 1044 2846 dirus
1070 2807 1353 2858 persecutor.
1428 2799 1481 2845 In
1517 2800 1603 2847 hac
1636 2809 1794 2848 autem
