2034 3204
352 223 413 265 IN
445 222 730 265 TERTULL.
760 221 838 263 DE
871 220 1247 263 PRAESCRIPT.
1279 222 1454 263 HAER.
1530 222 1615 264 207

214 330 348 381 fallor,
369 345 422 374 ex
451 330 718 388 scriptoribus
738 328 1028 373 Antenicaenis
1058 329 1301 372 memoravit
1321 329 1614 377 Tertullianus,

216 387 475 430 Christianus
503 388 642 430 statim
673 388 763 430 fieri
788 387 918 443 judex
948 385 1147 435 ethnicus,
1170 386 1402 443 quicunque
1421 387 1456 428 is
1475 387 1615 436 fuerit,

215 459 306 487 cum
337 445 524 487 omnibus
555 446 651 494 suis,
683 445 890 488 debuisset
905 460 918 495 ς
953 443 1030 486 nisi
1060 458 1256 500 opponas,
1286 444 1375 486 fieri
1407 458 1539 501 posse,
1571 451 1616 487 ut

214 502 401 559 Apostoli
422 502 609 544 liberatio
631 502 863 559 praestigiis
883 500 1052 559 magicis
1071 502 1124 543 ab
1141 501 1283 544 iisdem
1301 501 1614 544 attribueretur.

178 571 201 610 5
217 559 453 611 Quinetiam
482 560 785 602 recordandum
813 558 928 602 nobis
954 565 1029 609 est,
1053 558 1309 601 Judaeorum
1338 558 1552 616 primores,
1574 559 1617 600 id

213 617 325 674 quod
351 631 404 659 ex
429 617 544 660 Actis
567 617 859 674 Apostolorum
888 622 1061 667 constat,
1082 616 1258 659 eundem
1278 617 1483 659 Joannem
1514 617 1616 658 occi-

213 689 302 717 sum
332 674 425 724 isse,
446 674 566 716 simul
591 689 639 717 ac
663 674 871 717 novissent
894 689 987 717 eum
1009 688 1032 716 e
1052 688 1219 717 carcere
1245 674 1440 717 divinitus
1470 674 1615 716 libera-

213 737 314 774 tum.
355 731 451 774 Vid.
472 735 564 774 Act.
587 734 731 789 Apost.
754 747 842 789 cap.
859 746 899 781 V,
921 746 1064 774 comm.
1086 744 1156 788 33.

272 789 319 832 P.
340 802 430 845 152.
452 789 478 832 l.
496 802 534 831 2.
554 789 863 845 contesserarit]
892 789 1062 831 Habent
1081 788 1197 832 editt.
1212 789 1406 831 Rhenani
1425 795 1469 831 et
1485 789 1614 831 Paris.

154 861 201 887 10
214 846 348 903 prima
366 855 638 890 contestatur.
689 847 887 890 Pithoeus
902 846 990 889 vult
1009 846 1162 904 legere,
1179 852 1226 889 ut
1246 846 1376 889 refert
1393 847 1615 896 Semlems,

213 912 536 947 conte-secratur.

272 961 377 1004 Ibid.
395 961 422 1003 l.
437 962 476 1003 6.
498 968 541 1004 et
560 962 656 1004 inde
671 967 812 1018 portat
826 961 970 1017 fidem]
989 962 1050 1004 Ec
1065 963 1166 1005 inde
1183 970 1308 1018 potat
1318 963 1452 1017 fidem
1468 962 1616 1018 [Paris.

217 1018 359 1074 2nda.]
376 1019 409 1060 F
410 1019 556 1061 ranek.
568 1019 723 1076 Rigalt.
754 1019 1086 1074 Conj.Wouwer.
1103 1027 1142 1062 et
1155 1021 1256 1063 inde
1267 1019 1464 1076 importat
1469 1021 1615 1075 fidem

215 1075 371 1125 Malim,
394 1077 589 1132 plantat.
627 1077 874 1120 SEMLER.
942 1076 1147 1119 Editionis
1177 1077 1371 1134 principis
1401 1077 1616 1120 lectionem

154 1147 200 1186 15
208 1142 361 1189 portat
381 1134 569 1176 revocavi
583 1137 622 1176 *.

278 1190 382 1233 Ibid.
405 1191 430 1233 l.
455 1205 517 1234 11.
558 1191 642 1234 Sed
677 1206 759 1233 non
795 1206 935 1233 omnes
966 1206 1019 1233 ex
1051 1190 1136 1244 illa]
1178 1192 1246 1235 Sic
1280 1191 1377 1234 edit.
1410 1192 1613 1248 princeps.

215 1248 330 1290 Fors.
352 1248 572 1305 legendum
603 1249 712 1291 foret
741 1250 912 1292 omnino
942 1263 1018 1305 pro
1047 1263 1201 1299 omnes,
1233 1249 1309 1291 nisi
1343 1256 1487 1292 auctor
1515 1250 1618 1292 illud

213 1306 461 1362 spectaverit
483 1307 525 1349 S.
541 1306 715 1349 Joannis
742 1320 753 1347 ι
779 1307 857 1363 Ep.
879 1306 919 1348 ii.
940 1320 1002 1362 19,
1025 1308 1229 1362 quoniam
1252 1322 1336 1348 non
1358 1316 1458 1349 eunt
1478 1322 1618 1350 omnes

213 1378 264 1406 eoe
282 1364 415 1463 ughis.
477 1364 647 1406 Habent
659 1365 846 1419 fiacr-unt
873 1377 949 1421 pro
976 1378 1116 1406 omma
1142 1364 1259 1407 editt.
1282 1364 1413 1406 Paris.
1436 1365 1616 1407 Franek.

151 1438 201 1463 20
214 1420 267 1462 Ri
340 1420 384 1462 tii
416 1436 480 1463 ue.

295 1477 377 1520 bid.
418 1510 426 1519 .
448 1480 510 1520 16.
533 1478 599 1520 Ita
619 1484 661 1520 et
681 1478 874 1520 haereses
900 1477 952 1520 de
979 1483 1120 1520 nostro
1148 1477 1512 1528 fructificaverunt,
1535 1494 1617 1521 non

212 1541 390 1584 nostrae,
421 1536 649 1593 degeneres
676 1535 861 1577 veritatis
890 1550 1036 1592 grano,
1064 1541 1106 1577 et
1136 1536 1348 1578 mendacio
1378 1537 1617 1595 sylvestres]

215 1592 281 1636 Sic
311 1592 428 1635 editt.
451 1599 548 1636 ante
579 1593 872 1650 Rigaltiauam,
903 1592 980 1634 nisi
1007 1593 1117 1649 quod
1147 1593 1191 1635 in
1221 1593 1319 1636 edit.
1342 1595 1475 1651 prima
1505 1596 1617 1637 Rhe-

213 1649 308 1692 nani
325 1650 542 1693 exstiterat
557 1652 787 1694 varietatis
803 1665 878 1708 pro
894 1652 1104 1697 veritatis,
1119 1651 1230 1707 quod
1251 1659 1412 1694 mutare
1432 1652 1472 1694 in
1494 1654 1617 1696 vani-

150 1725 171 1750 2
177 1722 199 1762 5
214 1709 320 1751 tatis
335 1708 499 1751 volebat
514 1709 542 1750 J
546 1708 665 1751 unius
679 1724 689 1758 ;
720 1709 792 1751 sed
809 1710 1010 1751 veritatis
1023 1708 1110 1764 jam
1132 1716 1373 1765 reposuerat
1389 1710 1617 1752 Rhenanus

212 1765 255 1806 in
282 1765 379 1808 edit.
401 1780 475 1808 sua
501 1765 646 1808 ultima
672 1781 723 1807 ex
746 1765 897 1808 Codice
919 1766 1147 1815 Gorziensi,
1169 1767 1265 1808 dum
1287 1768 1616 1811 Paterniacensis

214 1822 394 1865 habebat
423 1825 664 1866 varietatis.
726 1822 869 1866 Posuit
896 1823 1117 1880 Rigaltius,
1147 1830 1158 1847 ⁴
1173 1824 1240 1866 Ita
1267 1831 1310 1867 et
1339 1825 1534 1868 haereses
1564 1826 1616 1868 de

215 1883 228 1902 ‘
242 1885 383 1922 nostro
397 1882 566 1936 frutice
586 1895 669 1923 non
687 1889 831 1923 nostro
855 1896 1016 1936 yenere,
1038 1881 1225 1924 veritatis
1244 1896 1390 1939 grano,
1410 1885 1485 1926 sed
1504 1898 1617 1926 men-

215 1943 224 1960 ·
243 1936 359 1979 dacio
394 1937 642 1994 sylvestres?
702 1938 794 1995 Ego
834 1952 926 1980 cum
958 1939 1075 1994 Lupo
1110 1945 1152 1980 et
1183 1939 1403 1982 Thomasio
1433 1947 1616 1983 veterem

150 2008 201 2045 30
214 1993 428 2036 lectionem
453 1994 655 2038 revocavi.
718 1995 837 2046 Quod
860 2001 903 2037 et
922 1995 1064 2038 fecisse
1084 2011 1192 2038 nunc
1214 1996 1331 2039 video
1351 1998 1542 2040 abbatem
1565 1999 1617 2041 de

215 2051 383 2108 Gouroy
413 2052 456 2094 in
486 2052 584 2094 edit.
609 2067 683 2094 sua
711 2052 939 2118 Apologiae
969 2059 1011 2095 et
1042 2053 1292 2111 Praescript.
1320 2055 1494 2099 Haeret.
1515 2057 1551 2098 T
1553 2072 1618 2098 er-

214 2108 387 2159 tulliani,
408 2124 516 2152 anno
537 2111 646 2165 1780
662 2110 830 2152 Par1siis
849 2110 960 2167 typis
980 2110 1188 2167 impressa.

278 2166 384 2209 Ibid.
415 2167 442 2208 l.
476 2179 543 2221 27.
580 2167 691 2223 quod
829 2167 1130 2210 haereticorum
1170 2169 1334 2211 nomine
1368 2170 1614 2228 admittunt]

215 2223 330 2266 Haec
360 2230 424 2266 est
451 2223 572 2266 lectio
602 2224 983 2282 Ante-Rigaltiana,
1008 2240 1130 2282 quam
1162 2241 1252 2268 cum
1285 2227 1402 2284 Lupo
1433 2234 1476 2270 et
1506 2228 1615 2270 Tho-

149 2292 199 2332 35
214 2280 341 2323 masio
373 2287 416 2324 et
449 2282 600 2324 abbate
636 2282 688 2324 de
716 2282 885 2340 Gourcy
917 2283 1117 2325 revocavi.
1179 2284 1297 2326 Junii
1338 2286 1613 2342 conjecturam

212 2340 389 2381 nomina
427 2339 584 2396 recepit
622 2339 842 2397 Rigaltius.
912 2341 1079 2383 Nomen
1114 2341 1202 2384 vult
1237 2342 1456 2385 Semlerus.
1530 2344 1616 2387 Sed

212 2396 523 2439 haereticorum
560 2398 728 2440 nomine
761 2397 872 2440 valet
912 2406 1122 2454 quatenus
1160 2400 1380 2450 haeretici,
1414 2400 1485 2457 qui
1519 2407 1616 2444 sunt

213 2452 398 2496 homines
443 2469 495 2496 ex
537 2454 711 2497 arbitrio
757 2469 830 2497 suo
877 2455 1075 2513 dogmata
1119 2456 1196 2498 sibi
1247 2457 1459 2514 eligentes.
1539 2460 1616 2502 Est

214 2524 351 2566 porr0,
375 2526 459 2553 ‘non
486 2526 517 2553 a
545 2513 716 2555 Christo
744 2513 938 2556 habendo
967 2527 1044 2570 pro
1069 2528 1131 2563 eo,
1153 2515 1263 2570 quod
1293 2522 1369 2567 est,
1391 2531 1421 2557 a
1446 2517 1616 2560 Christo

149 2588 200 2622 40
214 2582 297 2610 non
316 2569 523 2611 habendo.

273 2626 319 2667 P.
338 2635 430 2681 153.
452 2626 479 2668 l.
503 2639 537 2668 1.
566 2627 664 2668 Mea
690 2632 754 2668 est
781 2625 1001 2684 possessio]
1034 2629 1176 2671 Verba
1203 2629 1317 2678 haec,
1339 2645 1445 2686 quae
1465 2631 1616 2673 absunt

212 2682 266 2724 ab
295 2682 394 2725 edit.
422 2683 551 2740 princi
583 2698 618 2732 e,
650 2698 784 2740 neque
813 2684 932 2727 nimis
963 2686 1195 2728 necessaria
1226 2693 1334 2736 sunt,
1366 2687 1501 2730 omisit
1533 2689 1614 2730 Lu-

213 2754 301 2796 puS,
322 2741 433 2796 quod
460 2746 503 2783 et
527 2755 551 2783 o
567 2740 622 2782 im
649 2741 804 2784 fecerat
827 2741 1061 2794 Quintinus,
1088 2749 1208 2793 teste,
1233 2745 1306 2787 sed
1335 2760 1416 2787 non
1447 2760 1615 2788 consen-

261 2824 282 2847 *
302 2824 366 2873 [In
383 2825 558 2861 Editionis
576 2826 752 2862 secundae
771 2826 1014 2873 Corrigendis,
1030 2828 1216 2863 lectionem
1236 2834 1340 2875 potat
1359 2830 1614 2866 restituendam

215 2876 326 2912 voluit
345 2877 553 2924 Routhius.]
