2034 3204
469 231 550 271 DE
591 232 1167 274 PRAESCRIPTIONE
1210 232 1398 274 HAER.
1562 234 1641 274 125

234 341 483 396 vescimus,
509 342 578 387 ita
605 357 740 401 posse
769 342 818 387 id
847 348 1041 401 propter
1063 342 1189 401 quod
1223 341 1481 403 fugiendae
1512 348 1642 394 sunt,

233 434 328 464 non
352 418 593 465 miremur.
663 419 866 465 Instruit
890 419 1127 464 Dominus
1152 420 1328 464 multos
1352 434 1453 464 esse
1472 424 1641 463 ventu-

231 511 308 540 ros
326 495 416 541 sub
433 495 635 555 pellibus
653 496 815 542 ovium
835 511 1031 557 rapaces
1047 498 1197 556 lupos
1249 495 1499 549 Quaenam
1519 495 1639 540 istae
1653 504 1756 537 Matt.
1772 506 1827 537 vii.

228 578 343 617 sunt
359 573 502 631 pelles
521 571 697 625 ovium,
717 571 810 617 nisi
830 571 1037 617 nominis
1056 570 1322 618 Christiani
1345 570 1639 616 extrinsecus
1659 557 1705 587 '⁵'

191 661 214 699 5
228 648 536 709 superficies?
585 649 682 703 Qui
707 650 807 709 lupi
825 665 1035 710 rapaceS‚
1055 649 1149 695 nisi
1172 665 1354 702 sensuS‚
1373 655 1421 694 et
1439 647 1638 707 spiritus
1651 659 1792 691 Actu.
1804 669 1857 702 29.

227 727 430 778 subdoli,
458 729 518 773 ad
551 727 875 773 infestandum
910 742 1103 790 gregem
1134 726 1317 772 Christi
1351 726 1636 772 intrinsecus

227 804 550 850 delitescentes
566 805 588 850 ἶ)
645 805 742 858 Qui
774 806 1214 865 pseudoprophetae
1242 812 1370 858 sunt,
1396 803 1488 849 nisi
1523 803 1634 849 falsi

227 882 571 941 praedicatores
586 882 609 928 ἶ)
656 883 753 936 Qui
772 882 1138 943 pseudapostoli,
1158 882 1250 928 nisi
1270 882 1474 928 adulteri
1493 896 1636 927 evan·
1650 901 1666 923 2
1681 892 1757 925 Cor.
1776 894 1823 926 xi.

225 958 508 1020 gelizatores
523 959 546 1005 P
595 960 690 1014 Qui
723 960 993 1006 antichristi
1028 959 1219 1006 interim
1244 965 1292 1005 et
1314 974 1513 1018 semper,
1540 958 1633 1004 nisi
1652 945 1778 1024 :fjom
1797 992 1831 1025 ἢ,

164 1050 212 1075 10
227 1034 410 1082 Christi
444 1037 678 1083 rebelles?
753 1038 892 1083 Nunc
927 1046 1041 1084 sunt
1076 1038 1295 1083 haereses
1338 1051 1433 1082 non
1471 1035 1701 1081 minus18-

225 1114 546 1160 doctrinarum
564 1115 872 1174 perversitate
889 1115 1152 1161 Ecclesiam
1172 1117 1466 1166 lacessentes,
1483 1128 1629 1173 quam

224 1198 337 1237 tunc
384 1191 694 1238 antichristus
745 1192 1124 1251 persecutionum
1171 1190 1421 1237 atrocitate
1476 1205 1633 1250 perse-

221 1276 424 1329 quetur:
459 1269 552 1315 nisi
576 1271 700 1329 quod
736 1270 999 1329 persecutio
1021 1276 1069 1315 et
1093 1275 1331 1329 martyras
1361 1267 1492 1321 facit,
1517 1268 1630 1314 hae-

220 1346 336 1392 resis
378 1353 618 1407 apostatas
659 1354 863 1393 tantum.
940 1348 1008 1393 Et
1050 1347 1155 1392 ideo
1195 1344 1397 1391 haeresi-s·
1438 1361 1628 1405 quoque
1646 1363 1655 1384 ι
1673 1354 1748 1387 Cor.
1764 1355 1809 1389 xi.

159 1434 205 1473 Ῑ5
220 1423 449 1486 oportebat
482 1440 588 1477 esse,
625 1430 675 1470 ut
710 1423 966 1487 probabiles
1001 1424 1169 1486 quique
1203 1422 1625 1485 manifestarentur,
1646 1407 1693 1440 ¹9-

218 1509 318 1549 tam
349 1501 434 1562 qui
468 1502 519 1548 in
554 1502 960 1562 persecutionibus
995 1502 1227 1555 steterint,
1264 1517 1409 1561 quam
1445 1500 1529 1561 qui
1564 1502 1624 1547 ad

218 1580 434 1626 haereses
469 1596 563 1626 non
591 1580 978 1626 exorbitaverint.
1051 1580 1220 1639 Neque
1248 1578 1376 1624 enim
1405 1593 1483 1624 eos
1511 1593 1625 1639 pro-

216 1655 381 1703 babiles
415 1657 620 1720 intelligi
648 1659 786 1719 jubet
811 1658 894 1718 qui
926 1658 974 1704 in
1011 1657 1246 1703 haeresim
1280 1655 1421 1701 fidem
1457 1657 1623 1701 demu-

216 1740 349 1780 tant:
384 1735 508 1781 sicut
530 1751 590 1781 ex
613 1735 800 1781 diverso
823 1735 915 1781 sibi
944 1734 1334 1794 interpretantur,
1358 1733 1473 1793 quia
1495 1732 1621 1778 dixit
1644 1740 1650 1745 ⁴

153 1827 202 1852 20
215 1810 346 1862 alibi,
396 1809 566 1857 Omnia
612 1811 905 1864 examinate:
954 1810 1076 1874 quod
1118 1810 1283 1857 bonum
1330 1815 1411 1866 est,
1452 1815 1619 1861 tenete,-
1638 1832 1648 1852 ι
1664 1822 1777 1855 These.
1793 1834 1826 1856 v.

215 1887 353 1948 quasi
384 1903 479 1934 non
511 1887 664 1944 liceat,
689 1888 911 1934 omnibus
943 1891 1067 1934 male
1097 1888 1397 1940 examinatis,
1426 1887 1477 1934 in
1503 1875 1687 1933 elec-‘¹'

214 1965 393 2011 tionem
419 1965 622 2027 alicujus
646 1965 758 2011 mali
784 1965 1050 2028 impingere
1071 1982 1158 2026 per
1180 1980 1403 2012 errorem.

282 2043 432 2088 Porro
460 2043 501 2089 si
529 2043 844 2090 dissensiones
872 2051 919 2090 et
948 2044 1207 2090 schismata
1241 2043 1471 2102 increpat,
1495 2057 1618 2102 quae
1639 2055 1755 2089 CAP.
1773 2056 1821 2090 v.

213 2119 316 2166 sine
343 2121 489 2166 dubio
523 2123 650 2166 mala
678 2127 804 2175 sunt,
833 2128 881 2167 et
908 2121 1223 2167 incontinenti
1255 2122 1472 2166 haereses
1504 2121 1618 2166 sub-

150 2211 198 2251 25
206 2197 386 2260 jungit,
410 2199 537 2259 quod
568 2198 707 2244 malis
735 2199 969 2261 adjungat
993 2197 1143 2261 [som.
1159 2199 1373 2260 adjugaa
1396 2195 1617 2258 Junius]

211 2277 392 2321 malum
429 2275 595 2336 utique
631 2275 895 2336 profitetur,
930 2282 978 2322 et
1011 2276 1206 2336 quidem
1242 2276 1428 2338 majus;
1465 2290 1615 2335 quum

210 2351 318 2398 ideo
347 2353 600 2399 credidisse
627 2370 677 2399 se
700 2353 828 2400 dicat
850 2355 909 2399 de
933 2353 1269 2400 schismatibus
1292 2360 1341 2399 et
1363 2352 1616 2398 dissensio-

211 2429 366 2483 nibus,
384 2430 499 2490 quia
522 2431 663 2478 sciret
687 2431 833 2477 etiam
858 2431 1075 2477 haereses
1099 2438 1316 2491 oportere
1339 2447 1454 2477 esse.
1525 2430 1615 2476 Os·
1633 2452 1644 2473 1
1660 2441 1735 2474 cor.
1753 2442 1800 2476 xi.

211 2506 364 2552 tendit
398 2507 526 2553 enim
560 2508 796 2570 gravioris
830 2508 947 2555 mali
981 2516 1234 2568 prospectu
1265 2510 1324 2554 de
1356 2508 1614 2554 levioribus
1632 2485 1679 2525 '⁶'
1701 2495 1750 2529 ¹9·

144 2601 196 2638 30
209 2598 259 2629 se
285 2583 424 2629 facile
454 2585 735 2631 credidisse:
771 2592 896 2631 certe
928 2601 1024 2631 non
1047 2593 1102 2632 ut
1125 2586 1232 2632 ideo
1256 2587 1314 2631 de
1346 2585 1485 2632 malis
1517 2602 1616 2632 cre-

209 2660 398 2715 diderit,
417 2661 532 2720 quia
556 2662 770 2708 haereses
796 2663 944 2708 bonae
967 2669 1137 2716 essent,
1156 2664 1237 2709 sed
1261 2663 1335 2708 uti
1353 2664 1411 2709 de
1438 2663 1614 2725 pejoris

208 2753 400 2797 quoque
442 2745 581 2783 notae
623 2739 967 2785 tentationibus
1009 2746 1336 2799 praemoneret
1377 2756 1473 2787 non
1512 2757 1614 2787 esse

209 2815 509 2869 mirandum3
555 2831 674 2875 quas
715 2816 893 2862 diceret
940 2817 1212 2877 impendere
1254 2820 1315 2864 ad
1359 2817 1612 2880 probabiles
