1950 3210
654 925 1182 991 LECTORI

890 1064 944 1115 S.

219 1311 511 1390 TESTES
564 1341 714 1391 hosce
768 1343 1138 1392 ecclesiasticae
1189 1343 1450 1393 doctrinae
1495 1359 1528 1392 a
1572 1348 1625 1393 te

216 1427 336 1486 peto
381 1427 442 1472 ut
486 1424 706 1487 accipias
751 1425 980 1488 benigne,
1027 1426 1228 1488 quippe,
1270 1440 1372 1489 quo
1417 1425 1627 1489 propius

217 1506 408 1555 absunt
442 1522 475 1555 a
507 1506 796 1570 primordiis
824 1508 1215 1565 Christianismi,
1241 1523 1299 1557 eo
1322 1509 1488 1571 magis
1511 1524 1627 1557 con-

219 1594 302 1638 tra
331 1590 641 1639 haereticam
672 1590 981 1653 pravitatem
1008 1591 1326 1654 justissimas
1359 1592 1423 1640 ob
1447 1607 1631 1640 causas

221 1674 408 1722 valent.
469 1673 612 1731 Quae
635 1688 717 1722 res
735 1689 896 1737 quum
921 1674 996 1723 ita
1019 1675 1088 1724 sit
1111 1680 1419 1738 comparata,
1444 1675 1631 1724 idcirco

220 1771 285 1805 ex
321 1757 557 1820 operibus
591 1757 922 1820 antiquorum
954 1758 1168 1807 Patrum
1200 1758 1399 1807 libellos
1433 1759 1630 1822 aliquot

220 1838 348 1887 mihi
370 1839 540 1888 visum
564 1844 643 1888 est
671 1840 894 1903 seligere,
919 1842 1008 1904 qui
1031 1842 1303 1890 veritatem
1327 1842 1631 1890 catholicam

221 1922 507 1971 luculenter
529 1926 582 1971 et
605 1927 856 1981 accurate,
880 1928 994 1972 tum
1014 1939 1134 1973 vero
1153 1924 1280 1974 scite
1298 1928 1351 1973 et
1374 1925 1634 1987 eleganter

222 2004 444 2054 tradant.
515 2005 622 2054 Hoc
656 2006 711 2054 in
744 2021 929 2069 genere
963 2007 1066 2055 alia
1098 2011 1363 2070 praeterea
1386 2007 1635 2069 opuscula

223 2086 419 2149 adjici0,
443 2087 689 2150 pietatem
712 2092 869 2151 atque
893 2089 1139 2138 virtutem
1169 2105 1272 2139 non
1295 2094 1406 2139 tam
1429 2105 1636 2152 persua-

225 2169 400 2218 dentia
422 2185 577 2232 quam
613 2171 931 2233 inspirantia,
957 2176 1136 2235 utpote
1167 2187 1327 2235 quum
1363 2176 1637 2235 praecepta

224 2251 487 2299 hominum
525 2252 587 2300 iis
624 2252 998 2310 contineantur,
1031 2253 1170 2302 haud
1204 2269 1394 2317 magna
1428 2255 1638 2317 loquen-

225 2334 370 2391 tium,
395 2334 497 2390 sed,
526 2335 661 2397 quod
697 2336 857 2393 aiunt,
883 2335 1197 2395 viventium3
1234 2351 1452 2399 quorum
1488 2336 1637 2399 pleri-

225 2432 324 2479 que
357 2432 450 2480 pro
484 2417 687 2466 Christo
721 2419 884 2467 vitam
922 2424 1219 2481 posuerunt.
1289 2420 1356 2468 Et
1393 2420 1636 2483 quoniam
1675 2423 1677 2426 ’

226 2500 334 2548 sine
368 2500 605 2549 libertate
636 2501 724 2548 vix
763 2501 908 2550 salva
939 2516 1050 2550 esse
1090 2502 1278 2564 poterit
1310 2507 1403 2551 aut
1434 2502 1636 2558 veritaS‚

226 2588 318 2632 aut
356 2583 534 2640 virtus
571 2583 623 2631 id
664 2599 866 2647 quoque
903 2585 1114 2647 egimuS,
1157 2589 1217 2633 ut
1258 2600 1323 2634 ex
1365 2586 1461 2634 hoc
1495 2600 1639 2648 prae-

227 2666 476 2714 stantium
511 2681 722 2728 operum
752 2667 954 2715 delectu
988 2667 1183 2730 liquido
1214 2672 1404 2730 pateat,
1428 2667 1551 2731 quid
1576 2667 1638 2716 de

227 2747 531 2795 auctoritate
567 2748 701 2796 sedis
737 2748 1012 2805 Romanae,
1040 2754 1226 2798 cuncta
1259 2750 1355 2798 sibi
1380 2749 1640 2798 vindican-

228 2830 308 2887 tis,
333 2832 562 2880 sanxerit
587 2832 882 2895 antiquitas
