2034 3204
381 203 656 246 NICAENI
694 202 992 245 CONCILII
1036 202 1494 245 UNIVERSALIS.

1576 200 1659 246 381

258 309 382 366 στὰς
430 311 728 373 ἀπαιτοῦσιν,
777 307 1049 360 ἐδικαίωσεν
1098 307 1128 372 ἡ
1178 308 1293 375 ἁγία
1343 309 1422 359 καὶ
1470 306 1663 374 μεγάλη

259 393 481 457 Σύνοδος,
508 396 572 450 ὡς
598 393 706 450 εἴτις
738 393 937 462 εὑρεθείη
974 391 1093 458 μετὰ
1128 392 1212 445 τὸν
1245 392 1360 460 ὅρον
1384 398 1556 445 τοῦτον
1578 390 1659 445 τό·

257 501 368 535 κους
406 477 686 544 λαμβάνειν,
726 480 776 531 ἐκ
812 476 1186 548 μεταχειρήσεως
1222 475 1252 543 ἢ
1290 477 1460 533 ἄλλως
1495 499 1658 544 μετερ-

256 562 455 634 χόμενος
494 563 551 617 τὸ
593 569 811 632 πρᾶγμα,
854 561 885 629 ἢ
926 563 1146 628 ἡμιολίας
1186 564 1420 627 ἀπαιτῶν,
1463 560 1493 628 ἢ
1534 562 1662 619 ὅλως

216 664 242 703 ,5
255 649 413 718 ἕτερόν
449 673 495 702 τι
538 650 736 702 ἐπινοῶν
774 652 980 718 αἰσχροῦ
1023 647 1214 716 κέρδους
1257 648 1404 713 ἕνεκα,
1442 652 1658 716 καθαιρε-

255 734 454 801 θήσεται
504 740 588 788 τοῦ
640 733 839 802 κλήρου,
892 735 969 786 καὶ
1021 732 1279 802 ἀλλότριος
1327 739 1413 787 τοῦ
1463 734 1662 789 κανόνος·

255 819 405 872 ἔσται.

750 965 1019 1014 ΚΑΝΩΝ
1068 964 1161 1013 ΙΗ.

321 1060 513 1115 ’Ἶ-Ιλθεν
545 1064 608 1117 εἷς
644 1059 732 1126 τὴν
769 1060 911 1128 ἁγίαν
948 1062 1025 1113 καὶ
1061 1058 1281 1127 μεγάλην
1317 1057 1548 1123 Σύνοδον,
1586 1058 1658 1112 ὅτι

194 1166 242 1192 10
254 1147 304 1200 ἕν
345 1170 445 1200 τισι
485 1145 646 1202 τόποις
689 1149 766 1198 καὶ
810 1144 1001 1210 πόλεσι,
1040 1149 1139 1201 τοῖς
1178 1144 1532 1213 Πρεσβυτέροις
1569 1143 1660 1211 τὴν

255 1232 582 1302 Εὐχαριστίαν
607 1233 650 1283 οἱ
675 1229 902 1283 Διάκονοι
937 1229 1170 1294 διδόασιν,
1197 1228 1364 1298 ὥσπερ
1390 1231 1494 1282 οὔτε
1520 1231 1546 1283 ὃ
1570 1253 1656 1283 κα-

254 1316 349 1370 νὼν
393 1318 498 1370 οὔτε
537 1317 567 1382 ἡ
609 1314 834 1383 συνήθεια
882 1315 1135 1384 παρέδωκε,
1175 1313 1286 1371 τοὺς
1327 1313 1554 1383 ἐξουσίαν
1591 1314 1660 1382 μὴ

252 1401 448 1472 ἔχοντας
495 1400 804 1471 προσφέρειν,
849 1405 948 1457 τοῖς
993 1399 1330 1471 προσφέρουσι
1381 1400 1559 1453 διδόναι
1601 1401 1658 1454 τὸ

252 1491 398 1553 σῶμα
429 1493 514 1541 τοῦ
548 1490 786 1555 Χριστοῦ·
830 1490 1014 1539 κακεῖνο
1051 1484 1099 1537 δὲ
1134 1486 1420 1554 ἐγνωρίσθη,
1459 1486 1531 1539 ὅτι
1567 1486 1658 1554 ἤδη

191 1591 237 1631 15
252 1569 371 1628 τινὲς
392 1576 488 1626 τῶν
507 1570 756 1625 Διακόνων
780 1572 858 1624 καὶ
881 1570 977 1641 πρὸ
1001 1576 1098 1624 τῶν
1115 1569 1428 1624 Ἐπισκόπων
1446 1574 1531 1638 τῆς
1557 1573 1655 1624 Εὖ-

249 1658 502 1728 χαριστίας
531 1656 778 1711 ἅπτονται.
840 1661 1007 1710 Ταῦτα
1038 1657 1123 1709 οὖν
1146 1655 1304 1710 πάντα
1329 1656 1653 1726 περιῃρήσθω·

250 1743 328 1794 καὶ
352 1743 681 1809 ἐμμενέτωσαν
707 1744 750 1794 οἱ
774 1740 999 1795 Διάκονοι
1023 1745 1121 1797 τοῖς
1146 1741 1277 1797 ἰδίοις
1305 1740 1508 1810 με’τροις,
1533 1741 1654 1795 εἶδό-

251 1849 327 1884 τες
364 1826 435 1880 ὅτι
471 1833 557 1880 τοῦ
595 1827 682 1894 μὲν
710 1827 1013 1880 Ἐπισκόπου
1058 1825 1280 1895 ὑπηρέται
1320 1829 1430 1891 εἶσὶ,
1470 1831 1568 1879 τῶν
1605 1826 1656 1879 δὲ

254 1910 605 1981 Πρεσβυτέρων
641 1912 867 1968 ἐλάττους
903 1909 1216 1981 τυγχάνουσι·
1269 1911 1658 1977 λαμβανέτωσαν

251 2081 293 2115 ta
316 2080 356 2115 et
378 2089 518 2127 magna
537 2075 724 2128 Synodus,
743 2081 788 2116 ut
807 2076 926 2127 siquis

251 2130 430 2169 inventus
453 2131 569 2170 fuerit
597 2136 686 2182 post
711 2130 809 2169 hanc
834 2130 926 2169 defi-

251 2184 432 2223 nitior-em
463 2197 598 2224 usuras
629 2185 828 2236 accipiens,
858 2190 925 2224 aut

252 2252 301 2277 ex
319 2239 588 2278 adinventione
606 2239 733 2290 aliqua
750 2239 812 2278 vel
831 2252 924 2291 quo-

251 2293 346 2331 libet
387 2293 502 2331 modo
543 2293 742 2344 negotium
787 2293 925 2332 transi-

251 2360 355 2397 gens,
381 2351 449 2386 aut
475 2347 665 2395 hemiolia,
691 2347 732 2385 id
755 2352 823 2395 est,
849 2361 925 2386 ses-

251 2401 374 2451 cupla,
397 2401 565 2452 exigens,
587 2402 649 2440 vel
677 2401 822 2453 aliquid
848 2402 926 2440 tale

251 2468 408 2505 prorsus
432 2455 654 2506 excogitans
677 2456 802 2507 turpis
829 2456 925 2494 lucri

251 2509 386 2559 gratia,
426 2509 627 2560 dejiciatur
668 2523 692 2548 a
732 2510 844 2558 clero,
887 2515 926 2550 et

251 2563 398 2602 alienus
422 2563 564 2602 existat
586 2577 609 2601 a
631 2564 774 2616 regula.

390 2648 588 2688 CANON
619 2649 777 2689 XVIII.

307 2720 487 2759 Pervenit
524 2721 573 2758 ad
609 2726 785 2760 sanctum
821 2734 927 2771 mag-

251 2787 421 2825 numque
469 2774 695 2823 Concilium,
738 2775 841 2826 quod
886 2775 927 2813 in

251 2828 480 2879 quibusdam
513 2829 605 2868 locis
639 2834 678 2868 et
707 2829 927 2869 civitatibus

982 2075 1219 2126 Presbyteris
1230 2075 1396 2126 gratiam
1412 2089 1540 2114 sacrae
1554 2089 1657 2114 com-

980 2130 1173 2168 munionis
1226 2130 1388 2168 Diaconi
1443 2130 1656 2182 porrigant,

979 2184 1083 2234 quod
1119 2197 1190 2222 nec
1225 2185 1357 2235 regula
1394 2197 1464 2223 nec
1500 2198 1658 2223 consue-

978 2238 1075 2276 tudo
1111 2237 1284 2286 tradidit,
1318 2243 1364 2277 ut
1400 2240 1450 2277 ab
1485 2239 1556 2286 his,
1590 2239 1658 2290 qui

978 2297 1212 2343 potestatem
1238 2306 1316 2332 non
1337 2292 1480 2332 habent
1499 2293 1658 2332 offeren-

980 2346 1031 2394 di,
1074 2346 1141 2394 illi,
1179 2347 1247 2397 qui
1292 2347 1468 2395 offerunt,
1513 2347 1659 2386 Christi

980 2413 1120 2451 corpus
1156 2401 1354 2452 accipiant.
1418 2401 1582 2439 Necnon
1619 2406 1660 2440 et

980 2454 1076 2492 illud
1089 2455 1269 2503 innotuit,
1283 2456 1386 2506 quod
1398 2455 1555 2506 quidam
1567 2455 1660 2494 Dia-

981 2508 1068 2547 coni
1100 2514 1190 2547 ante
1219 2509 1430 2560 Episcopos
1457 2523 1563 2548 sacra
1592 2510 1659 2548 ob-

981 2563 1060 2602 lata
1097 2563 1332 2614 contingant.
1393 2564 1502 2602 Haec
1538 2563 1659 2615 igitur

982 2616 1111 2654 omnia
1125 2622 1354 2665 resecentur,
1370 2623 1410 2657 et
1427 2618 1468 2655 in
1483 2630 1552 2656 sua
1566 2618 1658 2656 Dia-

982 2670 1068 2708 coni
1097 2684 1274 2709 mensura
1302 2676 1562 2723 permaneant,
1587 2672 1659 2711 sci-

982 2729 1100 2772 entes,
1132 2726 1236 2775 quod
1266 2726 1547 2777 Episcoporum
1576 2727 1661 2777 qui-

982 2778 1071 2817 dem
1089 2778 1256 2818 ministri
1276 2781 1364 2828 sint,
1379 2780 1578 2819 inferiores
1595 2794 1662 2819 au-

982 2837 1063 2871 tem
1079 2832 1316 2885 Presbyteris
1329 2835 1554 2874 habeantur.
1590 2835 1664 2873 Per
