1988 3216
637 193 1177 236 TERTULLIANUS.
1554 193 1612 235 99

205 302 360 340 clericos
384 302 577 339 Romanae
598 301 787 338 Ecclesiae
806 299 1066 350 Zephyrinum
1086 299 1229 350 Papam
1258 297 1500 349 potissimum
1528 303 1611 335 tan-

203 379 301 416 gere
325 366 584 416 Hieronymus
612 365 775 412 videtur,
798 365 888 403 licet
916 377 991 416 qua
1020 364 1175 402 demum
1208 376 1340 401 caussa
1369 361 1533 400 offensus
1562 361 1611 398 ab

204 446 253 470 eo*
286 445 406 483 usque
441 431 536 470 adeo
573 431 688 470 flierit
725 430 994 477 Tertullianus,
1033 443 1110 468 non
1149 434 1255 467 certo
1293 431 1452 466 constat.
1511 425 1612 463 Vide

183 547 187 550 ἢ
206 498 413 536 Baronium
439 498 488 536 ad
508 497 555 535 A.
578 497 620 536 C.
647 509 734 544 201,
757 497 788 547 ᾗ.
808 508 866 543 10,
888 500 926 534 et
945 495 1235 534 Tillemontium
1258 500 1350 532 tom.
1372 492 1424 530 iii.
1447 491 1607 529 Memor.

167 568 190 608 5
206 563 256 602 H.
279 563 333 601 EL-
351 577 387 614 p.
413 567 501 611 πε,
522 564 612 610 664.
633 575 709 613 seq.
769 561 1031 599 Marcianaeus
1059 560 1180 599 edidit
1201 575 1208 598 :
1247 558 1328 597 Hic
1354 570 1611 608 usqffoe-—per-

203 629 359 676 wumeit,
378 628 533 667 iwm'dv‘a
545 634 678 678 postea
695 628 759 665 &e
797 626 950 664 FABR.

258 693 276 722 ¹¹
305 694 422 733 Liber
439 693 665 734 Tertulliani
693 693 741 731 de
770 692 970 739 Pudicitia,
990 692 1038 730 de
1058 691 1167 743 Fuga
1194 692 1234 729 in
1264 689 1543 735 persecutione,
1563 688 1611 725 de

203 759 227 797 J
231 759 377 810 ejuniis,
407 764 448 798 et
474 758 720 811 Monogamia
747 762 919 804 exstant,
940 757 1011 795 sed*
1037 756 1234 808 perierunt
1266 755 1355 794 libri
1385 759 1533 806 septem
1561 753 1610 790 de

206 825 364 873 Ecstasi,
395 836 561 877 quorum
598 829 638 863 et
675 836 801 874 supra,
833 835 862 860 c:
889 835 937 870 24
958 827 997 860 et
1023 835 1086 870 40,
1126 819 1387 873 Hieronymus
1421 819 1605 858 meminit.

144 905 191 930 ιο
206 890 267 929 Ex
298 890 359 930 his
382 895 428 930 ut
449 890 636 942 septimus
661 888 815 941 proprie
839 889 1021 927 adversus
1041 886 1303 939 Apollonium,
1323 887 1371 926 de
1398 900 1475 938 quo
1503 899 1532 924 c.
1556 898 1608 932 40

204 955 351 995 dictum
373 959 442 1004 est,
468 955 524 995 ita
552 955 700 1007 priores
727 967 796 993 sex
820 953 1002 993 videntur
1025 953 1141 992 fuisse
1169 953 1301 1005 scripti
1329 952 1511 990 adversus
1540 951 1608 990 So-

202 1028 324 1062 terem
359 1019 591 1073 Episcopum
618 1022 774 1060 Romae.
840 1020 989 1060 Auctor
1026 1019 1315 1067 Praedestinati‚
1345 1018 1506 1057 Haeresi
1547 1020 1609 1066 26,

205 1090 214 1108 ‘
235 1087 398 1139 Scripsit
427 1093 560 1126 contra
587 1100 652 1126 eos
682 1083 971 1140 [Montanistas]
1002 1086 1143 1124 librum
1173 1091 1327 1124 sanctus
1365 1084 1479 1122 Soter
1507 1083 1611 1135 Papa

205 1155 213 1172 ‘
233 1151 349 1198 urbis,
369 1156 408 1190 et
427 1150 656 1202 Apollonius
677 1151 930 1202 Ephesiorum
949 1151 1119 1190 antistes.
1179 1151 1324 1189 Contra
1342 1163 1438 1200 quos
1457 1149 1610 1200 scripsit

143 1227 189 1265 15
205 1221 214 1238 ‘
233 1217 501 1264 Tertullianus,
518 1217 722 1267 Presbyter
734 1217 1070 1268 Carthaginiensis.
1130 1216 1205 1266 Qui
1226 1229 1345 1267 quum
1365 1215 1494 1254 omnia
1512 1215 1609 1253 bene

204 1288 213 1304 ‘
233 1286 272 1320 et
299 1281 421 1333 prime
449 1287 488 1320 et
516 1281 865 1332 incomparabiliter
892 1281 1097 1332 scripserit,
1117 1282 1157 1319 in
1176 1281 1248 1319 hoc
1267 1281 1390 1318 solum
1419 1293 1459 1318 se
1483 1293 1608 1330 repre-

202 1346 211 1362 ‘
232 1347 454 1386 hensibilem
474 1347 573 1394 fecit,
586 1347 688 1399 quod
704 1347 932 1385 Montanum
952 1347 1132 1393 defendit,
1146 1359 1263 1397 agens
1282 1352 1415 1384 contra
1434 1345 1608 1383 Soterem

203 1415 211 1432 ‘
230 1412 491 1463 supradictum
518 1411 623 1450 urbis
643 1411 808 1462 Papam.'
866 1411 1018 1450 Novam
1047 1425 1207 1462 operum
1227 1410 1453 1450 Tertulliani
1474 1410 1608 1449 editio-

201 1492 288 1516 nem
326 1484 413 1529 post
452 1478 560 1516 Beati
592 1477 776 1524 Rhenani‚
808 1477 965 1525 Cerdae,
996 1477 1166 1524 Pamelii,
1197 1476 1354 1527 Rigaltii
1394 1482 1433 1515 et
1471 1476 1608 1514 Priorii

139 1557 188 1583 20
201 1557 309 1584 curas
334 1545 374 1582 in
393 1544 519 1583 Gallia
546 1544 659 1583 hodie
687 1550 798 1596 parat
818 1544 1072 1595 Malinganus,
1093 1543 1185 1582 ord.
1210 1543 1449 1581 Benedictini
1478 1556 1608 1581 mona-

201 1609 318 1648 chus:
348 1616 387 1648 et
414 1610 454 1648 in
484 1610 598 1648 Italia
626 1615 848 1661 exspectare
871 1610 1010 1660 jubent
1029 1610 1102 1647 viri
1132 1609 1235 1648 docti
1265 1622 1312 1647 ex
1342 1608 1609 1647 emendatione

202 1676 316 1727 Gasp.
340 1676 508 1727 Scioppii
533 1689 620 1714 cum
646 1676 748 1714 notis
773 1675 963 1714 Guidonis
994 1675 1206 1713 Pancirolli.
1240 1674 1393 1712 FABR.
1455 1673 1609 1727 [Neque

201 1741 398 1790 Gallicam,
428 1755 550 1793 neque
582 1741 758 1780 Italicam
791 1741 999 1780 editionem
1027 1740 1252 1778 Tertulliani
1291 1739 1353 1777 hic
1381 1753 1404 1777 a
1434 1740 1609 1778 Fabricio

202 1812 545 1858 praemonstratam
563 1807 638 1846 huc
657 1820 776 1858 usque
796 1804 994 1859 vidimus]

138 1884 186 1923 25
255 1871 264 1900 i
296 1871 445 1926 [Alium
465 1873 714 1924 Apollonium
739 1878 854 1924 atque
876 1872 985 1910 illum
1008 1886 1123 1923 supra
1148 1876 1500 1918 commemoratum,
1521 1884 1609 1910 con-

200 1939 446 1978 fundentibus
465 1952 529 1977 eos
547 1938 648 1978 iuter
662 1951 701 1977 se
720 1938 922 1977 nonnullis.
964 1938 1040 1976 Hic
1055 1938 1157 1976 enim
1170 1937 1316 1975 Graeca
1335 1937 1465 1987 lingua
1477 1937 1609 1975 adver-

199 2017 264 2042 sus
283 2003 512 2042 Montanum
540 2003 692 2054 scripsit
716 2017 823 2054 opus,
843 2004 951 2054 cujus
970 2003 1184 2052 fragmenta
1212 2002 1399 2053 quaedam
1421 2001 1608 2040 Eusebius

200 2069 376 2115 servavit,
398 2069 448 2107 H.
465 2069 508 2106 E.
523 2082 557 2107 v.
578 2070 635 2107 18.
659 2069 718 2106 De
737 2082 782 2107 eo
801 2069 882 2119 agit
903 2068 1165 2118 Hieronymus
1182 2067 1223 2104 in
1243 2080 1322 2117 cap.
1340 2080 1402 2114 40,
1422 2067 1487 2105 ubi
1517 2067 1608 2106 haec

201 2134 339 2185 posuit,
367 2138 376 2155 ‘
396 2134 664 2182 Tertullianus,
684 2147 752 2172 sex
771 2134 1030 2172 voluminibus
1049 2134 1231 2171 adversus
1251 2133 1463 2171 Ecclesiam
1482 2133 1607 2180 editis,

136 2209 187 2245 30
202 2203 211 2220 ‘
230 2213 327 2251 quae
346 2199 497 2251 scripsit
515 2202 594 2248 περὶ
617 2201 822 2246 ἐκστάσεως,
842 2199 1049 2250 septimum
1076 2198 1230 2249 proprie
1249 2198 1430 2236 adversus
1450 2198 1608 2249 Apollo-

201 2269 210 2286 ‘
230 2265 338 2304 nium
363 2265 582 2313 elaboravit,
602 2265 641 2303 in
670 2278 747 2316 quo
770 2265 898 2303 omnia
921 2278 1017 2315 quae
1044 2264 1107 2302 ille
1135 2264 1274 2314 arguit,
1295 2269 1455 2302 conatur
1481 2264 1608 2302 defen-

201 2335 210 2351 ‘
230 2331 341 2370 dere.'
399 2331 458 2370 De
485 2331 606 2370 altero
632 2330 840 2382 Apollonio
870 2330 1064 2368 Romanae
1093 2330 1199 2367 urbis
1227 2335 1412 2376 senatore,
1442 2330 1506 2380 qui
1537 2343 1607 2380 pro

201 2396 356 2436 Christo
384 2410 516 2447 passus
549 2402 618 2444 est,
647 2397 713 2435 sed
741 2396 819 2447 qui,
850 2396 1055 2447 impetrata
1084 2395 1193 2434 venia
1222 2402 1266 2434 ut
1300 2396 1488 2434 rationem
1519 2395 1606 2433 fidei

200 2475 290 2500 suae
308 2462 495 2509 redderet,
509 2462 726 2513 apologiam
745 2461 971 2512 composuit,
991 2461 1066 2499 alio
1086 2461 1221 2511 capite,
1237 2474 1374 2511 nempe
1388 2473 1451 2508 42,
1469 2460 1607 2499 Hiero-

136 2530 186 2568 35
201 2541 338 2578 nymus
356 2524 527 2579 tractat]

254 2593 270 2621 Β
301 2592 503 2632 Contrario
531 2605 654 2638 sensu,
674 2591 772 2630 forte
797 2596 836 2630 et
861 2591 1019 2638 veriore,
1039 2591 1134 2641 legit
1154 2590 1246 2629 Cod.
1270 2590 1489 2638 Vaticanus,
1509 2604 1607 2641 quae

200 2672 305 2697 nunc
332 2664 491 2704 exstant,
520 2671 590 2708 pro
618 2670 699 2695 non
726 2663 884 2695 ecc-stant.
943 2656 996 2695 Et
1028 2656 1168 2694 librum
1197 2656 1353 2707 quidem
1384 2657 1431 2694 de
1460 2655 1602 2695 Aaron.

201 2723 381 2762 Vestibus
408 2723 679 2774 Hieronymus,
700 2722 771 2772 Ep.
796 2723 858 2769 64,
879 2722 926 2759 ad
947 2722 1155 2768 Fabiolam,
1177 2722 1223 2760 de
1243 2721 1349 2760 Vest.
1380 2722 1544 2768 Sacerd„
1565 2722 1604 2760 in

200 2788 286 2834 fine,
315 2789 455 2827 frustra
483 2787 671 2839 quaesisse
704 2801 744 2825 se
775 2787 868 2825 dicit
887 2801 898 2834 3
930 2787 996 2825 sed
1023 2787 1096 2824 alia
1125 2792 1215 2825 sunt
1245 2787 1470 2825 Tertulliani
1499 2787 1605 2825 volu-

1007 2891 1084 2932 ΗΞ
