<?xml version="1.0" encoding="UTF-8"?>
<!DOCTYPE html PUBLIC "-//W3C//DTD XHTML 1.0 Transitional//EN"
    "http://www.w3.org/TR/xhtml1/DTD/xhtml1-transitional.dtd">
<html xmlns="http://www.w3.org/1999/xhtml" xml:lang="en" lang="en">
 <head>
  <title>
</title>
<meta http-equiv="Content-Type" content="text/html;charset=utf-8" />
  <meta name='ocr-system' content='tesseract 3.04.00' />
  <meta name='ocr-capabilities' content='ocr_page ocr_carea ocr_par ocr_line ocrx_word'/>
</head>
<body>
  <div class='ocr_page' id='page_1' title='image "./scriptorumeccles01rout_0372.png"; bbox 0 0 2034 3204; ppageno 0'>
   <div class='ocr_carea' id='block_1_1' title="bbox 1068 590 1130 627">
    <p class='ocr_par' dir='ltr' id='par_1_1' title="bbox 1068 590 1130 627">
     <span class='ocr_line' id='line_1_1' title="bbox 1068 590 1130 627; baseline 0 0"><span class='ocrx_word' id='word_1_1' title='bbox 1068 590 1130 627; x_wconf 88' lang='lat' dir='ltr'><strong>IN</strong></span> 
     </span>
    </p>
   </div>
   <div class='ocr_carea' id='block_1_2' title="bbox 766 713 1438 777">
    <p class='ocr_par' dir='ltr' id='par_1_2' title="bbox 766 713 1438 777">
     <span class='ocr_line' id='line_1_2' title="bbox 766 713 1438 777; baseline 0.003 -2"><span class='ocrx_word' id='word_1_2' title='bbox 766 715 824 775; x_wconf 75' lang='lat' dir='ltr'><strong>S.</strong></span> <span class='ocrx_word' id='word_1_3' title='bbox 872 713 1438 777; x_wconf 85' lang='lat' dir='ltr'><strong>CYPRIANI</strong></span> 
     </span>
    </p>
   </div>
   <div class='ocr_carea' id='block_1_3' title="bbox 1004 868 1191 896">
    <p class='ocr_par' dir='ltr' id='par_1_3' title="bbox 1004 868 1191 896">
     <span class='ocr_line' id='line_1_3' title="bbox 1004 868 1191 896; baseline 0 -1"><span class='ocrx_word' id='word_1_4' title='bbox 1004 868 1191 896; x_wconf 74' lang='lat' dir='ltr'>LIBRUM</span> 
     </span>
    </p>
   </div>
   <div class='ocr_carea' id='block_1_4' title="bbox 690 993 1503 1190">
    <p class='ocr_par' dir='ltr' id='par_1_4' title="bbox 690 993 1503 1190">
     <span class='ocr_line' id='line_1_4' title="bbox 690 993 1503 1042; baseline 0.001 -1"><span class='ocrx_word' id='word_1_5' title='bbox 690 993 789 1042; x_wconf 93' lang='lat' dir='ltr'><strong>DE</strong></span> <span class='ocrx_word' id='word_1_6' title='bbox 836 994 1037 1042; x_wconf 93' lang='lat' dir='ltr'>ZELO</span> <span class='ocrx_word' id='word_1_7' title='bbox 1086 994 1171 1042; x_wconf 94' lang='lat' dir='ltr'><strong>ET</strong></span> <span class='ocrx_word' id='word_1_8' title='bbox 1212 993 1503 1042; x_wconf 87' lang='lat' dir='ltr'><strong>LIVORE</strong></span> 
     </span>
     <span class='ocr_line' id='line_1_5' title="bbox 779 1136 1415 1190; baseline -0.002 -1"><span class='ocrx_word' id='word_1_9' title='bbox 779 1136 1415 1190; x_wconf 89' lang='lat' dir='ltr'><strong>ANNOTATIONES.</strong></span> 
     </span>
    </p>
   </div>
   <div class='ocr_carea' id='block_1_5' title="bbox 394 1402 1866 2902">
    <p class='ocr_par' dir='ltr' id='par_1_5' title="bbox 395 1402 1866 2154">
     <span class='ocr_line' id='line_1_6' title="bbox 456 1402 1802 1464; baseline 0.003 -19"><span class='ocrx_word' id='word_1_10' title='bbox 456 1402 503 1446; x_wconf 91' lang='lat' dir='ltr'><strong>P.</strong></span> <span class='ocrx_word' id='word_1_11' title='bbox 524 1405 623 1460; x_wconf 81' lang='lat'><strong>316.</strong></span> <span class='ocrx_word' id='word_1_12' title='bbox 646 1405 672 1447; x_wconf 94' lang='lat' dir='ltr'><strong>l.</strong></span> <span class='ocrx_word' id='word_1_13' title='bbox 698 1417 735 1447; x_wconf 91' lang='lat'><strong>2.</strong></span> <span class='ocrx_word' id='word_1_14' title='bbox 765 1405 900 1448; x_wconf 61' lang='lat' dir='ltr'><strong>Limia</strong></span> <span class='ocrx_word' id='word_1_15' title='bbox 926 1419 981 1447; x_wconf 69' lang='lat' dir='ltr'><strong>mi</strong></span> <span class='ocrx_word' id='word_1_16' title='bbox 1003 1405 1117 1448; x_wconf 68' lang='lat' dir='ltr'><strong>Znno</strong></span> <span class='ocrx_word' id='word_1_17' title='bbox 1143 1419 1196 1447; x_wconf 75' lang='lat' dir='ltr'><strong>m</strong></span> <span class='ocrx_word' id='word_1_18' title='bbox 1217 1405 1398 1462; x_wconf 73' lang='lat' dir='ltr'><strong>Lwonn]</strong></span> <span class='ocrx_word' id='word_1_19' title='bbox 1430 1405 1557 1449; x_wconf 85' lang='lat' dir='ltr'><strong>Liber</strong></span> <span class='ocrx_word' id='word_1_20' title='bbox 1582 1406 1673 1456; x_wconf 89' lang='lat' dir='ltr'><strong>iste,</strong></span> <span class='ocrx_word' id='word_1_21' title='bbox 1695 1407 1802 1464; x_wconf 80' lang='lat' dir='ltr'><strong>ejus·-</strong></span> 
     </span>
     <span class='ocr_line' id='line_1_7' title="bbox 397 1461 1802 1520; baseline 0.002 -17"><span class='ocrx_word' id='word_1_22' title='bbox 397 1461 493 1503; x_wconf 90' lang='lat' dir='ltr'><strong>dem</strong></span> <span class='ocrx_word' id='word_1_23' title='bbox 521 1462 611 1504; x_wconf 82' lang='lat' dir='ltr'><strong>fere</strong></span> <span class='ocrx_word' id='word_1_24' title='bbox 639 1463 875 1520; x_wconf 88' lang='lat' dir='ltr'><strong>argumenti</strong></span> <span class='ocrx_word' id='word_1_25' title='bbox 905 1477 997 1505; x_wconf 87' lang='lat' dir='ltr'><strong>cum</strong></span> <span class='ocrx_word' id='word_1_26' title='bbox 1025 1463 1094 1506; x_wconf 92' lang='lat' dir='ltr'><strong>lib.</strong></span> <span class='ocrx_word' id='word_1_27' title='bbox 1117 1463 1170 1506; x_wconf 89' lang='lat' dir='ltr'><strong>de</strong></span> <span class='ocrx_word' id='word_1_28' title='bbox 1191 1463 1408 1513; x_wconf 80' lang='lat' dir='ltr'><strong>Patientia,</strong></span> <span class='ocrx_word' id='word_1_29' title='bbox 1434 1478 1487 1506; x_wconf 85' lang='lat' dir='ltr'><strong>ex</strong></span> <span class='ocrx_word' id='word_1_30' title='bbox 1515 1464 1660 1506; x_wconf 89' lang='lat' dir='ltr'><strong>eadem</strong></span> <span class='ocrx_word' id='word_1_31' title='bbox 1687 1479 1802 1507; x_wconf 88' lang='lat' dir='ltr'><strong>occa-</strong></span> 
     </span>
     <span class='ocr_line' id='line_1_8' title="bbox 396 1518 1802 1578; baseline 0.003 -18"><span class='ocrx_word' id='word_1_32' title='bbox 396 1518 511 1561; x_wconf 86' lang='lat' dir='ltr'><strong>sione</strong></span> <span class='ocrx_word' id='word_1_33' title='bbox 549 1519 674 1562; x_wconf 87' lang='lat' dir='ltr'><strong>etiam</strong></span> <span class='ocrx_word' id='word_1_34' title='bbox 707 1520 891 1578; x_wconf 54' lang='lat' dir='ltr'><strong>*scriptus</strong></span> <span class='ocrx_word' id='word_1_35' title='bbox 925 1520 1103 1563; x_wconf 85' lang='lat' dir='ltr'><strong>videtur.</strong></span> <span class='ocrx_word' id='word_1_36' title='bbox 1169 1521 1253 1564; x_wconf 86' lang='lat' dir='ltr'><strong>Sed</strong></span> <span class='ocrx_word' id='word_1_37' title='bbox 1287 1535 1414 1577; x_wconf 88' lang='lat' dir='ltr'><strong>quum</strong></span> <span class='ocrx_word' id='word_1_38' title='bbox 1453 1520 1497 1562; x_wconf 92' lang='lat' dir='ltr'><strong>in</strong></span> <span class='ocrx_word' id='word_1_39' title='bbox 1536 1521 1710 1578; x_wconf 88' lang='lat' dir='ltr'><strong>epistola</strong></span> <span class='ocrx_word' id='word_1_40' title='bbox 1746 1522 1802 1564; x_wconf 86' lang='lat' dir='ltr'><strong>ad</strong></span> 
     </span>
     <span class='ocr_line' id='line_1_9' title="bbox 396 1576 1801 1636; baseline 0.001 -17"><span class='ocrx_word' id='word_1_41' title='bbox 396 1576 650 1619; x_wconf 86' lang='lat' dir='ltr'><strong>Jubaianum</strong></span> <span class='ocrx_word' id='word_1_42' title='bbox 689 1583 893 1621; x_wconf 88' lang='lat' dir='ltr'><strong>tractatus</strong></span> <span class='ocrx_word' id='word_1_43' title='bbox 932 1578 984 1620; x_wconf 91' lang='lat' dir='ltr'><strong>de</strong></span> <span class='ocrx_word' id='word_1_44' title='bbox 1024 1578 1242 1628; x_wconf 81' lang='lat' dir='ltr'><strong>Patientia,</strong></span> <span class='ocrx_word' id='word_1_45' title='bbox 1283 1593 1366 1620; x_wconf 89' lang='lat' dir='ltr'><strong>non</strong></span> <span class='ocrx_word' id='word_1_46' title='bbox 1403 1584 1543 1621; x_wconf 89' lang='lat' dir='ltr'><strong>autem</strong></span> <span class='ocrx_word' id='word_1_47' title='bbox 1587 1579 1709 1636; x_wconf 85' lang='lat' dir='ltr'><strong>hujus</strong></span> <span class='ocrx_word' id='word_1_48' title='bbox 1748 1579 1801 1622; x_wconf 93' lang='lat' dir='ltr'><strong>de</strong></span> 
     </span>
     <span class='ocr_line' id='line_1_10' title="bbox 397 1634 1866 1693; baseline 0.001 -16"><span class='ocrx_word' id='word_1_49' title='bbox 397 1634 497 1676; x_wconf 85' lang='lat' dir='ltr'><strong>zelo</strong></span> <span class='ocrx_word' id='word_1_50' title='bbox 540 1640 584 1678; x_wconf 87' lang='lat' dir='ltr'><strong>et</strong></span> <span class='ocrx_word' id='word_1_51' title='bbox 623 1634 787 1687; x_wconf 88' lang='lat' dir='ltr'><strong>Livore‚</strong></span> <span class='ocrx_word' id='word_1_52' title='bbox 826 1635 1059 1678; x_wconf 90' lang='lat' dir='ltr'><strong>meminerit</strong></span> <span class='ocrx_word' id='word_1_53' title='bbox 1100 1636 1346 1693; x_wconf 78' lang='lat' dir='ltr'><strong>Cyprianus,</strong></span> <span class='ocrx_word' id='word_1_54' title='bbox 1387 1650 1464 1692; x_wconf 90' lang='lat' dir='ltr'><strong>par</strong></span> <span class='ocrx_word' id='word_1_55' title='bbox 1506 1642 1570 1678; x_wconf 91' lang='lat' dir='ltr'><strong>est</strong></span> <span class='ocrx_word' id='word_1_56' title='bbox 1614 1637 1798 1687; x_wconf 88' lang='lat' dir='ltr'><strong>credere,</strong></span> <span class='ocrx_word' id='word_1_57' title='bbox 1817 1652 1866 1678; x_wconf 84' lang='lat'><strong>10</strong></span> 
     </span>
     <span class='ocr_line' id='line_1_11' title="bbox 397 1692 1801 1750; baseline 0.001 -15"><span class='ocrx_word' id='word_1_58' title='bbox 397 1697 586 1748; x_wconf 88' lang='lat' dir='ltr'><strong>tempore</strong></span> <span class='ocrx_word' id='word_1_59' title='bbox 612 1692 845 1749; x_wconf 80' lang='lat' dir='ltr'><strong>scriptionis</strong></span> <span class='ocrx_word' id='word_1_60' title='bbox 871 1692 988 1736; x_wconf 87' lang='lat' dir='ltr'><strong>istius</strong></span> <span class='ocrx_word' id='word_1_61' title='bbox 1014 1693 1223 1750; x_wconf 86' lang='lat' dir='ltr'><strong>epistolae,</strong></span> <span class='ocrx_word' id='word_1_62' title='bbox 1243 1693 1422 1736; x_wconf 87' lang='lat' dir='ltr'><strong>alterum</strong></span> <span class='ocrx_word' id='word_1_63' title='bbox 1446 1693 1621 1736; x_wconf 92' lang='lat' dir='ltr'><strong>duorum</strong></span> <span class='ocrx_word' id='word_1_64' title='bbox 1647 1700 1801 1737; x_wconf 86' lang='lat' dir='ltr'><strong>tracta-</strong></span> 
     </span>
     <span class='ocr_line' id='line_1_12' title="bbox 397 1749 1801 1794; baseline 0.001 -2"><span class='ocrx_word' id='word_1_65' title='bbox 397 1755 515 1792; x_wconf 91' lang='lat' dir='ltr'><strong>tuum</strong></span> <span class='ocrx_word' id='word_1_66' title='bbox 553 1749 806 1793; x_wconf 79' lang='lat' dir='ltr'>solummodo</span> <span class='ocrx_word' id='word_1_67' title='bbox 844 1749 970 1793; x_wconf 87' lang='lat' dir='ltr'><strong>fuisse</strong></span> <span class='ocrx_word' id='word_1_68' title='bbox 1004 1750 1303 1794; x_wconf 89' lang='lat' dir='ltr'><strong>elucubratum.</strong></span> <span class='ocrx_word' id='word_1_69' title='bbox 1370 1750 1551 1794; x_wconf 89' lang='lat' dir='ltr'><strong>Pr0inde</strong></span> <span class='ocrx_word' id='word_1_70' title='bbox 1589 1757 1801 1794; x_wconf 82' lang='lat' dir='ltr'><strong>auctorem</strong></span> 
     </span>
     <span class='ocr_line' id='line_1_13' title="bbox 396 1807 1801 1866; baseline 0.001 -16"><span class='ocrx_word' id='word_1_71' title='bbox 396 1813 584 1850; x_wconf 88' lang='lat' dir='ltr'><strong>nostrum</strong></span> <span class='ocrx_word' id='word_1_72' title='bbox 615 1807 725 1850; x_wconf 89' lang='lat' dir='ltr'><strong>hunc</strong></span> <span class='ocrx_word' id='word_1_73' title='bbox 754 1822 837 1850; x_wconf 89' lang='lat' dir='ltr'><strong>non</strong></span> <span class='ocrx_word' id='word_1_74' title='bbox 866 1814 963 1851; x_wconf 89' lang='lat' dir='ltr'><strong>ante</strong></span> <span class='ocrx_word' id='word_1_75' title='bbox 994 1822 1147 1851; x_wconf 89' lang='lat' dir='ltr'><strong>annum</strong></span> <span class='ocrx_word' id='word_1_76' title='bbox 1181 1808 1369 1866; x_wconf 87' lang='lat' dir='ltr'><strong>proxime</strong></span> <span class='ocrx_word' id='word_1_77' title='bbox 1398 1814 1652 1865; x_wconf 80' lang='lat' dir='ltr'><strong>sequentem,</strong></span> <span class='ocrx_word' id='word_1_78' title='bbox 1684 1808 1801 1851; x_wconf 91' lang='lat' dir='ltr'><strong>nimi-</strong></span> 
     </span>
     <span class='ocr_line' id='line_1_14' title="bbox 396 1864 1801 1923; baseline 0.001 -16"><span class='ocrx_word' id='word_1_79' title='bbox 396 1879 490 1907; x_wconf 86' lang='lat' dir='ltr'><strong>rum</strong></span> <span class='ocrx_word' id='word_1_80' title='bbox 512 1866 608 1920; x_wconf 83' lang='lat'><strong>256,</strong></span> <span class='ocrx_word' id='word_1_81' title='bbox 629 1864 817 1908; x_wconf 81' lang='lat' dir='ltr'><strong>edidisse.</strong></span> <span class='ocrx_word' id='word_1_82' title='bbox 879 1865 1066 1909; x_wconf 86' lang='lat' dir='ltr'><strong>Ulterius</strong></span> <span class='ocrx_word' id='word_1_83' title='bbox 1084 1872 1223 1908; x_wconf 88' lang='lat' dir='ltr'><strong>autem</strong></span> <span class='ocrx_word' id='word_1_84' title='bbox 1250 1865 1352 1908; x_wconf 92' lang='lat' dir='ltr'><strong>illud</strong></span> <span class='ocrx_word' id='word_1_85' title='bbox 1378 1880 1481 1923; x_wconf 89' lang='lat' dir='ltr'><strong>opus</strong></span> <span class='ocrx_word' id='word_1_86' title='bbox 1506 1866 1672 1909; x_wconf 91' lang='lat' dir='ltr'><strong>minime</strong></span> <span class='ocrx_word' id='word_1_87' title='bbox 1699 1866 1801 1910; x_wconf 85' lang='lat' dir='ltr'><strong>dila-</strong></span> 
     </span>
     <span class='ocr_line' id='line_1_15' title="bbox 397 1922 1864 1981; baseline 0.002 -16"><span class='ocrx_word' id='word_1_88' title='bbox 397 1928 499 1972; x_wconf 88' lang='lat' dir='ltr'><strong>tum,</strong></span> <span class='ocrx_word' id='word_1_89' title='bbox 535 1922 686 1965; x_wconf 84' lang='lat' dir='ltr'><strong>exinde</strong></span> <span class='ocrx_word' id='word_1_90' title='bbox 724 1923 936 1973; x_wconf 83' lang='lat' dir='ltr'><strong>suadetur,</strong></span> <span class='ocrx_word' id='word_1_91' title='bbox 977 1923 1089 1980; x_wconf 90' lang='lat' dir='ltr'><strong>quod</strong></span> <span class='ocrx_word' id='word_1_92' title='bbox 1123 1923 1262 1966; x_wconf 90' lang='lat' dir='ltr'><strong>statim</strong></span> <span class='ocrx_word' id='word_1_93' title='bbox 1303 1923 1533 1981; x_wconf 85' lang='lat' dir='ltr'><strong>persecutio</strong></span> <span class='ocrx_word' id='word_1_94' title='bbox 1571 1923 1798 1981; x_wconf 85' lang='lat' dir='ltr'><strong>ingrueret,</strong></span> <span class='ocrx_word' id='word_1_95' title='bbox 1818 1942 1864 1980; x_wconf 89' lang='lat'><strong>15</strong></span> 
     </span>
     <span class='ocr_line' id='line_1_16' title="bbox 397 1980 1800 2038; baseline 0.001 -15"><span class='ocrx_word' id='word_1_96' title='bbox 397 1994 505 2037; x_wconf 90' lang='lat' dir='ltr'><strong>quae</strong></span> <span class='ocrx_word' id='word_1_97' title='bbox 524 1980 688 2038; x_wconf 90' lang='lat' dir='ltr'><strong>publica</strong></span> <span class='ocrx_word' id='word_1_98' title='bbox 703 1981 819 2024; x_wconf 89' lang='lat' dir='ltr'><strong>clade</strong></span> <span class='ocrx_word' id='word_1_99' title='bbox 839 1980 1022 2038; x_wconf 88' lang='lat' dir='ltr'><strong>privatas</strong></span> <span class='ocrx_word' id='word_1_100' title='bbox 1037 1981 1277 2031; x_wconf 85' lang='lat' dir='ltr'><strong>simultates,</strong></span> <span class='ocrx_word' id='word_1_101' title='bbox 1291 1981 1635 2038; x_wconf 82' lang='lat' dir='ltr'><strong>quemadmodum</strong></span> <span class='ocrx_word' id='word_1_102' title='bbox 1655 1981 1800 2025; x_wconf 88' lang='lat' dir='ltr'><strong>ruinae</strong></span> 
     </span>
     <span class='ocr_line' id='line_1_17' title="bbox 396 2037 1799 2097; baseline 0.001 -17"><span class='ocrx_word' id='word_1_103' title='bbox 396 2037 531 2080; x_wconf 83' lang='lat' dir='ltr'><strong>solent</strong></span> <span class='ocrx_word' id='word_1_104' title='bbox 569 2038 773 2090; x_wconf 86' lang='lat' dir='ltr'><strong>incendia,</strong></span> <span class='ocrx_word' id='word_1_105' title='bbox 808 2038 1117 2097; x_wconf 83' lang='lat' dir='ltr'><strong>exstingueret3</strong></span> <span class='ocrx_word' id='word_1_106' title='bbox 1155 2053 1343 2096; x_wconf 88' lang='lat' dir='ltr'><strong>quaeque</strong></span> <span class='ocrx_word' id='word_1_107' title='bbox 1383 2038 1507 2082; x_wconf 90' lang='lat' dir='ltr'><strong>etiam</strong></span> <span class='ocrx_word' id='word_1_108' title='bbox 1544 2039 1799 2096; x_wconf 81' lang='lat' dir='ltr'><strong>Cyprianum</strong></span> 
     </span>
     <span class='ocr_line' id='line_1_18' title="bbox 395 2095 1800 2154; baseline 0.001 -16"><span class='ocrx_word' id='word_1_109' title='bbox 395 2095 410 2138; x_wconf 88' lang='lat' dir='ltr'><strong>i</strong></span> <span class='ocrx_word' id='word_1_110' title='bbox 461 2110 530 2138; x_wconf 92' lang='lat' dir='ltr'><strong>um</strong></span> <span class='ocrx_word' id='word_1_111' title='bbox 571 2096 759 2154; x_wconf 88' lang='lat' dir='ltr'><strong>perculit,</strong></span> <span class='ocrx_word' id='word_1_112' title='bbox 800 2102 844 2139; x_wconf 92' lang='lat' dir='ltr'><strong>et</strong></span> <span class='ocrx_word' id='word_1_113' title='bbox 883 2095 1072 2140; x_wconf 85' lang='lat' dir='ltr'><strong>Ourubas</strong></span> <span class='ocrx_word' id='word_1_114' title='bbox 1115 2096 1364 2139; x_wconf 79' lang='lat' dir='ltr'><strong>amandavit.</strong></span> <span class='ocrx_word' id='word_1_115' title='bbox 1445 2096 1647 2139; x_wconf 90' lang='lat' dir='ltr'><strong>Libellum</strong></span> <span class='ocrx_word' id='word_1_116' title='bbox 1690 2097 1800 2140; x_wconf 87' lang='lat' dir='ltr'><strong>huno</strong></span> 
     </span>
    </p>

    <p class='ocr_par' dir='ltr' id='par_1_6' title="bbox 395 2153 1863 2451">
     <span class='ocr_line' id='line_1_19' title="bbox 433 2153 1799 2220; baseline 0.001 -24"><span class='ocrx_word' id='word_1_117' title='bbox 433 2153 570 2197; x_wconf 88' lang='lat' dir='ltr'><strong>ontius</strong></span> <span class='ocrx_word' id='word_1_118' title='bbox 601 2153 814 2197; x_wconf 82' lang='lat' dir='ltr'><strong>evidenter</strong></span> <span class='ocrx_word' id='word_1_119' title='bbox 845 2153 1048 2220; x_wconf 78' lang='lat' dir='ltr'><strong>designat,</strong></span> <span class='ocrx_word' id='word_1_120' title='bbox 1077 2154 1242 2211; x_wconf 90' lang='lat' dir='ltr'><strong>quando</strong></span> <span class='ocrx_word' id='word_1_121' title='bbox 1271 2154 1354 2197; x_wconf 88' lang='lat' dir='ltr'><strong>ait:</strong></span> <span class='ocrx_word' id='word_1_122' title='bbox 1387 2161 1397 2177; x_wconf 88' lang='lat'>‘</span> <span class='ocrx_word' id='word_1_123' title='bbox 1414 2154 1517 2205; x_wconf 84' lang='lat' dir='ltr'><strong>Quis</strong></span> <span class='ocrx_word' id='word_1_124' title='bbox 1546 2154 1716 2197; x_wconf 83' lang='lat' dir='ltr'><strong>livorem</strong></span> <span class='ocrx_word' id='word_1_125' title='bbox 1746 2155 1799 2198; x_wconf 91' lang='lat' dir='ltr'><strong>de</strong></span> 
     </span>
     <span class='ocr_line' id='line_1_20' title="bbox 396 2211 1863 2264; baseline 0.001 -10"><span class='ocrx_word' id='word_1_126' title='bbox 396 2217 407 2234; x_wconf 78' lang='lat'>¹</span> <span class='ocrx_word' id='word_1_127' title='bbox 425 2217 629 2254; x_wconf 87' lang='lat' dir='ltr'><strong>venenata</strong></span> <span class='ocrx_word' id='word_1_128' title='bbox 646 2211 825 2255; x_wconf 87' lang='lat' dir='ltr'><strong>invidiae</strong></span> <span class='ocrx_word' id='word_1_129' title='bbox 847 2211 942 2254; x_wconf 88' lang='lat' dir='ltr'><strong>mah</strong></span> <span class='ocrx_word' id='word_1_130' title='bbox 1003 2211 1104 2255; x_wconf 91' lang='lat' dir='ltr'><strong>itate</strong></span> <span class='ocrx_word' id='word_1_131' title='bbox 1124 2211 1369 2264; x_wconf 85' lang='lat' dir='ltr'><strong>venientem,</strong></span> <span class='ocrx_word' id='word_1_132' title='bbox 1391 2211 1607 2254; x_wconf 87' lang='lat' dir='ltr'><strong>dulcedine</strong></span> <span class='ocrx_word' id='word_1_133' title='bbox 1628 2212 1799 2255; x_wconf 88' lang='lat' dir='ltr'><strong>remedii</strong></span> <span class='ocrx_word' id='word_1_134' title='bbox 1814 2228 1863 2255; x_wconf 84' lang='lat'><strong>20</strong></span> 
     </span>
     <span class='ocr_line' id='line_1_21' title="bbox 398 2268 1798 2327; baseline 0 -16"><span class='ocrx_word' id='word_1_135' title='bbox 398 2275 408 2292; x_wconf 82' lang='lat'>¹</span> <span class='ocrx_word' id='word_1_136' title='bbox 425 2268 617 2312; x_wconf 84' lang='lat' dir='ltr'><strong>salutaris</strong></span> <span class='ocrx_word' id='word_1_137' title='bbox 651 2268 859 2312; x_wconf 88' lang='lat' dir='ltr'><strong>inhiberet</strong></span> <span class='ocrx_word' id='word_1_138' title='bbox 871 2268 898 2312; x_wconf 70' lang='lat'><strong>2’</strong></span> <span class='ocrx_word' id='word_1_139' title='bbox 990 2269 1155 2327; x_wconf 90' lang='lat' dir='ltr'><strong>jusdem</strong></span> <span class='ocrx_word' id='word_1_140' title='bbox 1190 2269 1375 2312; x_wconf 88' lang='lat' dir='ltr'><strong>meminit</strong></span> <span class='ocrx_word' id='word_1_141' title='bbox 1405 2269 1578 2312; x_wconf 90' lang='lat' dir='ltr'><strong>Hieron.</strong></span> <span class='ocrx_word' id='word_1_142' title='bbox 1606 2269 1647 2311; x_wconf 91' lang='lat' dir='ltr'><strong>in</strong></span> <span class='ocrx_word' id='word_1_143' title='bbox 1678 2269 1798 2313; x_wconf 83' lang='lat' dir='ltr'><strong>Com-</strong></span> 
     </span>
     <span class='ocr_line' id='line_1_22' title="bbox 396 2326 1798 2384; baseline 0.001 -15"><span class='ocrx_word' id='word_1_144' title='bbox 396 2332 522 2370; x_wconf 87' lang='lat' dir='ltr'><strong>ment.</strong></span> <span class='ocrx_word' id='word_1_145' title='bbox 544 2326 587 2369; x_wconf 90' lang='lat' dir='ltr'><strong>in</strong></span> <span class='ocrx_word' id='word_1_146' title='bbox 614 2326 746 2384; x_wconf 86' lang='lat' dir='ltr'><strong>Epist.</strong></span> <span class='ocrx_word' id='word_1_147' title='bbox 767 2326 822 2369; x_wconf 90' lang='lat' dir='ltr'><strong>ad</strong></span> <span class='ocrx_word' id='word_1_148' title='bbox 849 2326 985 2370; x_wconf 84' lang='lat' dir='ltr'><strong>Galat.</strong></span> <span class='ocrx_word' id='word_1_149' title='bbox 1007 2342 1040 2370; x_wconf 89' lang='lat' dir='ltr'><strong>c.</strong></span> <span class='ocrx_word' id='word_1_150' title='bbox 1062 2340 1105 2384; x_wconf 84' lang='lat'><strong>5,</strong></span> <span class='ocrx_word' id='word_1_151' title='bbox 1127 2326 1197 2370; x_wconf 89' lang='lat' dir='ltr'><strong>ubi</strong></span> <span class='ocrx_word' id='word_1_152' title='bbox 1227 2326 1411 2384; x_wconf 88' lang='lat' dir='ltr'><strong>appellat</strong></span> <span class='ocrx_word' id='word_1_153' title='bbox 1439 2326 1587 2370; x_wconf 85' lang='lat' dir='ltr'><strong>librum</strong></span> <span class='ocrx_word' id='word_1_154' title='bbox 1616 2327 1668 2370; x_wconf 86' lang='lat' dir='ltr'><strong>de</strong></span> <span class='ocrx_word' id='word_1_155' title='bbox 1700 2327 1798 2370; x_wconf 86' lang='lat' dir='ltr'><strong>cho</strong></span> 
     </span>
     <span class='ocr_line' id='line_1_23' title="bbox 395 2383 1798 2451; baseline 0.001 -24"><span class='ocrx_word' id='word_1_156' title='bbox 395 2388 441 2428; x_wconf 82' lang='lat' dir='ltr'><strong>et</strong></span> <span class='ocrx_word' id='word_1_157' title='bbox 461 2383 611 2428; x_wconf 84' lang='lat' dir='ltr'><strong>Livore</strong></span> <span class='ocrx_word' id='word_1_158' title='bbox 631 2390 643 2408; x_wconf 85' lang='lat'>‘</span> <span class='ocrx_word' id='word_1_159' title='bbox 656 2384 752 2428; x_wconf 84' lang='lat' dir='ltr'><strong>vald</strong></span> <span class='ocrx_word' id='word_1_160' title='bbox 771 2383 1021 2442; x_wconf 87' lang='lat' dir='ltr'><strong>eoptimum‚&#39;</strong></span> <span class='ocrx_word' id='word_1_161' title='bbox 1042 2384 1119 2427; x_wconf 88' lang='lat' dir='ltr'><strong>hoo</strong></span> <span class='ocrx_word' id='word_1_162' title='bbox 1145 2383 1288 2428; x_wconf 89' lang='lat' dir='ltr'><strong>addito</strong></span> <span class='ocrx_word' id='word_1_163' title='bbox 1308 2383 1454 2442; x_wconf 84' lang='lat' dir='ltr'><strong>elogio,</strong></span> <span class='ocrx_word' id='word_1_164' title='bbox 1476 2388 1625 2451; x_wconf 77' lang='lat' dir='ltr'><strong>‘quam</strong></span> <span class='ocrx_word' id='word_1_165' title='bbox 1646 2384 1717 2441; x_wconf 91' lang='lat' dir='ltr'><strong>qui</strong></span> <span class='ocrx_word' id='word_1_166' title='bbox 1740 2384 1798 2428; x_wconf 87' lang='lat' dir='ltr'><strong>le-</strong></span> 
     </span>
    </p>

    <p class='ocr_par' dir='ltr' id='par_1_7' title="bbox 394 2441 1861 2902">
     <span class='ocr_line' id='line_1_24' title="bbox 397 2441 1797 2500; baseline 0 -15"><span class='ocrx_word' id='word_1_167' title='bbox 397 2448 407 2466; x_wconf 85' lang='lat'>‘</span> <span class='ocrx_word' id='word_1_168' title='bbox 425 2441 548 2500; x_wconf 81' lang='lat' dir='ltr'><strong>gerit,</strong></span> <span class='ocrx_word' id='word_1_169' title='bbox 569 2456 651 2485; x_wconf 89' lang='lat' dir='ltr'><strong>non</strong></span> <span class='ocrx_word' id='word_1_170' title='bbox 671 2441 877 2485; x_wconf 86' lang='lat' dir='ltr'><strong>dubitabit</strong></span> <span class='ocrx_word' id='word_1_171' title='bbox 901 2456 1177 2485; x_wconf 84' lang='lat' dir='ltr'><strong>annumerare</strong></span> <span class='ocrx_word' id='word_1_172' title='bbox 1201 2442 1394 2499; x_wconf 88' lang='lat' dir='ltr'><strong>operibus</strong></span> <span class='ocrx_word' id='word_1_173' title='bbox 1419 2456 1554 2484; x_wconf 78' lang='lat' dir='ltr'><strong>carnis</strong></span> <span class='ocrx_word' id='word_1_174' title='bbox 1577 2442 1797 2485; x_wconf 88' lang='lat' dir='ltr'><strong>invidiam.’</strong></span> 
     </span>
     <span class='ocr_line' id='line_1_25' title="bbox 397 2498 1861 2558; baseline 0.001 -17"><span class='ocrx_word' id='word_1_175' title='bbox 397 2498 562 2543; x_wconf 86' lang='lat' dir='ltr'><strong>Pariter</strong></span> <span class='ocrx_word' id='word_1_176' title='bbox 582 2499 724 2543; x_wconf 83' lang='lat' dir='ltr'><strong>laudat</strong></span> <span class='ocrx_word' id='word_1_177' title='bbox 744 2499 963 2558; x_wconf 84' lang='lat' dir='ltr'><strong>Augustin.</strong></span> <span class='ocrx_word' id='word_1_178' title='bbox 986 2499 1055 2543; x_wconf 91' lang='lat' dir='ltr'><strong>lib.</strong></span> <span class='ocrx_word' id='word_1_179' title='bbox 1072 2513 1127 2543; x_wconf 79' lang='lat' dir='ltr'><strong>tv.</strong></span> <span class='ocrx_word' id='word_1_180' title='bbox 1143 2514 1178 2542; x_wconf 89' lang='lat' dir='ltr'><strong>c.</strong></span> <span class='ocrx_word' id='word_1_181' title='bbox 1202 2500 1241 2549; x_wconf 89' lang='lat'><strong>8,</strong></span> <span class='ocrx_word' id='word_1_182' title='bbox 1259 2513 1298 2554; x_wconf 86' lang='lat'><strong>9,</strong></span> <span class='ocrx_word' id='word_1_183' title='bbox 1320 2513 1333 2542; x_wconf 86' lang='lat'>1</span> <span class='ocrx_word' id='word_1_184' title='bbox 1351 2514 1382 2549; x_wconf 89' lang='grc' dir='ltr'><strong>ι,</strong></span> <span class='ocrx_word' id='word_1_185' title='bbox 1399 2499 1452 2543; x_wconf 92' lang='lat' dir='ltr'><strong>de</strong></span> <span class='ocrx_word' id='word_1_186' title='bbox 1469 2499 1666 2556; x_wconf 83' lang='lat' dir='ltr'><strong>Baptism.</strong></span> <span class='ocrx_word' id='word_1_187' title='bbox 1688 2506 1796 2543; x_wconf 84' lang='lat' dir='ltr'><strong>cont.</strong></span> <span class='ocrx_word' id='word_1_188' title='bbox 1813 2511 1861 2549; x_wconf 83' lang='lat'><strong>25</strong></span> 
     </span>
     <span class='ocr_line' id='line_1_26' title="bbox 397 2556 1798 2607; baseline 0.001 -8"><span class='ocrx_word' id='word_1_189' title='bbox 397 2556 651 2607; x_wconf 83' lang='lat' dir='ltr'><strong>Donatistas‚</strong></span> <span class='ocrx_word' id='word_1_190' title='bbox 673 2563 716 2600; x_wconf 88' lang='lat' dir='ltr'><strong>et</strong></span> <span class='ocrx_word' id='word_1_191' title='bbox 735 2557 858 2601; x_wconf 88' lang='lat' dir='ltr'><strong>etiam</strong></span> <span class='ocrx_word' id='word_1_192' title='bbox 879 2557 947 2601; x_wconf 91' lang='lat' dir='ltr'><strong>lib.</strong></span> <span class='ocrx_word' id='word_1_193' title='bbox 969 2571 1008 2600; x_wconf 88' lang='lat' dir='ltr'><strong>v.</strong></span> <span class='ocrx_word' id='word_1_194' title='bbox 1029 2572 1063 2600; x_wconf 83' lang='lat' dir='ltr'><strong>c.</strong></span> <span class='ocrx_word' id='word_1_195' title='bbox 1086 2571 1100 2599; x_wconf 89' lang='lat'>1</span> <span class='ocrx_word' id='word_1_196' title='bbox 1140 2590 1149 2600; x_wconf 88' lang='lat'><strong>.</strong></span> <span class='ocrx_word' id='word_1_197' title='bbox 1211 2557 1325 2601; x_wconf 87' lang='lat' dir='ltr'><strong>Citat</strong></span> <span class='ocrx_word' id='word_1_198' title='bbox 1347 2556 1471 2601; x_wconf 88' lang='lat' dir='ltr'><strong>etiam</strong></span> <span class='ocrx_word' id='word_1_199' title='bbox 1494 2557 1610 2600; x_wconf 85' lang='lat' dir='ltr'><strong>Beda</strong></span> <span class='ocrx_word' id='word_1_200' title='bbox 1636 2563 1798 2601; x_wconf 88' lang='lat' dir='ltr'><strong>nostras</strong></span> 
     </span>
     <span class='ocr_line' id='line_1_27' title="bbox 397 2614 1797 2681; baseline 0.001 -25"><span class='ocrx_word' id='word_1_201' title='bbox 397 2614 438 2656; x_wconf 88' lang='lat' dir='ltr'><strong>in</strong></span> <span class='ocrx_word' id='word_1_202' title='bbox 460 2628 475 2657; x_wconf 88' lang='lat'>1</span> <span class='ocrx_word' id='word_1_203' title='bbox 497 2614 627 2681; x_wconf 80' lang='lat' dir='ltr'><strong>Epist.</strong></span> <span class='ocrx_word' id='word_1_204' title='bbox 643 2615 696 2658; x_wconf 90' lang='lat' dir='ltr'><strong>D.</strong></span> <span class='ocrx_word' id='word_1_205' title='bbox 711 2614 825 2658; x_wconf 87' lang='lat' dir='ltr'><strong>Petri</strong></span> <span class='ocrx_word' id='word_1_206' title='bbox 844 2629 877 2658; x_wconf 89' lang='lat' dir='ltr'><strong>o.</strong></span> <span class='ocrx_word' id='word_1_207' title='bbox 893 2615 965 2658; x_wconf 88' lang='lat' dir='ltr'><strong>ult.</strong></span> <span class='ocrx_word' id='word_1_208' title='bbox 999 2615 1109 2657; x_wconf 84' lang='lat' dir='ltr'><strong>FEL</strong></span> <span class='ocrx_word' id='word_1_209' title='bbox 1149 2615 1189 2658; x_wconf 83' lang='lat' dir='ltr'>U</span> <span class='ocrx_word' id='word_1_210' title='bbox 1193 2614 1236 2658; x_wconf 82' lang='lat' dir='ltr'><strong>S.</strong></span> <span class='ocrx_word' id='word_1_211' title='bbox 1289 2615 1426 2667; x_wconf 86' lang='lat' dir='ltr'><strong>Quum</strong></span> <span class='ocrx_word' id='word_1_212' title='bbox 1445 2615 1619 2658; x_wconf 85' lang='lat' dir='ltr'><strong>Sanctus</strong></span> <span class='ocrx_word' id='word_1_213' title='bbox 1636 2615 1797 2672; x_wconf 89' lang='lat' dir='ltr'><strong>Augus-</strong></span> 
     </span>
     <span class='ocr_line' id='line_1_28' title="bbox 396 2671 1796 2731; baseline 0.001 -17"><span class='ocrx_word' id='word_1_214' title='bbox 396 2671 507 2715; x_wconf 81' lang='lat' dir='ltr'><strong>tinus</strong></span> <span class='ocrx_word' id='word_1_215' title='bbox 539 2672 698 2715; x_wconf 85' lang='lat' dir='ltr'><strong>mitium</strong></span> <span class='ocrx_word' id='word_1_216' title='bbox 729 2678 772 2716; x_wconf 92' lang='lat' dir='ltr'><strong>et</strong></span> <span class='ocrx_word' id='word_1_217' title='bbox 821 2672 993 2715; x_wconf 88' lang='lat' dir='ltr'><strong>uaedam</strong></span> <span class='ocrx_word' id='word_1_218' title='bbox 1025 2672 1108 2716; x_wconf 88' lang='lat' dir='ltr'><strong>alia</strong></span> <span class='ocrx_word' id='word_1_219' title='bbox 1138 2673 1260 2731; x_wconf 86' lang='lat' dir='ltr'><strong>hujus</strong></span> <span class='ocrx_word' id='word_1_220' title='bbox 1283 2672 1376 2715; x_wconf 84' lang='lat' dir='ltr'><strong>libri</strong></span> <span class='ocrx_word' id='word_1_221' title='bbox 1406 2672 1495 2716; x_wconf 87' lang='lat' dir='ltr'><strong>loca</strong></span> <span class='ocrx_word' id='word_1_222' title='bbox 1525 2672 1729 2715; x_wconf 83' lang='lat' dir='ltr'><strong>retulisset</strong></span> <span class='ocrx_word' id='word_1_223' title='bbox 1754 2672 1796 2715; x_wconf 91' lang='lat' dir='ltr'><strong>in</strong></span> 
     </span>
     <span class='ocr_line' id='line_1_29' title="bbox 396 2728 1798 2787; baseline 0.001 -17"><span class='ocrx_word' id='word_1_224' title='bbox 396 2728 502 2771; x_wconf 83' lang='lat' dir='ltr'><strong>libro</strong></span> <span class='ocrx_word' id='word_1_225' title='bbox 561 2735 681 2773; x_wconf 79' lang='lat' dir='ltr'><strong>uarto</strong></span> <span class='ocrx_word' id='word_1_226' title='bbox 710 2729 764 2773; x_wconf 88' lang='lat' dir='ltr'><strong>de</strong></span> <span class='ocrx_word' id='word_1_227' title='bbox 832 2729 1007 2787; x_wconf 87' lang='lat' dir='ltr'><strong>aptismo</strong></span> <span class='ocrx_word' id='word_1_228' title='bbox 1033 2736 1179 2774; x_wconf 82' lang='lat' dir='ltr'><strong>contra</strong></span> <span class='ocrx_word' id='word_1_229' title='bbox 1210 2730 1461 2782; x_wconf 83' lang='lat' dir='ltr'><strong>Donatistas,</strong></span> <span class='ocrx_word' id='word_1_230' title='bbox 1486 2744 1574 2787; x_wconf 82' lang='lat' dir='ltr'><strong>cap.</strong></span> <span class='ocrx_word' id='word_1_231' title='bbox 1594 2732 1632 2780; x_wconf 89' lang='lat'><strong>8,</strong></span> <span class='ocrx_word' id='word_1_232' title='bbox 1654 2736 1798 2786; x_wconf 87' lang='lat' dir='ltr'><strong>postea</strong></span> 
     </span>
     <span class='ocr_line' id='line_1_30' title="bbox 394 2785 1861 2845; baseline 0 -17"><span class='ocrx_word' id='word_1_233' title='bbox 394 2785 478 2829; x_wconf 85' lang='lat' dir='ltr'><strong>ait:</strong></span> <span class='ocrx_word' id='word_1_234' title='bbox 505 2793 514 2810; x_wconf 80' lang='lat'>⁸</span> <span class='ocrx_word' id='word_1_235' title='bbox 573 2801 647 2830; x_wconf 85' lang='lat' dir='ltr'><strong>aco</strong></span> <span class='ocrx_word' id='word_1_236' title='bbox 663 2787 790 2830; x_wconf 86' lang='lat' dir='ltr'><strong>vorba</strong></span> <span class='ocrx_word' id='word_1_237' title='bbox 804 2787 1002 2845; x_wconf 86' lang='lat' dir='ltr'><strong>Cypriani</strong></span> <span class='ocrx_word' id='word_1_238' title='bbox 1018 2788 1059 2830; x_wconf 90' lang='lat' dir='ltr'><strong>in</strong></span> <span class='ocrx_word' id='word_1_239' title='bbox 1075 2788 1248 2845; x_wconf 84' lang='lat' dir='ltr'><strong>epistola</strong></span> <span class='ocrx_word' id='word_1_240' title='bbox 1269 2787 1427 2845; x_wconf 84' lang='lat' dir='ltr'><strong>populis</strong></span> <span class='ocrx_word' id='word_1_241' title='bbox 1447 2793 1545 2830; x_wconf 82' lang='lat' dir='ltr'><strong>nota</strong></span> <span class='ocrx_word' id='word_1_242' title='bbox 1559 2802 1681 2843; x_wconf 85' lang='lat' dir='ltr'><strong>quam</strong></span> <span class='ocrx_word' id='word_1_243' title='bbox 1699 2802 1797 2830; x_wconf 81' lang='lat' dir='ltr'><strong>vora</strong></span> <span class='ocrx_word' id='word_1_244' title='bbox 1810 2801 1861 2836; x_wconf 81' lang='lat'><strong>30</strong></span> 
     </span>
     <span class='ocr_line' id='line_1_31' title="bbox 397 2844 1794 2902; baseline 0 -16"><span class='ocrx_word' id='word_1_245' title='bbox 397 2851 544 2900; x_wconf 81' lang='lat' dir='ltr'><strong>‘quam</strong></span> <span class='ocrx_word' id='word_1_246' title='bbox 576 2844 699 2888; x_wconf 75' lang='lat' dir='ltr'><strong>fortia</strong></span> <span class='ocrx_word' id='word_1_247' title='bbox 730 2844 812 2888; x_wconf 86' lang='lat' dir='ltr'><strong>sint</strong></span> <span class='ocrx_word' id='word_1_248' title='bbox 845 2845 1182 2902; x_wconf 80' lang='lat' dir='ltr'><strong>recognoscimus.</strong></span> <span class='ocrx_word' id='word_1_249' title='bbox 1236 2845 1346 2887; x_wconf 85' lang='lat' dir='ltr'><strong>Vero</strong></span> <span class='ocrx_word' id='word_1_250' title='bbox 1378 2845 1515 2887; x_wconf 81' lang='lat' dir='ltr'><strong>(locuit</strong></span> <span class='ocrx_word' id='word_1_251' title='bbox 1542 2844 1794 2902; x_wconf 77' lang='lat' dir='ltr'><strong>Cyprianum</strong></span> 
     </span>
    </p>
   </div>
  </div>
 </body>
</html>
