2034 3204
219 960 363 992 Nullum

219 1005 418 1036 mandatum

219 1059 241 1079 a
255 1048 402 1080 Domino

219 1092 366 1123 crebrius

219 1136 380 1178 praecipi-

219 1184 286 1217 tur,
304 1183 365 1212 aut

219 1225 327 1256 acrius
333 1235 428 1266 urge·
434 1251 437 1254 .

219 1272 285 1305 tur,
302 1279 404 1310 quam

219 1315 260 1343 ut
275 1312 403 1343 insista-

219 1366 294 1387 mus
309 1355 404 1387 Elee-

219 1401 375 1442 mosynis.

220 1504 303 1536 Luc.
312 1504 370 1536 xii.
376 1514 394 1544 3
398 1513 428 1545 3.

220 1548 324 1580 Matt.
343 1549 386 1580 vi.

225 1602 274 1634 19.

220 2138 323 2169 Matt.
342 2138 410 2169 xix.

221 2191 237 2213 2
247 2192 256 2213 ι
266 2206 272 2214 .

219 2671 321 2703 Man.
341 2670 408 2702 1151.

218 2723 271 2755 ⁴⁵·

441 214 527 253 300
951 212 993 253 S.
1026 208 1342 253 CYPRIANI

440 322 547 368 dari
568 322 756 368 dixerat
773 321 1001 382 quicquid
1015 321 1187 367 fuisset
1205 321 1307 381 ejus
1327 318 1518 364 nomine
1535 320 1845 378 postulatum.

442 399 577 444 Mors
606 399 768 459 itaque
793 398 1114 458 suspenditur,
1140 403 1189 443 et
1213 397 1413 458 spiritus
1437 395 1664 448 redditur,
1689 400 1738 440 et
1761 394 1849 439 mi-

441 476 656 522 rantibus
681 492 734 522 ac
759 476 1061 535 stupentibus
1082 474 1265 520 cunctis
1284 475 1345 519 ad
1370 474 1491 519 hanc
1508 473 1676 518 mundi
1691 473 1848 518 denuo

441 554 595 599 lucem
630 553 895 598 redivivum
933 567 1103 611 corpus
1135 550 1396 596 animatur.
1467 550 1683 596 Tantum
1710 555 1850 610 potu-

441 636 582 676 erunt
606 629 957 675 misericordiae
980 629 1165 682 merita,
1185 634 1374 673 tantum
1394 643 1537 687 opera
1555 630 1691 689 Justa
1714 629 1884 673 vam-5

440 714 594 753 erunt.
662 707 798 760 Quae
821 707 1150 752 laborantibus
1174 705 1334 751 viduis
1359 705 1534 768 largita
1556 706 1716 751 fuerat
1740 705 1849 751 sub-

440 784 563 830 sidia
597 784 803 838 vivendi,
842 784 1016 829 meruit
1045 785 1102 830 ad
1141 783 1293 828 vitam
1323 783 1580 829 viduarum
1616 783 1848 843 petitione

441 862 664 907 revocari.

506 939 567 986 V.
606 940 776 1000 Itaque
816 939 868 985 in
907 939 1191 1001 Evangelio,
1228 939 1483 993 Dominus,
1518 939 1684 984 doctor
1718 938 1847 984 vitae

441 1024 642 1071 nostrae,
667 1024 714 1063 et
746 1017 974 1080 magister
1008 1017 1176 1062 salutis
1212 1023 1442 1069 aeternae,
1467 1014 1716 1062 vivificans
1750 1031 1847 1062 cre·
1863 1027 1911 1051 10

440 1096 657 1142 dentium
692 1097 939 1155 populum,
965 1101 1014 1140 et
1036 1094 1291 1140 vivificatis
1327 1096 1574 1140 consulens
1610 1094 1660 1139 in
1696 1100 1848 1139 aeter-

440 1190 571 1226 num,
596 1174 723 1219 inter
746 1189 834 1220 sua
856 1174 1083 1219 mandata
1102 1173 1266 1218 divina
1283 1179 1330 1218 et
1351 1179 1605 1232 praecepta
1627 1172 1848 1218 coelestia

441 1251 564 1297 nihil
583 1251 793 1297 crebrius
812 1252 1010 1296 mandat
1026 1256 1074 1296 et
1092 1249 1324 1310 praecipit
1338 1265 1481 1309 quam
1498 1257 1553 1295 ut
1568 1249 1846 1295 insistamus

440 1328 751 1389 eleemosynis
776 1327 960 1380 dandis,
984 1342 1069 1373 nec
1093 1325 1294 1372 terrenis
1314 1324 1690 1385 possessionibus
1714 1324 1846 1371 incu-

443 1407 623 1460 bemus,
660 1407 743 1452 sed
777 1407 999 1451 coelestes
1037 1404 1287 1450 thesauros
1324 1402 1483 1462 potius
1521 1403 1844 1448 recondamus.
1863 1408 1910 1448 15

454 1482 657 1539 Vendite,
684 1482 857 1543 inquit,
881 1498 954 1528 res
978 1487 1160 1535 vestras,
1186 1485 1227 1526 et
1250 1479 1353 1526 date
1375 1478 1718 1542 eleemosynam.
1777 1479 1846 1525 Et

440 1562 628 1616 iterum,
653 1559 810 1607 Nolite
844 1559 967 1607 vobis
1002 1559 1193 1607 condere
1228 1557 1465 1605 thesauros
1499 1563 1844 1620 superterram,

440 1639 518 1686 ubi
552 1641 675 1686 tinea
711 1645 752 1686 et
792 1645 1044 1686 comestura
1077 1639 1370 1689 exterminat,
1395 1643 1436 1683 et
1468 1636 1703 1700 ubifures
1740 1625 1846 1700 effo-

438 1717 573 1764 diunt
613 1724 654 1764 et
684 1716 935 1781 furamur.
1011 1715 1342 1763 Thesaurizate
1387 1721 1536 1762 autem
1585 1714 1707 1762 vobis
1753 1713 1846 1762 tlte-

438 1811 602 1842 sauros
651 1797 699 1842 in
747 1794 878 1850 coelo,
928 1794 1006 1841 ubi
1051 1811 1194 1857 neque
1241 1795 1363 1840 tinea
1409 1810 1551 1857 neque
1591 1800 1845 1841 comestura
1861 1808 1909 1834 ‘20

437 1874 729 1927 ea'termiuat,
767 1878 807 1919 et
843 1872 920 1919 uhi
938 1872 1081 1936 sures
1114 1888 1204 1918 uon
1242 1870 1462 1935 effodiunt
1494 1887 1574 1918 uec
1594 1870 1843 1934 furantur.

446 1949 538 1998 Ubi
583 1951 701 1997 euim
737 1950 896 2014 suerit
948 1949 1190 1997 thesaurus
1236 1955 1355 2006 tuus,
1403 1947 1501 1996 illie
1545 1949 1634 1995 erit
1679 1955 1721 1996 et
1766 1964 1846 1996 cor

439 2034 580 2075 tuum.
651 2029 720 2074 Et
743 2044 892 2089 quum
929 2028 1179 2074 observata
1214 2028 1342 2090 Lege
1378 2027 1639 2087 perfectum
1667 2033 1714 2073 et
1736 2043 1845 2074 con-

441 2112 734 2152 summatum
767 2108 906 2152 vellet
940 2106 1200 2159 ostendere,
1225 2103 1285 2151 Si
1319 2105 1400 2158 vis,
1425 2103 1845 2168 inquit,pe1tgfhctus

441 2199 552 2239 esse,
585 2182 698 2230 vade
736 2189 777 2230 et
812 2182 950 2230 vende
977 2182 1136 2228 omnia
1175 2188 1268 2238 tua,
1307 2188 1348 2229 et
1385 2182 1444 2228 cla
1481 2182 1645 2246 eyeuis,
1683 2188 1723 2229 et
1763 2181 1844 2228 lta-
1860 2194 1908 2234 25

438 2260 556 2307 bobis
593 2259 852 2307 thesaurum
886 2257 935 2306 iu
968 2258 1100 2313 coelo,
1131 2265 1172 2306 et
1204 2259 1320 2314 veni,
1349 2275 1536 2322 sequere
1566 2275 1649 2306 me.
1719 2261 1843 2307 Item

439 2338 533 2384 alio
557 2339 657 2383 loco
681 2336 1020 2398 negotiatorem
1058 2337 1270 2382 coelestis
1305 2336 1489 2399 gratiae
1523 2342 1572 2381 et
1602 2352 1844 2396 compara-

439 2423 586 2461 torem
614 2414 783 2461 salutis
808 2421 1038 2467 aeternae,
1058 2413 1297 2459 distractis
1316 2414 1538 2460 omnibus
1563 2414 1703 2459 rebus
1727 2414 1840 2468 suis,

440 2493 694 2553 pretiosam
749 2492 1072 2554 margaritam,
1120 2492 1207 2537 hoc
1259 2498 1342 2546 est,
1392 2491 1541 2538 vitam
1599 2499 1841 2538 aeternam

438 2570 619 2616 Christi
653 2585 818 2616 cruore
853 2568 1125 2629 pretiosam,
1162 2570 1220 2614 de
1255 2569 1524 2629 quantitate
1563 2569 1840 2630 patrimonii
1855 2581 1906 2618 30

438 2648 511 2695 sni
537 2648 653 2694 dicit
677 2647 846 2693 debere
871 2646 1083 2692 mercari.
1153 2644 1320 2693 Simile
1351 2651 1426 2700 est,
1451 2645 1626 2707 inquit,
1650 2660 1839 2709 aequum

438 2723 662 2770 coelorum
698 2722 876 2769 homiui
908 2723 1181 2787 uqqotiatori
1213 2722 1450 2785 quaerenti
1484 2721 1622 2768 bonas
1659 2738 1837 2786 Μανθα-

436 2802 564 2847 ritas.
645 2800 733 2849 Ubi
788 2807 933 2847 autem
991 2801 1160 2846 ina-enit
1214 2800 1460 2862 pretiosam
1526 2800 1837 2863 mmyaritam,
