2034 3204
470 229 555 271 DE
589 228 803 271 OPERE
835 228 915 270 ET
946 226 1432 269 ELEEMOSYNIS.
1569 226 1654 267 315

253 351 340 396 pro
374 335 575 382 terrenis
609 335 842 390 coelestia,
866 349 953 395 pro
981 333 1324 394 temporalibus
1349 332 1655 393 sempiterna,

252 429 340 474 pro
362 413 558 460 modicis
586 429 761 476 magna
793 411 1060 473 praestare!
1099 412 1267 457 offerre
1291 426 1377 456 nos
1407 409 1553 462 Patri,
1577 409 1657 456 cui

252 506 338 536 nos
373 505 461 536 sua
494 489 866 536 sanctificatione
899 488 1125 542 restituit,
1153 487 1483 534 aeternitatem
1521 486 1657 532 nobis

252 568 757 628 immortalitatemque
792 567 971 629 largiri,
1007 567 1068 612 ad
1102 581 1247 626 quam
1283 580 1369 610 nos
1406 564 1658 626 sanguinis

216 663 238 702 5
252 646 329 692 sui
374 645 692 691 vivificatione
739 645 992 706 reparavit,
1033 644 1228 690 reduces
1273 644 1333 688 ad
1381 642 1657 703 paradisum

251 725 408 770 denuo
443 723 607 777 facere,
647 739 796 786 regna
828 725 1065 770 coelorum
1101 721 1193 767 fide
1227 727 1275 767 et
1310 722 1511 766 veritate
1545 735 1660 766 suae

251 800 609 862 pollicitationis
644 801 855 860 aperire!
894 801 1027 846 Haec
1062 800 1290 845 haereant
1318 797 1520 844 firmiter
1554 813 1660 843 sen-

252 879 383 924 sibus
431 878 621 931 nostriS,
668 879 784 924 haec
830 877 1165 939 intelligantur
1209 878 1351 936 plena
1396 876 1501 927 fide,
1542 876 1659 921 haec

251 957 389 1002 corde
430 962 532 1002 toto
570 955 850 1018 diligantur,
874 956 989 1001 haec
1036 954 1410 1000 indesinentium
1459 969 1658 1013 operum

193 1055 240 1080 10
253 1033 649 1095 magnanimitate
672 1034 984 1081 redimantur.
1057 1032 1307 1078 Praeclara
1325 1039 1373 1078 et
1397 1031 1561 1076 divina
1584 1047 1659 1077 res

252 1109 405 1172 [sor-9.
431 1125 506 1157 res
541 1110 654 1172 est],
683 1112 857 1157 fratres
891 1109 1141 1163 carissimi,
1171 1108 1396 1156 salutaris
1431 1109 1658 1169 operatiO,

251 1188 474 1234 solatium
509 1190 690 1250 grande
723 1188 1034 1241 credentium,
1058 1186 1328 1234 securitatis
1360 1194 1551 1233 nostrae
1586 1203 1661 1233 sa-

251 1267 388 1313 lubre
433 1266 740 1326 praesidium,
781 1266 1136 1314 munimentum
1174 1265 1293 1326 spei,
1334 1267 1485 1312 tutela
1531 1265 1658 1319 fidei,

252 1345 434 1391 medela
465 1344 660 1404 peccati,
684 1360 758 1390 res
790 1344 948 1404 posita
974 1343 1026 1390 in
1055 1349 1290 1405 potestate
1325 1342 1560 1398 facientiS,
1583 1359 1659 1390 res

192 1437 239 1476 15
251 1427 300 1469 et
345 1421 541 1483 grandis
587 1427 636 1468 et
680 1421 848 1475 facilis,
892 1421 994 1468 sine
1040 1420 1252 1481 periculo
1296 1421 1658 1480 persecutionis,

250 1514 423 1545 corona
459 1499 604 1560 pacis,
642 1515 807 1546 verum
843 1499 936 1546 Dei
970 1514 1147 1545 munus
1181 1504 1230 1545 et
1263 1498 1548 1554 maximum,
1583 1499 1658 1545 in·

252 1576 404 1623 firmis
444 1577 780 1638 necessarium,
810 1577 1016 1623 fortibus
1051 1576 1328 1638 gloriosum,
1361 1592 1457 1636 quo
1494 1576 1660 1623 Chris-

252 1655 413 1702 tianus
432 1652 637 1717 adjutus¹
644 1655 821 1715 perfert
839 1654 1045 1717 gratiam
1066 1653 1346 1714 spiritalem,
1362 1661 1662 1714 promeretur

253 1732 502 1780 Christum
526 1733 755 1794 judicem,
779 1733 938 1780 Deum
961 1738 1208 1792 computat
1231 1732 1507 1778 debitorem.
1578 1730 1659 1777 Ad

192 1825 241 1851 20
255 1811 377 1857 banc
395 1826 592 1870 operum
611 1811 892 1857 salutarium
914 1811 1121 1869 palmam
1142 1810 1346 1856 libenter
1368 1825 1422 1855 ac
1439 1816 1659 1868 prompte

254 1895 503 1942 certemus,
527 1903 689 1934 omnes
724 1888 774 1935 in
810 1903 962 1950 agone
990 1887 1213 1950 justitiae
1248 1887 1352 1933 Deo
1386 1892 1434 1933 et
1464 1886 1659 1932 Christo

254 1971 496 2024 spectante
519 1981 779 2018 curramus,
798 1971 846 2012 et
869 1964 953 2025 qui
977 1966 1164 2011 saeculo
1181 1971 1227 2011 et
1251 1966 1432 2011 mundo
1453 1965 1658 2025 majores

255 2057 355 2089 esse
370 2039 474 2103 jam
499 2042 756 2102 coepimus,
779 2058 973 2089 cursum
997 2048 1215 2088 nostrum
1244 2044 1378 2089 nulla
1404 2041 1581 2088 saeculi
1611 2047 1660 2087 et

254 2120 423 2166 mundi
443 2120 707 2180 cupiditate
730 2122 986 2167 tardemus.
1044 2119 1099 2166 Si
1122 2119 1380 2180 expeditos,
1405 2119 1446 2166 si
1469 2121 1658 2173 celeres,

193 2211 241 2251 25
255 2198 296 2244 si
330 2198 381 2244 in
415 2198 504 2245 hoc
539 2199 695 2259 operis
729 2213 880 2260 agone
920 2204 1164 2246 currentes
1204 2198 1307 2245 dies
1347 2213 1433 2244 nos
1474 2198 1548 2243 vel
1589 2213 1660 2243 re-

255 2275 451 2322 ditionis
491 2278 565 2322 vel
610 2275 952 2336 persecutionis
991 2275 1242 2328 invenerit,
1283 2290 1520 2335 nusquam
1561 2275 1660 2322 Do-

255 2353 415 2400 minus
438 2353 622 2400 meritis
645 2354 820 2401 nostris
843 2354 904 2400 ad
929 2353 1197 2414 praemium
1224 2353 1390 2399 deerit.
1460 2352 1518 2399 In
1544 2368 1659 2412 pace

256 2430 555 2478 vincentibus
582 2446 804 2477 coronam
839 2431 1092 2478 candidam
1127 2446 1215 2491 pro
1250 2431 1472 2490 operibus
1506 2430 1658 2486 dabit,

255 2507 304 2553 in
330 2507 655 2568 persecutione
678 2523 967 2568 purpuream
991 2523 1079 2568 pro
1103 2508 1321 2568 passione
1343 2507 1623 2570 geminabit.
