2034 3204
443 246 529 287 330
917 248 997 290 AN
1000 249 1040 291 N
1043 249 1306 293 OTATION
1308 251 1378 294 Es

445 353 657 411 Baptismo
687 355 884 397 adversus
915 356 1155 399 Donatistas
1187 371 1276 413 cap.
1297 372 1367 412 44.
1399 358 1685 415 Hieronymus
1707 363 1846 401 antem

443 412 485 454 in
505 412 678 468 epistola
697 413 751 455 ad
773 413 987 470 Magnum,
1012 428 1168 469 ponens
1198 415 1240 455 in
1269 415 1469 471 principio
1490 415 1688 458 sermonis
1717 421 1847 458 mate-

442 470 546 512 riam
574 470 691 512 istius
721 471 828 520 libri,
849 477 1046 526 tanquam
1077 471 1110 512 si
1142 471 1285 513 titulus
1309 478 1428 520 esset,
1450 471 1506 515 sic
1537 473 1705 516 scribit:
1737 480 1747 497 ‘
1763 473 1847 530 Cy-

444 535 453 550 ‘
478 528 645 584 prianus
666 529 776 584 quod
797 528 906 570 idola
926 528 982 570 dii
1003 543 1085 569 non
1105 528 1199 577 sint,
1213 543 1296 584 qua
1315 529 1533 580 brevitate,
1555 545 1637 586 qua
1656 530 1847 573 historia-

444 592 454 608 ‘
476 600 568 627 rum
589 586 767 627 omnium
790 586 971 635 seientia,
993 600 1168 641 quorum
1189 586 1410 628 verborum
1431 593 1473 629 et
1493 602 1683 630 sensuum
1711 588 1846 644 splen·
1859 597 1883 636 5

444 649 454 666 ‘
476 643 577 685 dore
608 643 894 699 perstrinxitl’
936 643 1003 684 Ad
1035 643 1210 685 eundem
1241 643 1391 686 librum
1423 645 1652 702 respexisse
1682 645 1846 688 videtur

442 701 687 756 quibusdam
724 700 894 742 Pontius
926 700 1119 742 diaconus
1150 700 1193 742 in
1222 701 1322 743 Vita
1349 702 1479 744 sancti
1513 702 1713 760 Cypriani
1747 703 1846 745 scri-

442 759 543 800 bens
563 773 638 814 per
658 758 772 799 illum
793 758 981 815 gentiles,
1002 758 1253 815 repercussis
1273 759 1316 800 in
1335 773 1379 801 se
1399 759 1448 802 iis
1469 774 1575 816 quae
1595 760 1712 803 nobis
1731 760 1847 826 inge-

441 822 552 864 runt,
567 816 695 857 victos
714 815 851 857 fuisse.
899 816 1056 858 Verum
1077 830 1201 872 quum
1223 816 1302 859 ista
1323 817 1460 859 Pontii
1483 818 1608 860 verba
1627 833 1847 860 convenire

442 873 566 915 etiam
594 873 752 929 possint
772 873 877 915 libro
897 873 952 915 ad
979 873 1306 924 Demetrianum‚
1329 875 1371 916 in
1391 889 1472 931 quo
1493 881 1657 917 sanctus
1679 876 1846 932 Martyr
1863 887 1913 914 10

441 931 639 972 adversus
669 931 844 987 gentiles
862 931 1017 988 ingerit
1037 931 1226 987 querelas
1246 946 1389 974 eorum
1409 933 1461 975 de
1484 932 1742 985 Christianis,
1763 948 1847 975 non

441 988 574 1030 audeo
606 989 812 1030 affirmare
844 989 971 1030 verba
1004 989 1142 1031 Pontii
1173 989 1443 1047 intelligenda,
1474 996 1635 1032 tantum
1671 1005 1759 1033 esse
1794 991 1847 1033 de

441 1045 546 1087 libro
568 1046 619 1088 de
640 1046 837 1088 Vanitate
858 1047 1085 1088 Idolorum.
1135 1047 1276 1089 Potuit
1296 1047 1404 1089 enim
1426 1048 1597 1090 Pontius
1617 1048 1847 1104 respexisse

441 1103 496 1145 ad
525 1110 747 1159 utrumque
769 1119 883 1160 opus.
944 1104 1076 1146 Porro
1097 1105 1294 1147 adversus
1321 1105 1473 1147 cultum
1507 1105 1715 1148 Idolorum
1744 1105 1847 1148 nihil

442 1167 505 1203 est
525 1161 755 1218 elegantius
775 1162 882 1204 Jove
902 1162 1103 1218 tragoedo
1125 1162 1308 1204 Luciani.
1343 1163 1651 1206 BALUZIUS.
1863 1172 1915 1212 15⁷

501 1219 548 1261 P.
572 1220 668 1275 269.
699 1219 726 1261 l.
747 1233 788 1272 4.
811 1220 933 1270 Quod
952 1220 1076 1262 idola
1095 1221 1163 1262 dii
1182 1235 1267 1262 ‘non
1286 1221 1388 1271 sint,
1408 1228 1447 1262 et
1468 1222 1581 1276 quod
1601 1222 1717 1264 Deus
1736 1236 1847 1264 unus

441 1278 515 1327 eit,
553 1285 593 1319 et
632 1278 746 1333 quod
779 1292 861 1332 per
898 1278 1115 1319 Christum
1154 1278 1275 1320 salus
1314 1279 1582 1321 credentibus
1620 1280 1732 1321 data
1762 1279 1840 1334 sit]

444 1334 582 1385 Quum
617 1334 660 1376 in
691 1334 896 1376 nonnullis
930 1335 1060 1377 codd.
1091 1334 1266 1391 seriptis,
1297 1341 1422 1391 atque
1452 1335 1661 1378 veteribus
1690 1335 1848 1392 aliquot

441 1399 539 1435 ante
571 1392 837 1434 Baluzianam
867 1407 940 1434 seu
971 1392 1282 1435 Benedictinam
1313 1392 1560 1435 editionibus
1584 1393 1721 1436 omnia
1744 1394 1847 1436 haec

441 1464 518 1506 pro
550 1449 670 1492 titulo
706 1465 778 1492 seu
799 1450 934 1506 potius
968 1455 1215 1507 argumento
1246 1450 1382 1506 operis
1416 1456 1529 1493 recte
1556 1466 1739 1494 seorsum
1774 1466 1847 1509 po-
1861 1471 1912 1498 20

441 1508 521 1550 sita
547 1507 640 1557 sint,
673 1507 734 1550 ita
761 1507 1035 1563 imprimenda
1066 1522 1117 1550 ea
1150 1507 1304 1550 curavi.
1366 1508 1561 1551 Ceterum
1593 1509 1648 1551 ad
1677 1509 1847 1552 tertium

441 1565 552 1621 quod
581 1565 732 1608 attinet
763 1565 885 1622 hujus
915 1564 1026 1608 tituli
1055 1564 1286 1615 articulum,
1315 1565 1398 1622 qui,
1430 1565 1562 1622 qualis
1596 1565 1663 1608 hic
1691 1572 1845 1617 exstat,

441 1622 611 1665 editioni
651 1622 920 1665 Manutianae
956 1622 1148 1679 primitus
1182 1623 1370 1672 debetur,
1407 1622 1670 1666 consimiliter
1704 1624 1847 1668 scribit

440 1687 586 1723 auctor
605 1680 647 1722 in
668 1680 946 1737 sequentibus,
968 1680 1092 1732 Quod
1110 1694 1207 1723 vero
1223 1689 1262 1723 et
1282 1681 1480 1723 &hristus
1499 1682 1569 1732 sit,
1585 1683 1845 1737 ecquomodo

432 1754 517 1795 per
537 1740 679 1794 ipsum
698 1739 820 1781 nobis
838 1739 957 1781 salus
976 1739 1149 1788 venerit,
1170 1739 1233 1781 sic
1253 1746 1313 1781 est
1333 1739 1451 1788 ordo,
1471 1739 1536 1781 sic
1555 1740 1684 1782 ratio.
1860 1754 1909 1794 25

501 1796 604 1838 Ibid.
636 1795 662 1837 l.
683 1809 746 1837 11.
779 1801 822 1837 et
851 1795 939 1837 dies
965 1795 1091 1838 festos
1115 1801 1232 1837 tanto
1253 1795 1410 1838 honore
1439 1795 1734 1852 celebrabant]
1766 1797 1846 1839 Lo-

441 1868 532 1895 cum
554 1853 663 1895 hunc
684 1853 740 1895 sic
759 1853 980 1895 restituere
1000 1867 1124 1895 ausus
1144 1867 1247 1901 sum,
1263 1853 1444 1909 reposito
1466 1861 1586 1896 tanto
1606 1868 1683 1910 pro
1697 1855 1846 1897 dando

439 1926 491 1953 ex
513 1911 673 1953 duobus
695 1911 823 1954 Codd.
849 1910 1024 1967 scriptis,
1046 1925 1128 1953 uno
1149 1909 1350 1954 Vossiano
1379 1910 1489 1953 inter
1518 1910 1712 1953 lectiones
1738 1911 1846 1954 vari-

439 1974 558 2011 antes
578 1969 621 2010 in
641 1968 820 2011 editione
843 1968 1068 2011 Oxoniensi
1098 1983 1171 2010 seu
1202 1968 1360 2011 Fellina
1379 1968 1569 2018 adducto,
1585 1968 1718 2011 altero
1739 1983 1843 2020 meo,

440 2041 562 2083 quem
584 2041 636 2069 ex
657 2025 906 2069 bibliotheca.
918 2026 1190 2068 Tewaterana
1211 2040 1343 2083 nuper
1364 2025 1609 2092 comparavi.
1642 2027 1725 2068 Pro
1745 2041 1844 2070 voce
1857 2042 1911 2080 30

439 2086 595 2127 honore
625 2084 893 2141 praestabant
912 2085 1087 2127 honores
1107 2083 1172 2126 vel
1192 2085 1389 2126 honorem
1410 2083 1610 2126 editiones
1635 2089 1733 2127 ante
1763 2084 1846 2128 Ba-

439 2142 602 2191 luzium,
624 2141 807 2199 exceptis
828 2141 1110 2184 vetustissimis
1130 2140 1208 2183 illis
1228 2147 1326 2184 ante
1348 2141 1646 2184 Erasmianam.

500 2199 605 2243 Ibid.
628 2199 654 2242 l.
682 2213 744 2251 14.
774 2214 828 2242 an
854 2199 909 2241 sit
928 2199 1093 2242 ethaeo
1112 2198 1224 2256 apud
1256 2199 1439 2257 singulos
1469 2199 1637 2256 veritas]
1666 2199 1733 2242 Ita
1759 2198 1845 2242 edi-

439 2257 572 2306 derat,
594 2256 664 2313 qui
695 2262 791 2299 anto
823 2256 1036 2299 Baluzium
1064 2256 1228 2299 ornavit
1252 2271 1367 2299 suam
1394 2256 1517 2314 hujus
1546 2256 1673 2299 libelli
1700 2256 1844 2300 editio-

439 2330 533 2358 nem
562 2314 745 2357 Jacobus
770 2313 1015 2366 Gronovius,
1043 2313 1175 2371 posito
1200 2329 1260 2356 an
1285 2315 1344 2357 sit
1371 2322 1410 2357 et
1430 2315 1535 2357 haec
1561 2328 1638 2371 pro
1660 2314 1841 2372 vulgato,
1855 2328 1907 2368 35

438 2388 499 2415 an
518 2380 596 2415 etet
617 2373 733 2414 haec.
796 2372 1064 2428 Firmantquc
1089 2372 1195 2414 hanc
1216 2370 1543 2414 emendationem
1564 2371 1795 2429 neglectam
1816 2386 1844 2416 a

441 2429 623 2479 Baluzio,
654 2429 688 2471 si
717 2429 836 2471 modo
864 2443 1044 2486 unquam
1075 2428 1236 2471 venerit
1262 2443 1313 2471 ca
1339 2428 1394 2471 ad
1426 2428 1613 2472 notitiam
1640 2429 1742 2486 ejus,
1765 2429 1843 2473 Co-

438 2487 550 2530 dices
579 2487 660 2530 duo
683 2486 882 2544 Cypriani
912 2486 1023 2544 apud
1056 2485 1217 2529 Novum
1241 2485 1467 2552 Collegium
1497 2486 1538 2528 in
1562 2486 1724 2529 Oxonio
1748 2501 1844 2530 con-

437 2544 603 2594 servati,
626 2544 806 2587 numeris
839 2556 863 2587 2
894 2550 937 2587 et
966 2558 991 2601 3
1021 2559 1048 2587 a
1077 2558 1141 2586 me
1168 2543 1252 2586 desi
1288 2549 1386 2586 natl.
1447 2544 1598 2587 Exstat
1627 2543 1669 2586 in
1697 2544 1841 2587 eodem

439 2602 624 2660 Collegio
654 2601 758 2645 alius
817 2608 1007 2645 raetcrea
1037 2601 1235 2659 Cypriani
1256 2558 1372 2643 liber
1400 2601 1600 2658 scriptus;
1634 2601 1708 2645 sed
1742 2616 1840 2645 vero
1854 2619 1907 2655 40

438 2660 587 2702 nullius
618 2660 763 2702 horum
809 2659 983 2702 *odicum
1005 2659 1198 2702 lectiones
1223 2658 1430 2702 variantes
1459 2659 1512 2702 ad
1544 2659 1653 2702 hunc
1673 2659 1840 2716 quidem

436 2717 546 2774 quod
567 2717 718 2762 attinet
738 2717 918 2759 libellum
939 2716 981 2759 in
1004 2716 1228 2759 Oxoniensi
1249 2716 1428 2759 editione
1448 2722 1700 2773 comparent.
1733 2717 1841 2760 Con-

436 2775 563 2818 sentit
591 2781 634 2818 ct
664 2790 754 2817 enm
787 2774 959 2818 lectione
987 2774 1257 2818 emendatiori
1284 2774 1426 2817 Codex
1459 2773 1658 2831 Cypriani
1691 2774 1839 2817 MStus

436 2847 484 2874 ex
510 2832 757 2875 bibliotheca
777 2832 824 2875 cl.
850 2833 964 2875 Drur
1015 2847 1123 2874 nunc
1143 2847 1169 2874 a
1189 2847 1254 2874 mo
1274 2837 1548 2898 comparatus·

497 2889 598 2932 lbid.
632 2890 657 2932 1.
686 2904 747 2945 ¹9·
782 2890 928 2947 Apollo
951 2847 1127 2933 Kdmoto
1148 2904 1271 2946 pecus
1292 2889 1421 2946 pavit]
1451 2889 1541 2932 lloe
1571 2903 1646 2946 pro
1669 2887 1836 2945 vulgato
1852 2904 1902 2942 45
