1988 3216
644 239 723 280 AD
756 237 1191 281 PHILIPPENSES.

1567 235 1620 276 13

219 348 444 411 γυναῖκας
495 347 625 411 ὑμῶν
673 347 722 397 ἐν
768 347 827 415 τῇ
882 345 1074 413 δοθείσῃ
1121 343 1284 398 αὑταῖς
1337 342 1495 395 πίστει
1546 343 1622 393 καὶ

218 427 384 503 ἀγάπῃ
422 431 499 481 καὶ
535 429 714 498 ἁγνείᾳ,
746 427 1070 496 (στεργούσας
1102 425 1213 482 τοὺς
1241 427 1420 479 ἑαυτῶν
1444 426 1622 493 ἄνδρας

218 516 268 566 ἐν
305 513 442 583 πάσῃ
486 514 701 583 ἀληθείᾳ,
748 515 825 565 καὶ
868 512 1138 580 ἀγαπώσας
1180 510 1364 566 πάντας
1404 509 1464 578 ἐξ
1510 510 1621 563 ἴσου

218 601 268 650 ἐν
309 597 447 667 πάσῃ
497 598 783 668 ἐγκρατει’ᾳ,)
836 600 913 650 καὶ
956 597 1016 650 τὰ
1065 597 1206 650 τέκνα
1253 595 1486 649 παιδεύειν
1534 594 1623 660 τὴν

182 683 430 738 5παιδείαν
462 688 548 735 τοῦ
581 681 740 752 φόβου
765 689 849 736 τοῦ
876 687 1016 735 Θεοῦ.

1098 680 1201 738 Τας
1235 680 1386 750 χήρας
1418 685 1619 750 σωφρο-

219 766 397 824 umjons·
437 790 543 836 περι
589 766 676 832 τὴν
717 774 802 820 rofi
849 769 1027 836 Κυρίου
1075 790 1257 830 πύστιν,
1303 765 1619 836 ἐντυγχανθύ·

217 876 312 908 σας
343 853 656 908 ἀδιαλειπτως
687 854 794 922 περὶ
824 851 1035 917 πάντων,
1061 850 1250 921 μακρὰν
1282 853 1431 907 οὔσας
1459 850 1623 916 πάσης

218 940 467 1003 διαβολῆς,
525 942 839 1001 καταλαλιᾶς,
891 937 1323 1008 ψευδομαρτυρίας,
1377 941 1619 1007 φιλαργυ-

1405 1025 1416 1040 D
1455 1024 1470 1042 S

217 1023 334 1092 ρίας,
369 1026 447 1077 Καὶ
479 1047 661 1080 πάντος’
697 1043 860 1076 KOEKOU‘
907 1046 1245 1090 ytvwxovffac
1278 1046 1348 1075 Οτι
1380 1044 1471 1074 eun
1503 1026 1620 1074 ⁸01)-

159 1130 206 1154 10
218 1107 505 1176 σιαστήριθν
532 1112 672 1170 Θεοῦ,
703 1112 779 1160 Καὶ
818 1131 889 1160 Οτι
925 1131 1084 1160 wavra
1119 1129 1522 1173 μωμοσκθπειται,
1546 1130 1624 1159 Και

217 1193 421 1259 λέληθεν
458 1192 603 1246 αὐτὸν
640 1193 792 1254 οὐδὲν,
830 1195 935 1245 οὔτε
971 1194 1241 1259 λογισμῶν,
1273 1195 1378 1244 οὔτε
1413 1193 1620 1257 ἐννοιῶν,
1635 1220 1838 1258 Heb.iv.12,

217 1278 332 1330 οὔτέ
351 1301 396 1330 τι
422 1280 518 1329 τῶν
544 1279 764 1346 κρυπτῶν
788 1280 873 1342 τῆς
898 1277 1107 1344 καρδίας.

293 1359 344 1414 ε’.
376 1361 567 1418 Εὶδότες
585 1362 682 1425 οὖν,
703 1362 774 1415 ὅτι
796 1370 810 1393 ‘
830 1363 954 1417 Θεὸς
973 1363 1028 1414 οὐ
1052 1360 1403 1429 μυκτηρίζεται,’
1425 1362 1619 1431 ὁφείλο-
1634 1376 1709 1408 Gal.
1726 1377 1768 1407 vi.
1787 1385 1815 1416 7.

217 1470 303 1512 μεν
333 1445 480 1516 ἀξίως
512 1450 596 1512 τῆς
626 1449 825 1512 ἐντολῆς
861 1449 1006 1500 αὑτοῦ
1040 1450 1117 1499 καὶ
1152 1446 1299 1516 δόξης
1331 1451 1618 1516 περιπατεῖν.

158 1531 427 1598 ι5“Ομοι’ως
453 1531 657 1584 διάκονοι
681 1532 917 1597 ἄμεμπτοι
956 1532 1245 1586 κατενώπιον
1270 1534 1416 1585 αὐτοῦ
1441 1535 1526 1597 τῆς
1551 1535 1620 1584 δι-

217 1616 490 1683 καιοσύνης,
528 1619 593 1674 ὡς
623 1621 750 1670 Θεοῦ
788 1621 864 1670 καὶ
904 1622 1125 1686 Χριστοῦ
1162 1617 1387 1681 διάκονοι,
1425 1620 1501 1670 καὶ
1539 1619 1624 1670 οὐκ

215 1702 498 1771 ἀνθρώπων·
545 1701 612 1768 μὴ
651 1701 886 1766 διάβολοι,
926 1702 993 1768 μὴ
1035 1703 1238 1770 δι’λογοι,
1279 1702 1620 1772 άφιλάργυροι,
1641 1720 1748 1752 ιΤὶιιι.
1770 1720 1814 1751 iii.

213 1789 453 1856 ἐγκρατεῖς
497 1811 600 1857 περι
645 1786 819 1852 πάντα,
860 1791 1207 1858 εὔσπλαγχνοι,
1245 1791 1492 1854 ἐπιμελεῖς,
1530 1774 1655 1841 πο-3

216 1926 335 1965 etiam
367 1927 546 1966 mulieres
576 1933 720 1966 vestras
750 1928 790 1966 in
819 1928 894 1967 fide

215 1994 315 2032 quae
342 1981 433 2020 data
451 1987 510 2021 est
535 1982 599 2030 eis,
620 1987 659 2021 et
677 1982 892 2030 dilectione,

217 2040 258 2074 et
291 2035 466 2074 castitate
500 2036 689 2087 (amantes
719 2050 808 2075 suos
838 2037 893 2074 vi·

218 2103 281 2127 ros
308 2090 349 2127 in
378 2090 480 2128 omni
501 2090 664 2129 veritate
689 2096 754 2129 'net
773 2090 893 2128 chari-

217 2148 309 2190 tate,
338 2143 541 2194 diligentes
568 2157 701 2183 omnes
728 2145 893 2195 aequali-

218 2203 279 2236 ter
307 2197 348 2235 in
373 2198 478 2236 omni
507 2198 758 2250 continentia)
783 2204 822 2237 et
850 2199 892 2236 fi-

218 2251 290 2290 lios
318 2252 469 2290 erudire
497 2252 537 2290 in
562 2253 763 2304 disciplina
781 2258 820 2292 et
845 2253 893 2292 ti

217 2318 324 2344 more
339 2306 422 2344 Dei.
457 2306 606 2345 Viduae
623 2321 715 2346 vero
734 2307 893 2358 pudicae

217 2359 318 2398 circa
340 2360 456 2399 fidem
476 2360 549 2399 Dei
572 2361 818 2412 interpellent
836 2362 893 2400 in-

217 2419 409 2453 cessanter
444 2428 516 2466 pro
546 2416 750 2463 omnibus3
790 2416 892 2454 elon-

217 2474 353 2519 gantes
381 2482 422 2507 se
450 2470 499 2507 ab
527 2469 705 2508 omnibus
734 2470 893 2509 diaboli·

217 2522 272 2560 cis
292 2523 602 2571 detractionibus,
619 2529 658 2563 et
671 2524 766 2562 falso
784 2525 892 2563 testi-

219 2576 360 2624 monio,
389 2582 428 2616 et
456 2578 504 2616 ab
537 2578 641 2616 omni
674 2579 801 2617 malo:
832 2592 893 2617 co-

219 2636 445 2681 gnoscentes
486 2631 638 2682 seipsas,
677 2633 767 2683 quia
803 2638 893 2671 sunt

219 2685 426 2723 sacrarium
465 2685 563 2723 Dei:
597 2687 779 2736 quoniam
813 2700 893 2724 om-

949 1929 1013 1967 nia
1060 1929 1165 1967 Deus
1211 1929 1407 1980 prospicit,
1447 1935 1486 1968 et
1530 1930 1623 1967 nihil

949 1996 1037 2021 eum
1066 1984 1171 2030 latet,
1195 1997 1318 2034 neque
1346 1983 1541 2034 cogitatio,
1561 1997 1624 2022 ne-

948 2051 1023 2088 que
1051 2037 1294 2084 conscientia,
1319 2051 1442 2087 neque
1468 2038 1624 2089 aliquod

947 2091 1123 2130 abditum
1142 2091 1277 2129 cordis.

1004 2146 1050 2183 V.
1082 2145 1254 2184 Scientes
1273 2159 1365 2196 ergo
1383 2146 1474 2197 quia
1493 2144 1626 2185 bDem

949 2214 1029 2238 non
1059 2200 1267 2247 deridetur,
1298 2200 1480 2238 debemus
1510 2200 1626 2252 digne

949 2254 989 2292 in
1014 2254 1206 2293 mandatis
1231 2254 1313 2305 ejus
1337 2260 1376 2293 et
1401 2254 1524 2306 gloria
1546 2268 1626 2293 am-

949 2308 1090 2346 bulare.
1156 2308 1343 2347 Similiter
1380 2309 1530 2348 diaconi
1568 2310 1625 2348 in·

948 2362 1156 2414 culpabiles
1202 2363 1279 2401 sint
1330 2363 1369 2401 in
1418 2370 1623 2414 conspectu

942 2417 1118 2468 justitiae
1137 2417 1229 2468 ejus,
1248 2417 1348 2456 sicut
1367 2417 1441 2456 Dei
1460 2423 1500 2456 et
1515 2418 1624 2456 Chri-

948 2471 997 2510 sti
1026 2471 1205 2519 ministri,
1228 2477 1267 2510 et
1292 2485 1369 2510 non
1398 2472 1596 2510 hominum
1615 2487 1622 2510 :

948 2539 1026 2564 non
1072 2525 1347 2573 criminatores,
1390 2539 1513 2576 neque
1559 2527 1624 2564 de-

949 2585 1145 2627 tractores,
1195 2593 1318 2630 neque
1363 2580 1467 2618 avari
1487 2594 1497 2627 ;
1557 2581 1623 2619 sed

949 2634 1078 2671 omnia
1109 2634 1318 2672 tolerantes
1355 2634 1395 2672 in
1433 2635 1622 2682 omnibus,

949 2687 1223 2734 misericordes,
1243 2688 1447 2738 diligentes
1475 2689 1514 2727 in
1543 2702 1622 2727 om-

780 2808 830 2839 Ετ
845 2807 964 2840 Smielti
979 2808 1054 2839 edit.

481 2877 495 2892 ⁸
513 2871 713 2904 Reduudare
729 2873 870 2905 videtur.

1142 2873 1156 2894 ¹²
1172 2874 1246 2905 Gal.
1264 2875 1306 2905 vi.
1329 2884 1356 2915 7.

1640 1274 1686 1305 13.
