1988 3216
361 209 418 247 82
838 206 1297 249 ANNOTATIONES

365 313 661 370 Hippolyteum
712 314 788 354 hoc
835 328 936 370 opus
983 328 1074 355 cum
1122 313 1298 355 Fabricii
1342 313 1448 355 notis
1498 312 1770 368 repetendum

363 370 535 420 curavit,
567 370 670 412 alius
700 377 920 427 praeterea
951 371 1112 414 Codicis
1141 371 1303 422 Graeci,
1325 385 1447 427 quem
1478 369 1683 412 detexisse
1712 369 1771 411 ait

365 428 626 471 Guiljelmum
659 428 920 471 Cardinalem
954 429 1148 471 Sirletum
1183 428 1225 470 in
1257 429 1298 471 S.
1332 427 1473 470 Basilii
1508 426 1769 475 monasterio,

362 485 533 542 ejusque
572 486 802 528 meminisse
842 487 884 527 in
920 486 1107 542 Epistola
1141 486 1260 528 Litur
1291 486 1355 528 iae
1393 486 1434 528 S.
1467 485 1599 527 Marci
1635 486 1771 527 Evan-

362 543 536 600 gelistae
575 544 813 600 praemissa.
875 544 970 586 Vid.
1020 544 1214 600 Prolegg.
1297 543 1465 585 allandii
1505 544 1558 584 ad
1599 549 1695 584 tom.
1725 554 1804 592 11.5

362 616 402 657 p.
442 601 566 643 xlviii.
633 602 847 644 Mortuum
888 601 1065 658 denique
1106 616 1194 643 esse
1236 601 1284 643 cl.
1323 600 1508 649 Gavium,
1548 607 1771 656 antequam

363 659 465 700 haec
496 658 716 715 Hippolyti
747 674 773 700 a
804 659 992 701 Fabricio
1025 659 1184 701 Graece
1215 658 1328 701 edita
1357 673 1380 700 e
1411 657 1573 714 scriptis
1602 658 1770 707 fuerint,

362 722 586 772 propterea
616 717 782 765 notabo,
805 717 916 772 quod
946 716 988 758 in
1009 716 1196 758 Historia
1225 731 1300 758 sua
1320 715 1527 758 Literaria
1547 716 1600 758 de
1626 715 1770 758 iisdem

362 773 544 830 reliquiis
571 780 669 815 tunc
694 780 854 816 tantum
876 789 902 815 a
922 773 1128 816 Turriano
1150 773 1298 816 Latine
1319 773 1448 815 versis
1468 773 1531 814 vir
1558 779 1772 829 praestan-

362 831 540 873 tissimus
560 831 693 873 minus
713 838 826 873 recte
848 831 1008 873 statuit.
1787 846 1834 870 10

420 889 466 930 P.
484 903 554 942 49.
576 889 601 930 l.
625 903 688 931 10.
720 889 764 930 τὸ
786 890 860 941 μὲν
881 889 1006 943 γένος,
1027 888 1077 940 ἦν
1099 888 1330 944 Σμυρναῖος]
1365 888 1641 944 Smyrnaeum
1661 888 1702 930 N
1704 891 1772 930 οό-

360 953 449 988 tum
490 946 617 988 fuisse
656 946 715 988 ait
753 947 877 988 etiam
913 946 1214 995 Theodoretus,
1250 946 1320 988 lib.
1356 959 1417 988 111.
1453 946 1626 987 Haeret.
1668 946 1771 988 Fab.

360 1019 450 1061 cap.
464 1018 507 1060 3,
528 1010 571 1046 et
592 1004 886 1053 Damascenus‚
908 1009 1006 1046 sect.
1021 1014 1092 1059 57,
1115 1003 1185 1059 qui
1205 1003 1310 1046 solet
1330 1003 1610 1060 Epiphanium
1631 1002 1772 1060 sequi3

360 1068 403 1104 et
423 1069 563 1104 tamen
583 1062 695 1118 apud
715 1061 1007 1119 Epiphanium,
1026 1060 1202 1103 Haeresi
1222 1074 1292 1116 57,
1309 1061 1425 1118 legas
1445 1061 1487 1102 N
1489 1064 1627 1103 o'etum
1648 1061 1774 1103 fuisse

359 1119 552 1161 Ἀσιανὸν
574 1122 640 1171 τῆς
658 1119 838 1173 Ἐφέσου
859 1121 1027 1163 πόλεως.
1062 1119 1230 1160 FABR.
1293 1119 1402 1161 Olim
1423 1118 1562 1161 notavi
1585 1119 1640 1161 ad
1661 1119 1773 1161 Reli·
1787 1130 1834 1170 15

361 1177 493 1233 quiar.
517 1178 631 1220 Sacr.
654 1191 709 1219 tv.
734 1179 831 1231 246,
852 1177 923 1219 ubi
950 1177 1127 1234 primum
1156 1177 1234 1219 hoc
1261 1182 1387 1233 caput
1410 1176 1594 1233 opusculi
1615 1176 1775 1234 Hippo-

360 1235 462 1291 lytei
494 1250 623 1291 usque
653 1236 707 1278 ad
738 1249 878 1277 vocem
915 1237 1112 1287 συστῆσαι
1147 1249 1238 1276 cum
1269 1234 1390 1277 titulo
1422 1234 1592 1278 Concilii
1627 1241 1774 1277 contra

362 1294 542 1335 No'etum
584 1293 789 1342 collocavi,
822 1307 939 1350 posse
980 1307 1086 1343 eum,
1118 1292 1189 1348 qui
1220 1299 1314 1335 ortu
1347 1293 1603 1349 Smyrnaeus
1632 1292 1772 1342 fuerit,

363 1351 518 1408 Ephesi
539 1351 678 1393 sedem
700 1356 844 1407 postea
862 1351 1000 1392 fixisse
1020 1365 1148 1392 suam.

420 1408 526 1451 Ibid.
567 1409 613 1450 οὐ
647 1410 722 1462 πρὸ
757 1411 912 1451 πολλοῦ
943 1409 1092 1463 χρόνου
1132 1407 1367 1463 γενομένας]
1420 1407 1770 1464 Praepositionem
1785 1423 1835 1448 20

361 1465 438 1519 πρὸ
472 1466 587 1508 uncis
621 1466 785 1525 inclusit
821 1465 1048 1516 Fabricius,
1082 1464 1254 1522 perinde
1289 1479 1337 1506 ac
1372 1465 1406 1507 si
1440 1466 1493 1508 ab
1529 1466 1774 1532 apographo

363 1523 727 1566 Montfauconiano
757 1523 868 1566 idem
899 1524 1076 1572 abesset,
1105 1523 1217 1579 quod
1244 1522 1410 1579 quidem
1440 1528 1587 1566 contra
1615 1523 1774 1567 invenit

362 1582 404 1623 in
426 1582 563 1624 codice
583 1597 657 1624 suo
678 1582 908 1624 Turrianus
929 1580 1101 1623 Latinus
1121 1581 1339 1637 interpres.

421 1639 526 1682 Ibid.
559 1641 605 1682 οὗ
635 1640 711 1693 πρὸ
746 1643 905 1682 πολλοῦ
945 1640 1093 1694 χρόνου
1127 1639 1357 1694 γενόμενος]
1402 1638 1660 1738 Epiphanius
1698 1638 1770 1689 ait,

364 1697 563 1755 [Haeresi
583 1697 665 1746 lvii,
688 1712 799 1739 num.
823 1711 856 1746 1,
886 1697 957 1739 ubi
987 1696 1183 1739 nonnulla
1211 1696 1372 1745 horum,
1395 1702 1441 1739 ut
1500 1695 1569 1746 ixi,
1591 1697 1770 1739 afferun-
1785 1710 1834 1749 25

361 1756 451 1812 tur]
475 1756 517 1797 N
518 1758 655 1798 oetum
687 1754 916 1812 prodidisse
950 1754 1142 1797 haeresin
1173 1768 1286 1796 suam
1318 1759 1416 1796 ante
1450 1767 1580 1796 annos
1607 1754 1772 1798 circiter

362 1827 497 1856 cxxx.
528 1813 574 1855 οὐ
601 1813 678 1866 πρὸ
707 1814 806 1855 ἑτῶν
825 1814 1040 1863 πλειόνων,
1061 1810 1154 1854 ἀλλ’
1177 1812 1227 1856 ὡς
1253 1811 1329 1864 πρὸ
1355 1811 1504 1866 χρόνου
1525 1815 1602 1854 τῶν
1622 1814 1772 1855 τούτων
1826 1837 1830 1841 -

363 1871 506 1913 ἑκατὸν
545 1869 766 1923 τριάκοντα,
808 1871 933 1912 πλείω
973 1869 996 1922 ἢ
1038 1870 1216 1911 ἐλάσσω.
1299 1868 1474 1926 Scripsit
1513 1869 1773 1927 Epiphanius

360 1943 469 1971 anno
502 1928 657 1971 Christi
689 1942 894 1970 ccchxxv.
957 1927 1036 1970 His
1066 1927 1099 1969 si
1129 1933 1291 1969 centum
1329 1941 1377 1970 ac
1411 1926 1586 1984 triginta
1616 1928 1771 1979 demas,

360 1993 501 2029 manet
530 2001 662 2028 annus
693 2000 841 2029 οοΧῐΝ.
903 1986 1003 2027 Mox
1035 1985 1143 2027 idem
1172 1990 1349 2027 testatur
1381 1985 1574 2034 Nobitum,
1601 1985 1772 2041 ἔναγχος
1783 2000 1835 2037 30

356 2045 493 2100 paulo
514 2052 627 2100 post,
650 2059 732 2086 una
752 2059 843 2086 cum
866 2044 997 2086 fratre
1017 2048 1224 2085 mortuum
1246 2057 1347 2085 esse.
1381 2042 1614 2087 FABRIC.
1676 2044 1771 2086 Vox

361 2103 441 2145 ista
481 2102 648 2156 ἔναγχος
687 2117 837 2158 nuper,
880 2108 926 2144 ut
965 2101 1020 2143 ad
1062 2100 1288 2156 Reliquiar.
1328 2100 1445 2143 Sacr.
1476 2100 1609 2143 locum
1649 2102 1771 2144 modo

362 2159 516 2203 dictum
538 2159 711 2209 ostendi,
734 2174 840 2216 quae
868 2165 1006 2202 exstat
1032 2158 1144 2215 apud
1165 2158 1457 2215 Epiphaniam,
1478 2158 1634 2202 indicat
1656 2158 1770 2202 illum

363 2217 711 2261 narratiunculam
741 2231 855 2259 suam
878 2231 928 2259 ex
952 2216 1176 2259 vetustiore
1195 2216 1333 2272 aliquo
1353 2222 1522 2259 auctore
1544 2218 1640 2259 κατὰ
1659 2218 1772 2270 λέξιν
1840 2234 1844 2238 ·

363 2290 477 2318 more
496 2289 570 2317 suo
591 2274 875 2331 desumpsisse.
1783 2288 1834 2328 35

422 2332 527 2375 Ibid.
559 2332 585 2374 l.
622 2345 683 2374 12.
726 2330 934 2397 ἐπαχθείς]
976 2330 1202 2385 Ἐπαρθεὶς,
1236 2337 1283 2373 ut
1322 2330 1417 2372 olim
1458 2330 1609 2381 monui,
1650 2345 1770 2388 repo-

365 2390 543 2434 nendum
571 2395 635 2432 est
664 2404 715 2432 ex
738 2389 933 2432 Tui-riam
959 2387 1315 2445 interpretatione,
1337 2402 1444 2444 quae
1473 2388 1612 2438 habet,
1634 2389 1771 2432 alieni

363 2450 548 2505 spiritus
567 2449 883 2491 existimatione
903 2446 1048 2489 elatus.
1198 2494 1204 2499 ,

424 2506 527 2549 Ibid.
552 2505 576 2548 l.
603 2515 663 2559 17.
686 2507 707 2547 ὁ
729 2505 899 2561 ἔλεγχος
919 2504 1067 2559 αὐτῶν]
1104 2502 1407 2560 Discipulorum
1431 2503 1567 2547 Noeti.

423 2564 467 2606 P.
490 2576 559 2620 50.
581 2562 607 2606 l.
638 2577 670 2605 1.
701 2563 896 2615 ἔκβλητος
923 2561 1134 2616 γεγένηται
1165 2560 1310 2614 κλήρου
1331 2562 1476 2616 bytom]
1511 2562 1550 2604 A
1572 2561 1770 2606 Christia-
1782 2574 1834 2609 40

365 2636 510 2664 norum
538 2627 670 2670 coetu,
697 2634 778 2663 non
805 2619 950 2663 ordine
983 2633 1114 2669 sacrm
1145 2618 1323 2675 ejectus;
1365 2633 1459 2662 nam
1490 2619 1599 2662 infra
1627 2619 1768 2670 habes.

365 2680 453 2722 τότε
484 2681 624 2721 τοῦτον
663 2678 900 2732 ἐλέγξοντες
934 2676 1108 2730 ἐξέωσαν
1147 2679 1215 2729 τῆς
1245 2677 1494 2730 Έκκλησίας.
1571 2677 1770 2721 Mendose

365 2743 503 2779 exstat
522 2735 634 2793 apud
657 2735 887 2778 Fabricium
909 2734 1072 2789 γένηται
1121 2748 1168 2776 ro
1190 2734 1413 2789 γεγένηται.
1769 2734 1774 2744 ’

429 2793 529 2836 lbid,
567 2793 591 2835 1.
613 2806 654 2848 3.
689 2793 860 2850 Ἀαρών]
904 2793 968 2835 Ita
1007 2798 1050 2835 et
1092 2748 1125 2834 Β
1156 2791 1359 2848 iphanius‚
1393 2797 1436 2834 et
1474 2791 1767 2835 Damascenus.

368 2852 450 2894 Sed
487 2850 740 2900 philastrius,
775 2850 951 2894 l-Iaeresi
982 2863 1051 2905 53,
1085 2857 1094 2873 ‘
1118 2807 1311 2892 §ostiani
1346 2848 1540 2892 insensati
1577 2849 1767 2907 [ἀνόητοι]
1780 2855 1830 2894 45
