2034 3204
454 223 770 267 ADVERSUS
803 223 1004 266 OMNES
1036 223 1357 266 HAERESES.
1522 225 1608 271 219

201 328 352 384 posuit,
379 328 421 370 in
449 330 556 372 notis
587 330 669 372 suis
701 329 843 380 refert,
874 330 1078 373 monuisse
1108 330 1241 372 virum
1271 330 1606 381 eruditissimum,

201 385 422 443 legendum
442 387 616 437 Aeones,
637 393 810 444 propter
834 387 1112 445 Epiphaniam
1142 388 1186 429 in
1216 388 1393 430 Haeres.
1456 388 1535 430 Καὶ
1564 390 1608 430 ἐκ

201 446 340 485 τούτου
360 447 430 485 τοῦ
450 446 602 489 Αἷῶνος
621 449 689 487 τοῦ
708 447 876 500 αἰσχροῦ
904 445 968 488 καὶ
990 447 1058 498 τῆς
1076 444 1224 498 μήτρας
1247 445 1457 498 γεγονέναι
1477 446 1609 489 Θεοῦς

200 516 245 541 τε
265 500 329 542 καὶ
349 501 438 545 τοὺς
456 500 679 555 Ἀγγέλους
701 503 765 545 καὶ
785 503 985 555 δαίμονας.
1048 502 1239 545 Scribere
1259 508 1399 545 autem
1432 501 1608 545 'usserat

164 567 187 606 5
203 556 374 599 Latinus
405 557 608 610 Latinius,
639 574 877 603 communes
907 573 984 617 pro
1011 574 1164 609 omnes,
1198 559 1310 616 quod
1345 573 1423 616 pro
1479 565 1499 602 t
1530 560 1560 602 J
1563 574 1609 603 u-

199 613 303 656 nius.
363 614 495 658 Recte
524 622 722 672 praestat,
753 618 967 674 quasdam
998 618 1287 673 turpitudinis
1315 625 1455 667 notas,
1481 616 1608 660 editio

202 671 406 721 Halensis,
427 673 501 716 sed
522 674 632 716 unde
652 680 865 731 acceptum
885 674 1032 717 nescio.
1324 716 1326 719 ,

258 729 306 771 Ρ.
328 730 422 784 163.
440 730 467 772 l.
490 743 505 771 1
515 732 554 773 8.
569 731 823 788 conjunctas]
837 732 929 774 Hoc
944 737 1008 775 est
1023 731 1347 787 conjunctiones.
1369 730 1604 774 RIGALT.

259 785 364 828 Ibid.
385 785 412 828 l.
437 799 504 830 21.
536 794 579 831 et
602 788 690 845 jam
717 790 1007 846 praeterimus]
1034 788 1102 832 Sic
1122 803 1213 831 cum
1234 789 1395 831 editore
1417 789 1607 831 Romano

140 843 306 900 1olego,
327 858 405 900 pro
425 846 558 888 etiam
578 848 881 902 praeterimus.
941 846 1044 889 Vult
1075 845 1286 890 Semlerus
1314 860 1532 903 reponere,
1553 847 1608 889 Si

200 902 334 944 etiam
357 904 662 957 praeterimus,
693 906 805 947 satis
833 912 894 947 est
918 905 1040 947 nobis
1066 903 1143 946 διο.
1217 904 1357 961 Supra
1385 903 1429 946 in
1455 903 1527 946 lin.
1552 916 1608 947 20

198 957 350 1000 Junius
378 973 517 1002 vocem
547 960 712 1004 sustulit
738 963 849 1004 satis
875 967 973 1004 ante
1004 962 1237 1017 sacrileya.
1299 961 1384 1004 Sed
1415 966 1607 1004 neutram

198 1016 385 1072 approbo
406 1017 696 1074 conjecturam.

258 1073 363 1116 Ibid.
394 1074 422 1115 l.
447 1088 513 1130 23.
548 1075 792 1133 gravissima
825 1075 1056 1118 sententiae
1087 1075 1351 1132 auctoritate]
1386 1076 1455 1117 An
1487 1090 1608 1133 repo-

140 1143 153 1168 1
163 1140 185 1179 5
200 1130 380 1172 nendum
398 1134 686 1187 yravissimae
699 1133 723 1175 Ρ

259 1188 305 1230 P.
335 1190 427 1244 164.
453 1189 480 1231 l.
503 1203 538 1232 1.
558 1189 760 1244 imitatur]
785 1189 923 1247 Magis
943 1190 1181 1233 conveniret
1201 1189 1297 1232 huic
1325 1190 1413 1232 loco
1434 1190 1607 1233 verbum

198 1246 389 1288 intimat.

259 1303 363 1346 Ibid.
395 1303 421 1346 l.
449 1317 489 1358 4.
523 1304 578 1347 ad
617 1303 898 1346 benedicenda
931 1303 1182 1346 eucharistia
1212 1304 1306 1359 sua]
1352 1304 1605 1347 Mutandum

199 1360 357 1403 censuit
378 1361 583 1404 Pamelius
612 1363 880 1404 eucharistia
910 1360 951 1403 in
981 1362 1275 1405 eucharistica
1287 1377 1302 1409 ;
1333 1361 1419 1410 sed,
1441 1367 1607 1405 retenta

138 1435 186 1460 20
200 1417 375 1474 pristina
394 1417 582 1468 lectione,
608 1418 667 1460 ait
687 1418 908 1475 Rigaltius,
932 1424 943 1443 ‘
961 1418 1029 1462 Sic
1059 1418 1188 1461 habet
1210 1419 1352 1461 Codex
1383 1419 1607 1462 Divionen-

201 1474 294 1517 ‘sis.
346 1475 488 1531 Atque
508 1476 568 1518 ita
587 1475 711 1519 etiam
738 1475 947 1518 Indiculus
968 1477 1140 1518 Haeres.
1165 1476 1427 1533 Hieronymi,
1452 1479 1494 1532 [a
1515 1478 1604 1519 Me-

200 1539 210 1556 ‘
228 1533 359 1575 nardo
381 1532 551 1590 editus]
595 1534 657 1575 Et
676 1535 767 1589 ipse
787 1534 881 1576 illis
900 1533 1149 1576 eucharistia
1169 1535 1440 1589 sanctificat?

259 1589 364 1632 Ibid.
387 1591 412 1632 l.
435 1605 498 1633 11.
530 1591 738 1647 gravitate
767 1591 966 1634 materiae
996 1591 1204 1648 permixta
1230 1590 1328 1648 sibi]
1361 1592 1605 1648 Legendum

200 1646 361 1690 videtur
376 1650 631 1704 permixtae.

137 1714 185 1752 25
258 1705 362 1747 Ibid.
384 1705 410 1747 l.
437 1719 500 1761 13·
531 1706 574 1748 in
604 1706 826 1749 medietate
856 1706 1045 1749 relictum
1075 1706 1309 1749 extendisse
1339 1712 1486 1754 totum,
1508 1706 1605 1748 effe-

198 1761 300 1804 cisse
329 1762 386 1804 sic
405 1763 583 1819 coelum]
619 1763 686 1806 Sic
707 1763 863 1806 editum
890 1770 966 1806 est.
1028 1763 1113 1806 Sed
1140 1763 1314 1820 conjecit
1342 1763 1605 1807 scribendum

198 1820 431 1863 extendisse
459 1835 504 1862 se
532 1820 741 1863 Semlerus
761 1827 804 1863 et
822 1826 920 1864 ante
940 1835 1035 1864 eum
1056 1821 1229 1863 Latinus
1250 1821 1448 1872 Latinius,
1470 1820 1542 1877 qui
1561 1827 1606 1864 et

200 1882 313 1920 recte
342 1877 500 1920 censuit
529 1878 764 1934 ponendum
785 1892 874 1921 esse
903 1886 943 1922 et
959 1879 1119 1935 fecisse
1148 1893 1225 1935 pro
1246 1880 1439 1934 effecisse.
1503 1879 1605 1920 For-

201 1939 308 1977 tasse
327 1934 457 1990 igitur
477 1935 537 1978 ita
550 1935 750 1993 legendus
765 1941 828 1978 est
848 1935 974 1986 loom,
990 1937 1038 1978 in
1053 1937 1278 1979 medietate
1294 1950 1391 1978 vero
1407 1936 1606 1978 relictum

136 2009 187 2044 30
199 1993 432 2035 eoetendisse
451 2007 495 2035 se
517 2001 662 2042 totum,
683 1999 726 2035 et
745 1993 888 2035 fecisse
908 1994 972 2036 sic
991 1994 1163 2036 coelum.

258 2049 362 2092 Ibid.
394 2050 419 2092 l.
438 2063 504 2105 17.
535 2064 658 2106 quem
687 2050 917 2107 occlusisse]
944 2050 1190 2107 conjecerat
1218 2050 1454 2107 legendum,
1477 2059 1606 2107 atque

198 2108 420 2150 occlusisse
439 2108 467 2150 J
470 2107 602 2150 unius.
664 2108 806 2150 Malim
827 2110 946 2165 queis
966 2109 1031 2150 vel
1052 2110 1206 2164 quibus
1226 2122 1443 2165 reponere.

257 2164 363 2207 Ibid.
385 2165 411 2207 l.
428 2166 494 2207 28.
517 2170 561 2208 et
580 2164 887 2208 similitudinem
907 2165 1131 2223 serpentis]
1151 2166 1268 2208 Fors.
1290 2165 1525 2223 legendum,
1542 2167 1605 2208 ad

197 2223 528 2266 similitudinem
547 2225 766 2279 serpentis.

135 2288 185 2326 35
257 2279 304 2322 Ρ.
326 2281 417 2334 165.
450 2280 475 2323 l.
499 2293 567 2324 20.
598 2295 674 2337 per
703 2280 933 2337 passionem
956 2280 1131 2336 Christi]
1169 2281 1261 2322 Hoc
1281 2286 1359 2332 est,
1379 2280 1413 2322 si
1441 2286 1605 2337 patere-

199 2343 267 2379 tur
289 2337 490 2380 Christus.

257 2394 362 2437 Ibid.
384 2394 409 2436 l.
435 2396 502 2437 28.
533 2395 630 2438 dum
652 2395 758 2438 Abel
778 2396 1042 2439 interfectum
1063 2395 1268 2450 dicerent]
1303 2395 1452 2437 Nonne
1473 2411 1604 2451 quum

199 2457 241 2492 et
261 2453 440 2495 disceret
459 2452 728 2509 reponenda?
758 2454 884 2510 Apud
906 2453 1185 2510 Epiphanium
1205 2453 1247 2495 in
1263 2454 1444 2495 Haeres.
1458 2452 1602 2502 xxxix,

197 2509 514 2560 &thiaram-um,
548 2511 601 2552 de
633 2510 711 2552 hac
742 2517 876 2553 matre
915 2512 994 2554 hoc
1027 2510 1205 2567 positum
1240 2516 1317 2560 est,
1354 2514 1508 2563 γνοῦσα
1541 2510 1604 2552 ὅτι

135 2579 185 2612 40
198 2565 437 2608 ἀπέκτανται
462 2566 608 2619 Ἀβελ,
641 2569 905 2621 ἑνθυμηθεῖσα
937 2569 1101 2619 ἐποίησε
1131 2570 1370 2621 γεννηθῆναι
1403 2567 1474 2608 τὸν
1505 2570 1602 2620 Σῆθ,

199 2624 262 2665 καὶ
283 2625 327 2665 ἐν
345 2625 467 2679 τούτῳ
489 2625 604 2676 ἔθηκε
624 2624 695 2676 τὴν
716 2626 832 2676 αὐτῆς
852 2626 1027 2678 δύναμιν.
1059 2640 1094 2667 c.
1117 2625 1156 2666 ii.
1179 2640 1220 2681 p.
1239 2627 1336 2676 284,
1357 2624 1422 2666 ed.
1443 2625 1586 2667 Petav.

256 2681 363 2723 Ibid.
403 2681 428 2722 l.
460 2694 530 2737 32.
582 2681 882 2724 Permixtiones
927 2683 1035 2725 enim
1082 2682 1224 2725 dicunt
1263 2682 1518 2738 Angelorum
1560 2688 1603 2725 et

198 2738 408 2780 hominum
447 2738 607 2794 iniquas
646 2739 791 2796 fuisse]
833 2740 875 2783 h.
897 2755 932 2782 e.
969 2741 1162 2796 impares,
1201 2739 1451 2795 inaequales.
1511 2739 1603 2782 Nisi

198 2796 306 2838 forte
336 2797 617 2852 reponendum
649 2803 723 2846 est,
754 2799 928 2853 impias,
962 2813 1087 2853 quum
1119 2812 1238 2839 voces
1267 2797 1376 2840 inter
1407 2812 1450 2840 se
1482 2797 1602 2841 facile

137 2871 154 2902 4
165 2867 186 2904 5
198 2860 422 2896 mutentur.
