2034 3204
498 237 580 278 DE
627 232 1212 278 PRAESCRIPTIONE
1258 232 1454 272 HAER.
1601 230 1679 272 151

345 346 438 392 His
470 344 826 391 definitionibus
861 349 1145 404 provocatae
1177 358 1204 388 a
1238 342 1375 388 nobis
1403 348 1451 388 et
1480 342 1683 388 revictae

275 425 494 470 haereses
529 437 708 476 omnm,
732 423 830 468 sive
853 437 978 482 quae
1015 427 1246 481 posterae,
1273 421 1374 465 sive
1398 435 1522 480 quae
1550 435 1685 466 coae-

275 508 442 547 taneae
467 499 828 560 Apostolorum,
852 500 1112 546 dummodo
1136 498 1378 552 diversae;
1420 498 1520 543 sive
1544 513 1686 560 gene·

275 577 453 631 raliter‚
494 579 593 623 sive
639 577 907 638 specialiter
947 583 1140 622 notatae
1188 576 1249 622 ab
1294 575 1375 628 eiS,
1424 576 1685 621 dummodo

237 657 657 716 5praedamnatae‚
695 656 902 701 audeant
938 654 1222 714 respondere
1251 651 1406 715 [sorS.
1432 652 1685 714 reponere]

275 739 324 779 et
358 733 488 794 ipsae
523 733 709 793 aliquas
745 732 979 794 ejusmodi
1021 730 1419 792 praescriptiones
1459 730 1686 776 adversus

280 817 488 857 nostram
538 810 858 870 disciplinam.
945 809 998 855 Si
1045 809 1173 855 enim
1222 815 1399 870 negant
1436 807 1685 854 veritatem

277 889 394 950 ejus,
434 889 608 934 debent
648 889 848 948 probare
891 887 1019 933 illam
1061 902 1250 946 quoque
1293 887 1525 932 haeresim
1571 901 1687 939 esse,

278 968 441 1013 eadem
476 966 631 1012 forma
671 966 912 1019 revictam,
949 981 1045 1027 qua
1083 965 1213 1024 ipsae
1251 964 1590 1017 revincunturr,
1641 971 1688 1009 et

218 1061 266 1085 10
279 1045 524 1090 ostendere
546 1044 705 1098 simul,
725 1043 920 1090 ubinam
946 1043 1219 1103 quaerenda
1242 1042 1306 1087 sit
1332 1042 1524 1094 veritaS,
1540 1057 1687 1101 quam

280 1124 406 1183 apud
444 1122 551 1168 illas
588 1138 680 1167 non
718 1138 818 1167 esse
847 1123 951 1183 jam
984 1127 1184 1166 constat.
1259 1119 1501 1164 Posterior
1524 1126 1689 1164 nostra

282 1216 355 1246 res
396 1216 488 1246 non
527 1207 628 1246 est:
683 1200 830 1245 immo
866 1199 1089 1245 omnibus
1128 1198 1260 1258 prior
1294 1204 1379 1243 est.
1453 1197 1560 1242 Hoc
1595 1197 1688 1242 erit

283 1278 611 1324 testimonium
627 1277 843 1323 veritatis
860 1277 1036 1336 ubique
1052 1275 1328 1335 occupantis
1347 1274 1688 1334 principatum.

284 1356 423 1409 Quod
459 1356 520 1401 ab
544 1355 792 1415 Apostolis
822 1356 988 1414 utique
1021 1369 1113 1398 non
1140 1354 1410 1403 damnatur,
1437 1352 1585 1397 immo
1609 1353 1689 1397 de-

226 1433 534 1480 15fenditur:
587 1434 676 1479 hoc
721 1433 813 1478 erit
855 1431 1082 1478 indicium
1133 1430 1452 1491 proprietatis.
1529 1430 1685 1483 Quam

284 1511 412 1558 enim
438 1527 528 1557 non
555 1512 786 1557 damnant
808 1510 892 1570 qui
925 1516 1201 1556 extraneam
1225 1523 1467 1568 quamque
1492 1509 1689 1554 damna-

284 1596 472 1643 verunt,
497 1605 633 1635 suam
658 1590 933 1643 ostendunt,
959 1588 1159 1648 ideoque
1182 1595 1229 1633 et
1253 1587 1529 1632 defendunt.

348 1666 456 1730 Age
486 1668 605 1728 jam,
629 1667 713 1726 qui
738 1669 864 1712 voles
900 1666 1225 1712 curiositatem
1265 1665 1435 1710 melius
1471 1679 1688 1710 exercere

281 1746 329 1791 in
366 1745 559 1807 negotio
593 1744 764 1790 salutis
801 1751 924 1796 tuae,
951 1759 1173 1804 percurre
1212 1743 1449 1788 Ecclesias
1482 1742 1690 1802 Aposto-

219 1822 408 1875 201icaS‚
434 1823 560 1882 apud
586 1837 705 1881 quas
730 1822 861 1882 ipsae
886 1822 1043 1867 adhuc
1066 1820 1320 1867 cathedrae
1344 1820 1690 1879 Apostolorum

282 1900 382 1946 suis
418 1899 532 1946 locis
569 1899 854 1960 praesident,
891 1899 1017 1959 apud
1054 1913 1174 1957 quas
1216 1897 1346 1957 ipsae
1386 1896 1692 1943 authenticae

282 1978 470 2024 litterae
493 1992 654 2023 eorum
683 1977 957 2029 recitantur,
982 1983 1205 2021 sonantes
1230 1990 1390 2020 vocem
1425 1981 1473 2020 et
1506 1990 1692 2035 reprae-

282 2061 526 2101 sentantes
558 2054 727 2100 faciem
764 2054 1156 2114 uniuscujusque.
1230 2052 1459 2097 Proxima
1494 2060 1565 2097 est
1601 2051 1690 2098 tibi

282 2132 470 2178 Achaia
488 2133 510 2178 ἶ)
538 2132 681 2177 habes
701 2131 1006 2177 Corinthum.
1056 2130 1107 2176 Si
1134 2146 1228 2175 non
1255 2132 1394 2191 longe
1418 2146 1467 2175 es
1486 2146 1512 2175 a
1531 2129 1692 2176 Mace-

220 2220 269 2259 25
283 2210 439 2262 donia,
465 2210 609 2255 habes
643 2209 908 2270 Philippos,
934 2209 1078 2254 habes
1103 2207 1567 2253 Thessalonicenses.
1639 2207 1691 2252 Si

283 2293 416 2348 potes
441 2287 491 2333 in
515 2287 685 2333 Asiam
711 2287 918 2340 tendere,
943 2286 1090 2332 habes
1116 2285 1379 2345 Ephesum.
1450 2285 1501 2330 Si
1527 2292 1690 2332 autem

285 2365 455 2412 Italiae
490 2366 695 2427 adjaces,
732 2364 876 2410 habes
914 2364 1135 2417 Romam,
1169 2364 1294 2408 unde
1331 2363 1467 2409 nobis
1501 2378 1693 2422 quoque

285 2443 543 2489 auctoritas
584 2449 774 2503 praesto
814 2448 901 2488 est.
975 2441 1076 2487 Ista
1110 2456 1256 2500 quam
1293 2440 1407 2485 felix
1443 2440 1692 2486 Ecclesia!

285 2519 359 2566 cui
402 2525 555 2565 totam
600 2519 864 2565 doctrinam
904 2517 1126 2578 Apostoli
1174 2533 1279 2563 cum
1324 2517 1560 2578 sanguine
1606 2532 1693 2562 suo

221 2621 272 2657 30
285 2596 616 2657 profuderunt,
667 2596 751 2642 ubi
799 2597 972 2642 Petrus
1019 2595 1230 2655 passioni
1279 2594 1560 2639 Dominicae
1609 2595 1693 2639 ad-

286 2682 534 2734 aequatur,
567 2673 651 2718 ubi
690 2673 869 2718 Paulus
904 2671 1106 2718 Joannis
1142 2671 1277 2716 exitu
1313 2678 1581 2724 coronatur,
1606 2670 1691 2716 ubi

286 2752 548 2812 Apostolus
584 2749 793 2796 Joannes
830 2755 993 2810 postea
1027 2764 1172 2808 quam
1210 2748 1261 2793 in
1303 2750 1461 2794 oleum
1498 2749 1691 2809 igneum

287 2831 532 2876 demersus
576 2828 700 2874 nihil
742 2843 909 2888 passus
951 2834 1037 2881 est,
1074 2827 1123 2872 in
1173 2827 1374 2872 insulam
1419 2828 1690 2888 relegaturg

1741 350 1767 381 C
1777 350 1809 380 A
1820 348 1858 380 P.

1724 392 1882 426 XXXV.

1746 1680 1860 1711 CAP.

1718 1724 1894 1755 XXXVI.
