2034 3204
456 257 537 298 DE
575 256 1150 298 PRAESCRIPTIONE
1189 258 1382 299 HAER.
1537 259 1622 299 133

218 367 378 428 ginem
399 360 621 419 Mariam,
646 381 835 412 carnem
863 365 1043 411 factum
1075 365 1125 411 in
1158 372 1294 411 utero
1316 366 1450 426 ejus3
1488 372 1537 411 et
1559 381 1619 411 ex
1633 390 1733 420 Mau,
1751 389 1770 420 ἰ,
1793 389 1839 420 ,8,

218 459 274 490 ea
309 449 475 489 natum
512 443 664 505 egisse
703 443 872 489 Jesum
913 442 1187 489 Christum:
1224 443 1396 488 exinde
1433 442 1618 502 praedi·
1631 433 1744 464 “vm

217 537 346 568 casse
382 536 554 567 novam
592 523 758 583 legem,
790 527 839 566 et
874 536 1046 567 novam
1084 521 1446 580 promissionem
1483 521 1621 582 regni

216 599 482 652 coelorum3
516 597 717 644 virtutes
751 597 946 651 fecisse;
984 597 1133 644 fixum
1171 597 1326 653 cruci;
1362 598 1506 644 tertia
1542 597 1619 644 die

179 675 556 740 5resurrexisse;
590 675 642 721 in
665 677 818 722 coelos
840 682 1057 736 ereptum
1082 675 1259 721 sedisse
1286 677 1346 721 ad
1370 677 1615 722 dexteram
1630 699 1732 732 Matt.
1753 700 1795 732 iv·

218 754 404 810 Patris;
439 753 624 799 misisse
660 752 886 799 vicariam
927 753 1026 798 vim
1067 752 1276 813 Spiritus
1317 753 1495 806 Sancti,
1531 753 1614 813 qui
1630 753 1729 819 33³th
1749 787 1793 819 ix·

214 833 456 878 credentes
492 837 631 893 agat3
667 837 921 877 venturum
945 846 1053 877 cum
1086 830 1302 876 claritate
1333 832 1393 876 ad
1426 846 1615 876 sumen·
1628 835 1731 867 Marc·
1745 835 1812 868 xvi.

215 911 299 955 dos
323 915 508 955 sanctos
533 909 583 954 in
607 908 734 954 vitae
765 914 984 954 aeternae
1007 914 1056 954 et
1078 907 1419 968 promissorum
1442 910 1613 954 coeles-
1628 888 1707 958 1332,
1726 926 1758 958 ῑῑ,

215 987 338 1033 tium
382 987 607 1040 fructum,
653 993 702 1033 et
746 988 806 1033 ad
834 986 1075 1047 ‘profanos
1121 985 1465 1047 adjudicandos
1512 986 1614 1048 igni
1629 975 1731 1058 {¹1²}st
1746 986 1825 1007 '‘¹⁸'‘

156 1084 203 1109 10
216 1071 458 1125 perpetum
492 1065 618 1111 facta
649 1065 898 1125 utriusque
930 1064 1081 1124 partis
1114 1063 1474 1110 resuscitatione
1505 1079 1615 1110 cum
1626 1068 1776 1154 {13⁸ng

214 1143 369 1191 carnis
402 1144 716 1190 restitutione.
1743 1136 1749 1143 ’

283 1222 415 1268 Haec
455 1224 622 1284 regula
655 1237 684 1267 a
718 1222 924 1275 Christo,
960 1229 1013 1268 ut
1047 1221 1340 1281 probabitur,
1378 1221 1612 1273 instituta,
1676 1232 1790 1264 CAP.

213 1301 368 1344 nullas
392 1300 535 1345 habet
552 1301 679 1359 apud
704 1315 789 1345 nos
807 1300 1123 1359 quaestioneS,
1142 1299 1234 1345 nisi
1253 1315 1373 1359 quas
1397 1300 1614 1345 haereses
1679 1276 1782 1307 XIV'

213 1377 437 1430 inferunt,
462 1386 509 1423 et
539 1392 662 1437 quae
696 1378 957 1423 haereticos
992 1377 1187 1423 faciunt.
1259 1377 1484 1423 Ceterum
1518 1393 1618 1423 ma-

152 1472 199 1510 15
212 1462 353 1501 nente
376 1455 530 1500 forma
553 1455 655 1516 ejus
691 1455 741 1500 in
776 1471 862 1501 suo
893 1455 1072 1508 ordine,
1097 1454 1451 1515 quantumlibet
1474 1470 1618 1515 quae-

211 1548 304 1588 ras,
339 1539 387 1578 et
421 1538 607 1584 tractes,
632 1539 680 1578 et
716 1548 904 1579 omnem
942 1532 1190 1579 libidinem
1227 1532 1518 1578 curiositatis
1549 1532 1616 1578 ef-

210 1610 395 1663 fundas
431 1609 471 1656 si
509 1610 624 1670 quid
672 1610 760 1656 tibi
801 1610 992 1656 videtur
1031 1612 1107 1656 vel
1142 1610 1457 1671 ambiguitate
1503 1626 1616 1670 pen-

209 1690 333 1742 dere,
374 1690 449 1734 vel
489 1689 775 1734 obscuritate
810 1689 1099 1741 obumbrari,
1137 1695 1210 1734 est
1255 1688 1422 1748 utique
1467 1688 1616 1734 frater

210 1765 359 1826 aliqui
382 1767 547 1812 doctor
578 1766 736 1828 gratia
770 1766 995 1812 scientiae
1018 1767 1236 1818 donatus
1261 1772 1334 1811 est
1357 1766 1507 1826 aliqui
1543 1766 1615 1812 in-

149 1864 198 1889 20
212 1849 284 1888 ter
316 1843 597 1889 exercitatos
634 1850 954 1898 conversatus,
992 1842 1142 1902 aliqui
1174 1849 1347 1898 tecum,
1379 1844 1613 1890 curiosius

212 1929 387 1977 tamen,
425 1937 670 1981 quaerens.
731 1920 1020 1972 Novissime,
1057 1920 1276 1982 ignorare
1318 1921 1488 1966 melius
1526 1929 1612 1974 est,

211 2015 270 2045 ne
304 2001 431 2059 quod
455 2015 550 2045 non
581 1999 751 2044 debeas
787 1998 928 2051 noris,
954 1998 1069 2058 quia
1099 1999 1226 2057 quod
1262 1998 1433 2044 debeas
1471 1998 1610 2043 nosti.

210 2074 368 2131 Fides,
405 2077 580 2139 inquit,
615 2082 692 2122 tua
729 2081 770 2121 te
799 2074 972 2121 salvam
997 2073 1149 2137 fecit:
1199 2090 1294 2120 non
1331 2074 1610 2120 exercitatio
1624 2089 1704 2121 Luc.
1725 2090 1816 2122 xviii.

211 2154 578 2214 Scripturarum.
650 2154 794 2200 Fides
830 2153 881 2199 in
918 2155 1084 2215 regula
1128 2152 1283 2212 posita
1328 2159 1426 2198 est:
1462 2142 1672 2199 habes⁴²‘

148 2245 196 2284 25
210 2232 379 2293 legem,
403 2237 451 2277 et
482 2233 682 2277 salutem
706 2232 764 2277 de
788 2230 1115 2276 observatione
1151 2230 1295 2291 legis:
1332 2230 1610 2276 exercitatio

209 2314 368 2354 autem
393 2308 443 2354 in
466 2308 740 2354 curiositate
762 2307 994 2360 consistit,
1018 2308 1197 2353 habens
1228 2306 1431 2369 gloriam
1460 2309 1609 2352 solam

208 2387 267 2432 de
301 2387 501 2446 peritiae
524 2385 696 2432 studio.
756 2386 908 2432 Cedat
931 2385 1180 2431 curiositas
1205 2384 1331 2439 fidei,
1350 2386 1487 2430 cedat
1509 2386 1611 2446 glo-

209 2465 282 2510 ria
304 2465 461 2511 saluti.
532 2465 672 2510 Certe
703 2470 788 2510 aut
811 2479 906 2509 non
930 2464 1220 2523 obstrepant,
1239 2468 1324 2508 aut
1346 2462 1607 2522 quiescant.

210 2542 456 2588 Adversus
474 2543 688 2604 regulam
703 2541 825 2586 nihil
843 2540 975 2596 scire,
994 2540 1155 2586 omnia
1169 2540 1288 2586 scire
1303 2546 1388 2585 est.
1427 2539 1496 2585 Ut
1514 2555 1608 2585 non

145 2637 196 2673 30
210 2619 391 2666 inimici
414 2625 572 2666 essent
589 2617 806 2664 veritatis
823 2617 1065 2670 haeretici,
1080 2624 1135 2663 ut
1152 2618 1210 2663 de
1228 2616 1522 2679 refugiendis
1539 2618 1609 2663 eis

209 2713 303 2743 non
338 2710 765 2756 praemoneremur,
789 2695 929 2754 quale
964 2700 1036 2739 est
1068 2693 1280 2739 conferre
1313 2709 1422 2739 cum
1457 2694 1610 2740 homi-

209 2774 364 2828 nibus,
383 2774 467 2834 qui
490 2779 538 2820 et
562 2772 654 2832 ipsi
679 2771 834 2818 adhuc
857 2787 906 2816 se
925 2786 1151 2831 quaerere
1170 2770 1482 2830 profiteantur
1497 2772 1519 2817 ἶ)
1556 2772 1606 2817 Si

208 2851 333 2897 enim
358 2851 514 2897 adhuc
538 2865 647 2896 vere
671 2855 921 2909 quaerunt,
948 2849 1067 2894 nihil
1098 2850 1253 2895 adhuc
1277 2849 1393 2895 certi
1426 2865 1609 2910 repere-
