2034 3204
441 211 504 253 IN
535 210 806 254 CANONES
837 209 1082 253 NLCAENI
1115 208 1392 252 CONCILII.
1535 210 1619 251 415

219 316 305 360 bitu
324 322 498 368 tantum,
520 317 701 360 nondum
721 331 845 359 manu
865 316 914 358 iis
934 315 1148 373 imposita;
1177 330 1296 371 quae,
1317 330 1443 381 quum
1465 315 1618 358 nullam

217 388 385 430 prorsus
403 374 703 417 ordinationem
728 374 923 422 habeant,
944 373 1053 416 inter
1079 373 1203 415 laicos
1229 387 1394 415 ommno
1414 373 1619 415 recenseri

216 432 393 482 debent;
424 431 502 474 nisi
533 432 580 482 si,
602 432 714 488 quod
742 446 825 474 non
845 431 1063 474 verisimile
1078 430 1255 480 videtur,
1277 431 1391 486 prius
1410 431 1617 487 quoddam

215 489 427 532 decretum
447 505 566 532 suum
586 490 734 532 Patres
754 488 989 546 respiciunt.
1028 489 1104 531 Est
1123 493 1262 531 autem
1283 488 1360 530 hoc
1381 488 1619 544 simpliciter

179 558 202 596 5
218 547 364 589 Patres
393 547 545 598 dicere,
575 547 837 590 Meminimus
866 547 918 589 de
948 545 1198 588 Diaconissis
1226 545 1268 588 in
1300 545 1446 588 habitu
1478 560 1620 588 recen-

215 603 315 655 sitis,
348 604 448 647 istas
483 604 647 647 omnino
706 604 775 648 uia
803 619 886 646 non
917 604 1098 647 habeant
1130 618 1275 646 manus
1304 603 1619 660 impositionem,

214 661 324 704 inter
343 661 466 704 laicos
487 662 658 705 censeri.
735 662 834 705 abes
853 662 1057 715 βασανοὺς
1076 662 1129 718 τῷ
1145 664 1276 704 δοκεῖν
1292 660 1355 704 καὶ
1374 662 1428 718 τῷ
1445 660 1620 716 σχήματι

213 718 256 760 in
276 719 489 776 Ancyrani
511 719 679 762 Concilii
702 720 869 763 Canone
899 719 1032 776 primo
1053 724 1403 762 commemoratas.
1465 718 1619 761 Confer

213 783 257 819 et
284 791 411 834 supra
433 778 587 820 Canon.
609 777 779 820 Nicaen.
801 791 877 820 ΧΠ.
939 777 1005 819 De
1034 777 1082 834 τῇ
1112 778 1340 832 χειροθεσίᾳ
1360 775 1620 819 Diaconissa-

153 849 200 875 10
213 848 304 876 rum
326 840 418 891 post
437 849 566 877 annos
586 835 734 877 aetatis
753 849 852 877 suae
872 833 1150 891 quadraginta
1170 834 1395 891 completos
1414 833 1616 876 sancitum

212 897 275 934 est
295 891 452 934 decimo
473 892 616 949 quinto
638 893 806 935 Canone
828 892 1211 935 Chalcedoniorum.

733 988 958 1031 CANON
995 988 1092 1030 XX.

270 1063 317 1105 P.
339 1064 438 1120 383.
471 1064 496 1106 l.
522 1079 561 1114 4.
595 1064 639 1106 ἐν
665 1066 711 1114 τῆ
745 1066 918 1117 Κυριακῇ
951 1064 1047 1117 γόνυ
1076 1063 1294 1115 κλίνοντες]
1321 1061 1483 1104 Videsis
1510 1076 1616 1118 quac

211 1126 462 1164 annotantur
509 1121 564 1164 ad
615 1121 657 1163 S.
687 1105 807 1164 ‘Petri
846 1120 1118 1163 Alexandrini
1169 1120 1378 1162 Canonem
1428 1119 1615 1162 ultimum

152 1191 198 1230 15
211 1178 323 1235 apud
373 1178 583 1235 Reliquias
624 1179 739 1222 Sacr.
779 1178 855 1221 vol.
888 1192 942 1230 1v,
984 1193 1038 1234 pa
1070 1210 1079 1220 .
1113 1191 1178 1234 73.
1240 1177 1372 1220 Abest
1412 1192 1510 1219 vero
1549 1177 1616 1219 hic

214 1236 356 1278 Canon
381 1236 587 1278 Nicaenus
614 1251 641 1279 a
668 1236 889 1278 Rufiniana
909 1251 1038 1278 eorun
1069 1250 1133 1277 em
1156 1235 1370 1278 canonum
1399 1234 1615 1277 abbrevia-

211 1293 335 1343 tione,
363 1294 472 1336 Hist.
500 1294 610 1336 Eccl.
635 1309 677 1344 Χ,
703 1307 757 1350 5;
790 1307 936 1350 neque,
975 1299 1022 1336 ut
1052 1293 1147 1336 olim
1175 1293 1228 1336 ad
1265 1292 1463 1349 Reliquas
1499 1293 1613 1335 Sacr.

210 1351 362 1403 notavi,
394 1357 530 1394 exstat
556 1351 664 1394 idem
696 1351 739 1394 in
771 1351 1049 1403 Quesnellana
1085 1351 1296 1393 Canonum
1335 1349 1613 1399 Collectione;

210 1423 317 1465 quae
337 1423 463 1466 quum
483 1413 690 1452 statuatur
710 1423 736 1452 a
759 1409 995 1461 Quesn0110‚
1016 1408 1142 1451 fuisse
1163 1408 1371 1450 Ecclesiae
1401 1408 1616 1450 Romanae

148 1482 198 1508 20
211 1466 366 1519 Codex,
394 1481 469 1510 nec
529 1481 624 1509 orro
654 1466 697 1509 in
729 1466 913 1509 Arabica
939 1465 1191 1523 Paraphrasi
1225 1466 1438 1508 Canonum
1467 1465 1506 1507 N
1511 1465 1616 1508 icae-

210 1538 354 1566 norum
387 1524 453 1566 hic
485 1481 628 1567 ganon
658 1530 907 1580 compareat,
935 1523 1031 1566 inde
1062 1523 1218 1580 colligit
1249 1523 1358 1565 idem
1394 1522 1457 1564 vir
1489 1522 1538 1565 cl.
1572 1523 1615 1565 in

209 1581 383 1624 Dissert.
416 1581 472 1624 xii
502 1588 595 1638 post
626 1582 669 1624 S.
696 1582 843 1623 Leonis
873 1583 933 1623 M.
959 1582 1111 1638 Opera,
1150 1595 1305 1623 morem
1345 1580 1469 1623 istum
1501 1581 1614 1637 apud

209 1639 439 1682 Romanam
485 1640 630 1682 saltem
671 1639 896 1682 Ecclesiam
946 1653 1155 1695 nunquam
1196 1638 1361 1680 omnino
1400 1646 1612 1695 receptum

208 1696 345 1739 fuisse.
409 1697 466 1739 At
501 1698 729 1739 Rhabanus
768 1698 954 1748 Maurus,
992 1696 1263 1754 Moguntinus
1303 1710 1410 1738 nono
1450 1710 1614 1753 quoque

148 1771 196 1811 25
209 1754 370 1796 saeculo
412 1754 767 1853 Archiepiscop3us,
807 1754 850 1796 in
893 1753 1156 1796 Institutione
1198 1754 1449 1796 Clericorum
1495 1754 1614 1796 nobis

209 1811 423 1877 praecipit,
455 1826 546 1854 cum
582 1811 649 1854 die
723 1811 909 1861 ominico‚
940 1818 1028 1854 tum
1062 1812 1327 1854 Pentecostes
1363 1811 1507 1853 diebus
1538 1826 1615 1854 nec

203 1868 362 1926 Jejunia
379 1869 555 1926 agenda,
578 1883 652 1911 nec
671 1883 810 1934 genua
824 1883 913 1912 esse
932 1869 1150 1919 flectenda,
1166 1869 1367 1924 majorum
1389 1868 1614 1911 traditione

209 1932 252 1968 et
282 1926 497 1969 universae
533 1926 740 1969 Ecclesiae
770 1941 885 1969 more
920 1941 974 1984 ap
1005 1926 1149 1978 ellatis,
1186 1941 1303 1983 capp.
1332 1926 1404 1968 lxx
1436 1932 1479 1968 et
1510 1926 1610 1968 lxxi.

208 1984 348 2040 Atque
369 1984 480 2040 apud
501 1998 574 2026 nos
598 1983 868 2027 occidentales
898 1984 940 2027 in
996 1983 1278 2027 esuetudinem
1308 1983 1456 2026 abiisse
1485 1984 1611 2026 ritum

145 2041 343 2092 30istum‚
385 2041 548 2083 omnino
588 2042 820 2084 mirandum
859 2048 935 2092 est,
971 2057 1095 2099 quum
1136 2042 1190 2084 ab
1224 2042 1322 2099 ipsis
1355 2041 1613 2084 incunabulis

210 2098 510 2142 Christianismi
547 2099 787 2142 observatus
821 2106 941 2149 esset,
973 2100 1085 2156 quod
1119 2106 1298 2142 testatur
1330 2099 1611 2142 Tertullianus

208 2171 335 2213 supra
354 2156 397 2198 in
423 2156 491 2199 lib.
514 2157 566 2199 de
598 2157 798 2200 Oratione
827 2172 916 2214 cap.
941 2170 1008 2214 23,
1030 2163 1072 2199 et
1092 2157 1143 2199 de
1166 2157 1331 2200 Corona
1350 2171 1438 2214 cap.
1459 2171 1500 2212 3,
1522 2164 1610 2199 tum

209 2214 332 2257 etiam
352 2214 593 2257 universalis
615 2214 783 2257 Concilii
804 2215 970 2257 decreto
991 2215 1254 2258 confirmatus
1274 2215 1411 2257 fuerit.
1452 2215 1610 2257 Verum

208 2272 319 2328 apud
349 2271 511 2337 plebem
534 2272 824 2322 Christianam,
845 2273 959 2330 cujus
987 2273 1167 2315 maxima
1224 2287 1306 2322 ars,
1331 2272 1373 2314 in
1404 2272 1611 2314 ruralibus

145 2341 195 2381 35
211 2329 415 2379 Eccles1is,
443 2329 528 2371 solo
558 2329 624 2372 die
657 2330 870 2372 Dominico
901 2330 1092 2387 precibus
1120 2345 1172 2387 pu
1219 2330 1290 2372 icis
1315 2330 1460 2372 adesse
1491 2329 1610 2382 solet,

208 2386 251 2429 id
271 2387 436 2443 quidem
466 2386 768 2444 poenitentibus
795 2393 838 2430 et
867 2387 1101 2444 petentibus
1131 2388 1262 2430 minus
1282 2388 1527 2430 conveniens
1547 2402 1610 2430 es-

207 2450 282 2494 set,
305 2450 351 2487 ut
380 2458 588 2501 nunquam
619 2451 788 2487 orarent
810 2445 875 2487 vel
905 2460 1054 2503 genua,
1077 2446 1141 2487 vel
1171 2460 1359 2502 corpora,
1382 2445 1607 2496 flectentes,

207 2516 369 2559 semper
389 2508 526 2544 autem
548 2507 716 2545 stantes.
769 2502 852 2545 Sed
871 2503 974 2545 haec
994 2503 1206 2545 hactenus.
1268 2503 1443 2559 Insuper
1465 2503 1608 2546 Canon

205 2559 377 2601 omissus
404 2565 467 2602 est
495 2559 538 2601 in
567 2559 850 2616 antiquissima
878 2560 948 2602 illa
972 2560 1315 2617 interpretatione
1342 2575 1368 2602 a
1388 2560 1609 2602 Ballerinis

140 2638 191 2672 40
205 2617 331 2666 edita,
351 2617 394 2658 in
415 2631 498 2673 qua
524 2616 711 2659 similiter
731 2624 856 2674 atque
885 2617 929 2659 in
951 2618 1199 2660 Collectione
1222 2618 1500 2669 Quesnellana
1519 2618 1607 2661 sine

204 2674 463 2717 distinctione
485 2675 673 2716 Canones
695 2675 958 2717 Sardicenses
977 2675 1148 2731 subjecti
1168 2681 1263 2718 sunt
1283 2676 1323 2717 N
1326 2675 1487 2717 icaenis.

264 2732 311 2774 P.
333 2733 431 2788 383.
454 2731 480 2773 l.
501 2741 541 2787 5.
572 2733 669 2784 ὑπὲρ
689 2735 759 2774 τοῦ
778 2732 906 2774 πάντα
927 2734 971 2774 ἐν
991 2733 1099 2790 πάσῃ
1119 2733 1301 2789 παροικίᾳ
1321 2734 1462 2784 ὁμοίως
1481 2750 1604 2787 παρα-

206 2788 494 2844 φυλαττέσθαι]
534 2789 600 2831 Ita
622 2788 751 2831 edidit
775 2789 1028 2847 Beveregius
1057 2790 1101 2832 in
1132 2790 1351 2847 Synodico‚
1373 2804 1495 2846 quam
1516 2790 1605 2847 qui-

207 2846 299 2888 dem
331 2846 576 2902 scripturam
598 2847 764 2889 firmant
794 2861 933 2888 omnes
956 2847 1126 2890 Codices
1150 2847 1290 2904 scripti
1316 2847 1539 2898 Bodleiani,
1561 2848 1603 2889 in
