2034 3204
698 238 781 278 DE
823 238 1179 279 OltATlONE.
1559 240 1640 279 115

237 345 467 391 feminino
513 346 603 391 sub
650 346 840 392 nomine
889 347 1100 392 mulieris
1143 346 1285 392 etiam
1324 347 1458 408 virgo
1495 348 1640 392 velari

232 420 446 480 jubetur.
514 420 797 480 Aequaliter
831 421 879 467 in
922 429 1129 482 utroque
1166 438 1283 468 sexu
1322 422 1480 468 minor
1512 430 1641 469 aetas

239 496 435 557 majoris
469 504 697 557 sequatur
732 498 1060 559 disciplinam:
1102 506 1187 545 aut
1222 501 1443 545 velentur
1478 507 1525 546 et
1549 500 1643 546 vir-

238 573 373 636 gines
409 575 620 629 masculi,
644 575 685 621 si
719 591 814 622 non
842 579 1061 622 velantur
1095 584 1143 623 et
1174 577 1384 638 virgines
1420 577 1644 630 feminae,

201 652 353 711 5quia
387 667 472 698 nec
503 652 582 698 isti
614 653 899 699 nominatim
932 660 1170 700 tenentur.
1241 654 1391 700 Aliud
1416 655 1478 700 sit
1502 655 1573 701 vir
1597 662 1643 701 et

238 729 453 783 investis,
477 729 518 775 si
542 730 671 776 aliud
706 737 775 777 est
809 732 982 777 mulier
1004 738 1053 777 et
1077 731 1222 792 virgo.
1295 732 1481 792 Nempe
1503 748 1646 795 prop-

240 811 309 853 ter
330 806 544 870 Anqelos,
565 808 648 862 ait,
667 809 815 854 velari
839 815 1072 868 oportere,
1094 810 1221 870 quod
1246 809 1425 871 Angeli
1452 817 1647 870 propter

240 885 362 931 filias
394 885 639 931 hominum
673 886 975 933 desciverunt
999 902 1028 933 a
1051 886 1169 933 Deo,
1239 887 1362 941 Quis
1393 903 1507 951 ergo
1537 904 1648 934 con-

241 964 420 1017 tendat,
445 964 567 1010 solas
596 964 832 1016 mulieres
858 964 905 1010 id
935 971 1008 1010 est
1039 971 1215 1024 nuptas
1233 966 1352 1026 jam,
1375 972 1424 1011 et
1450 965 1649 1027 virgini-

181 1041 331 1086 rotati
362 1040 610 1086 defunctas
644 1042 1053 1101 concupiscentiae
1077 1040 1231 1104 [sor-9.
1258 1042 1538 1104 virginitate
1565 1044 1647 1088 de-

240 1118 443 1171 functas,
467 1120 876 1179 concupiscentiae
910 1119 1095 1181 fuisse}
1126 1120 1219 1166 nisi
1253 1121 1294 1167 si
1328 1136 1421 1166 non
1454 1121 1565 1167 licet
1599 1129 1646 1167 et

241 1195 451 1258 virgines
502 1196 656 1256 specie
710 1204 963 1257 praestare,
1010 1205 1055 1243 et
1103 1204 1339 1244 amatores
1385 1198 1600 1245 invenire
1624 1200 1647 1244 Ρ

243 1272 400 1318 Immo
439 1274 669 1327 videmus,
706 1276 832 1334 quod
882 1290 975 1320 non
1018 1274 1138 1336 [dele
1178 1291 1287 1329 non,
1325 1275 1648 1338 Marmor-ius]

242 1350 450 1413 virgines
496 1353 620 1397 solas
665 1352 1006 1412 concupierint,
1041 1367 1190 1413 quum
1230 1353 1357 1399 dicat
1399 1354 1649 1415 Scriptura

1664 742 1862 774 1(·or.xi.10.

181 1441 228 1478 15
229 1424 370 1489 filias
403 1426 653 1482 hominum,
678 1429 793 1489 quia
830 1430 984 1489 potuit
1022 1446 1195 1476 uxores
1229 1431 1460 1478 hominun
1498 1434 1650 1478 nomi·
1663 1442 1747 1472 Gen·
1769 1440 1811 1471 vi·
1834 1450 1863 1471 ²-

244 1521 381 1552 nasse
417 1508 488 1552 vel
524 1507 730 1552 feminas
778 1507 1120 1554 indifferenter.
1198 1509 1365 1555 Etiam
1400 1511 1527 1570 quod
1566 1511 1651 1565 ait,

247 1582 312 1630 Et
347 1590 615 1646 acceperunt
648 1583 738 1630 sibi
772 1585 822 1630 in
858 1600 1038 1640 umores,
1074 1602 1130 1632 eo
1164 1586 1294 1641 facit,
1318 1589 1446 1647 quod
1481 1588 1653 1648 accipi-

244 1668 394 1708 untur
427 1664 474 1708 in
513 1678 699 1717 uxoreS‚
723 1679 847 1724 quae
876 1672 1046 1710 vacant
1080 1665 1273 1711 scilicet.
1344 1665 1417 1711 De
1453 1682 1547 1712 non
1574 1682 1655 1712 va-

246 1739 465 1786 cantibus
511 1746 670 1786 autem
717 1741 856 1787 aliter
893 1743 1207 1788 enunciasset.
1281 1743 1451 1804 Itaque
1497 1743 1653 1806 [sors.

183 1837 232 1863 20
248 1815 326 1862 Ita
350 1817 487 1878 quia]
511 1827 680 1864 vacant
716 1825 813 1864 tam
840 1818 1087 1872 viduitate,
1112 1836 1255 1880 quam
1290 1828 1338 1867 et
1361 1822 1653 1884 virginitate,

246 1895 363 1940 adeo
397 1910 563 1940 sexum
600 1895 891 1941 nominando
922 1896 1211 1959 generaliter
1233 1897 1371 1952 filias,
1394 1904 1442 1943 et
1476 1898 1654 1958 species

246 1972 293 2017 in
330 1987 502 2032 genere
538 1972 853 2018 commiscuit.
926 1972 1050 2018 Item
1086 1989 1234 2033 quum
1272 1974 1405 2029 dicit,
1430 1983 1654 2021 naturam

245 2049 394 2108 ipsam
430 2051 608 2103 docere,
640 2049 844 2095 feminas
877 2051 1101 2096 velandas
1133 2066 1250 2103 esse,
1274 2066 1397 2110 quae
1427 2052 1652 2112 capillum

245 2140 331 2185 pro
366 2131 643 2187 tegumento
674 2134 722 2173 et
755 2134 1035 2173 ornamento
1058 2126 1338 2172 mulieribus
1371 2128 1653 2191 assignaret,

182 2218 230 2256 ²5
246 2217 402 2248 nonne
434 2203 560 2249 idem
590 2211 922 2265 tegumentum
957 2211 1004 2250 et
1034 2204 1159 2250 idem
1190 2205 1342 2250 honor
1364 2205 1535 2265 capitis
1560 2205 1654 2252 vir-

243 2280 438 2342 ginibus
463 2297 652 2341 quoque
683 2282 952 2342 adscriptus
976 2288 1048 2327 est
1063 2282 1085 2327 ?
1151 2282 1200 2327 Si
1228 2280 1414 2329 mulieri
1437 2288 1568 2345 turpe
1590 2289 1655 2330 est

244 2357 367 2413 radi,
393 2365 439 2404 et
475 2359 650 2421 virgini
688 2360 897 2419 perinde.
967 2359 1026 2405 In
1055 2360 1231 2420 quibus
1266 2376 1381 2422 ergo
1415 2377 1513 2407 una
1547 2377 1658 2407 con-

245 2436 366 2481 ditio
397 2436 567 2496 capitis
600 2438 873 2496 deputatur,
898 2453 995 2483 una
1023 2444 1068 2483 et
1103 2437 1355 2498 disciplina
1379 2438 1550 2498 capitis
1574 2455 1656 2485 ex-

248 2512 413 2573 igitur,
437 2512 582 2559 etiam
605 2516 663 2560 ad
688 2529 767 2560 eas
791 2514 1016 2577 virgines,
1036 2531 1155 2575 quas
1180 2515 1387 2576 pueritia
1411 2516 1652 2572 defendit3

183 2605 275 2649 30a
297 2590 453 2650 primo
477 2591 605 2635 enim
622 2590 810 2653 semina
834 2592 1080 2638 nominata
1104 2599 1189 2638 est.
1259 2593 1338 2638 Sic
1372 2594 1578 2655 denique
1609 2603 1657 2641 et

250 2667 397 2713 Israel
427 2667 660 2713 observat.
733 2669 823 2714 Sed
857 2669 897 2714 si
930 2685 1025 2715 non
1059 2670 1343 2724 observaret,
1369 2677 1530 2717 nostra
1563 2674 1655 2728 lex,

249 2744 478 2804 ampliata
497 2751 639 2805 atque
663 2747 896 2806 suppleta,
911 2746 1184 2793 defenderet
1209 2748 1298 2794 sibi
1324 2749 1655 2810 adjectionem,

251 2822 521 2883 virginibus
537 2838 726 2883 quoque
751 2823 969 2884 injiciens
989 2826 1326 2871 velamentum.
1388 2826 1657 2873 Excusetur

1132 2935 1192 2973 12

1671 2228 1679 2249 ι
1695 2218 1818 2249 Cor.xi.
1831 2217 1864 2249 6.
