2034 3204
921 506 990 548 IN
1025 506 1369 550 LIBELLUM

542 661 970 717 ADVERSUS
1013 663 1294 717 OMNES
1337 663 1758 718 HAERESES

743 827 1538 895 ANNOTATIONES.
1585 827 1594 835 ’

496 1126 543 1169 Ρ.
570 1129 664 1168 161.
691 1127 717 1168 l.
738 1141 780 1182 3.
812 1126 1001 1178 Quonim
1030 1127 1335 1171 haereticorum
1364 1127 1465 1183 δια]
1498 1128 1617 1179 Quae
1648 1141 1758 1170 nunc
1783 1141 1847 1170 se-

438 1190 623 1239 quuntur
663 1184 705 1226 in
746 1184 1034 1241 Hirsaugiensi
1067 1184 1219 1228 Codice
1258 1185 1564 1242 praecedebant
1602 1185 1751 1228 librum
1793 1185 1845 1228 de
1859 1192 1884 1232 5

438 1242 848 1298 Praescriptionibus‚
881 1242 993 1298 quod
1028 1243 1256 1287 Rhenanus
1296 1242 1455 1285 librarii
1493 1242 1653 1287 incuria
1690 1243 1844 1286 factum

437 1305 570 1355 putat.
633 1300 682 1340 In
732 1299 1040 1342 Paternaciensi
1085 1300 1237 1342 Codice
1286 1306 1378 1345 erat
1421 1306 1638 1357 separatus
1685 1300 1848 1343 libellus

436 1357 724 1411 ἀνεπίγραφος,
756 1357 799 1398 in
831 1357 963 1400 altero
1002 1364 1141 1400 autem
1181 1357 1287 1400 libro
1326 1357 1492 1400 titulum
1531 1358 1726 1407 habebat,
1761 1357 1847 1400 Ad-

436 1428 579 1456 versus
602 1414 757 1457 Omnes
783 1416 1002 1458 Haereses.
1063 1415 1203 1471 Atque
1233 1415 1309 1457 sub
1340 1415 1418 1457 hoc
1448 1415 1568 1458 titulo
1595 1415 1639 1456 in
1666 1415 1846 1458 editione

437 1471 630 1513 Rhenani
660 1472 740 1514 ista
760 1472 896 1528 omnia
915 1472 1138 1528 separatim
1169 1487 1320 1515 excusa
1340 1478 1449 1522 sunt,
1470 1487 1597 1529 quum
1626 1472 1669 1514 in
1697 1472 1846 1515 ceteris
1864 1488 1912 1514 10

437 1528 685 1571 editionibus
735 1545 816 1572 uno
863 1535 1008 1572 tenore
1054 1536 1146 1572 eum
1196 1529 1476 1587 superioribus
1524 1530 1843 1588 conjunguntur.

439 1586 687 1629 SEMLER.
735 1587 916 1629 Libellus
936 1587 1013 1629 iste
1033 1602 1116 1630 una
1137 1602 1228 1629 eum
1250 1587 1456 1630 Vincentii
1478 1587 1703 1630 Lirinensis
1725 1588 1846 1630 Com-

436 1643 668 1694 monitorio,
693 1651 736 1687 et
758 1644 1001 1688 Tertulliani
1023 1645 1074 1687 de
1097 1644 1506 1702 Praescriptionibus,
1528 1645 1601 1687 sed
1621 1645 1844 1702 separatim

436 1715 463 1743 a
494 1702 741 1744 Tertulliani
769 1717 907 1759 opere,
944 1702 1056 1759 typis
1091 1717 1265 1744 excusus
1295 1709 1358 1745 est
1389 1703 1465 1745 sub
1496 1702 1618 1745 titulo
1655 1702 1845 1760 Catalogi

437 1758 754 1802 Haereticorum
799 1774 825 1802 a
866 1760 1016 1803 Carolo
1060 1759 1317 1809 Barbiellini,
1359 1761 1530 1810 Romae,
1571 1775 1680 1802 anno
1721 1761 1843 1816 1765.
1863 1777 1911 1816 15

436 1816 561 1858 Volui
591 1816 756 1873 quidem
788 1817 967 1866 titulum,
998 1817 1067 1873 qui
1098 1817 1141 1859 in
1176 1817 1276 1860 edit.
1309 1817 1494 1874 principe
1525 1817 1620 1860 huic
1650 1817 1844 1874 opusculo

436 1873 559 1916 datus
589 1880 665 1923 est,
697 1876 917 1918 Adversus
952 1875 1105 1918 Omnee
1124 1876 1348 1925 Haereses,
1376 1890 1450 1918 seu
1470 1877 1630 1931 potius,
1659 1877 1711 1918 de
1730 1875 1847 1918 Hae-

435 1933 600 1974 restibus
626 1933 773 1984 Liber,
795 1932 929 1975 eidem
959 1932 1111 1989 partim
1137 1932 1282 1975 saltem
1309 1932 1555 1990 praefigere,
1579 1932 1729 1975 Codice
1750 1933 1844 1975 MS.

434 2004 460 2031 a
488 1989 691 2032 Rhenano
715 2004 843 2046 supra
862 1996 1181 2033 commemorato
1202 1989 1346 2040 nixus;
1377 2005 1521 2033 verum
1541 1990 1733 2046 neglectu
1752 2004 1845 2032 meo

435 2047 690 2090 Haereticos
725 2062 800 2104 pro
831 2047 1029 2090 vocabulo
1063 2049 1275 2091 Haereses
1303 2047 1346 2090 in
1381 2048 1502 2091 titulo
1541 2047 1718 2105 positum
1753 2053 1842 2098 est3
1861 2065 1911 2091 20

434 2104 477 2146 id
507 2110 645 2147 tamen
680 2105 810 2162 magis
837 2105 1028 2148 convenit
1056 2120 1148 2148 eum
1169 2104 1285 2148 initio
1305 2105 1501 2162 opusculi,
1523 2119 1646 2162 quam
1667 2105 1844 2148 alterum

435 2163 659 2205 IIaeresee.

496 2219 601 2262 lbid.
633 2220 656 2261 l.
680 2233 719 2271 4.
752 2220 888 2262 Taceo
908 2220 1016 2263 enim
1037 2221 1065 2262 J
1070 2219 1241 2262 udaismi
1262 2219 1512 2276 haereticos]
1548 2220 1663 2262 Haec
1683 2219 1844 2277 legerat

437 2277 731 2333 Hieronymus,
748 2292 888 2333 quum,
905 2278 1103 2320 adversus
1121 2277 1401 2320 Luciferianos
1420 2292 1562 2334 agens,
1581 2284 1590 2301 ‘
1606 2277 1768 2327 Taceo?
1783 2276 1844 2319 in—

434 2334 536 2391 quit,
570 2335 647 2377 ‘de
680 2334 885 2377 ²Iudaismi
920 2334 1150 2383 haereticis,
1187 2334 1256 2391 qui
1291 2340 1389 2377 ante
1428 2335 1651 2377 adventum
1689 2334 1843 2377 Christi
1860 2348 1908 2387 25

434 2399 443 2415 ⁰
466 2392 618 2450 Legem
650 2392 845 2434 traditam
878 2392 1141 2449 dissiparunt,
1173 2392 1283 2448 quod
1309 2392 1533 2435 Dosithous
1565 2391 1844 2435 Samaritano-

434 2455 445 2474 ‘
462 2464 551 2492 rum
580 2449 771 2506 princeps
793 2450 1024 2506 Prophetas
1045 2449 1295 2507 repudiavit'
1317 2450 1391 2492 διο.
1448 2450 1505 2492 Et
1531 2449 1652 2499 infra,
1685 2449 1728 2504 [l.
1752 2450 1840 2507 15.]

435 2514 444 2530 ⁴
464 2507 530 2549 Ad
547 2522 617 2549 cos
639 2522 702 2549 ine
723 2508 946 2550 converto?
990 2507 1270 2564 Hieronymus
1291 2507 1380 2550 eod.
1405 2514 1415 2531 ‘
1431 2507 1502 2549 Ad
1523 2521 1592 2550 eos
1606 2506 1724 2550 venio
1745 2507 1844 2550 hae-

435 2572 445 2588 ‘
463 2564 626 2615 reticos,
647 2565 717 2621 qui
742 2565 968 2621 Evangelia
988 2564 1274 2607 laniaverunt.’
1306 2565 1538 2608 RIGALT.

496 2622 600 2665 lbid.
625 2622 649 2664 l.
671 2625 733 2664 18.
767 2622 846 2665 llic
873 2637 997 2665 ausus
1023 2628 1086 2665 est
1109 2636 1308 2665 summam
1340 2637 1384 2665 se
1411 2622 1548 2665 dicere
1569 2621 1778 2674 virtutem,
1799 2620 1841 2663 id
1855 2635 1908 2672 30

434 2686 509 2729 est,
546 2695 749 2722 summum
788 2679 940 2736 Deum]
975 2679 1173 2723 Similiter
1208 2679 1350 2723 scribit
1385 2680 1438 2722 de
1475 2679 1641 2723 Simone
1677 2679 1842 2721 Tertul-

435 2737 579 2785 lianus,
599 2737 703 2780 libro
724 2737 776 2779 de
800 2737 960 2787 Anima,
978 2752 1066 2794 cap.
1083 2750 1153 2794 34,
1175 2746 1213 2780 et
1234 2753 1276 2779 se
1294 2736 1613 2795 quidemfinoeit
1632 2751 1840 2779 summum.

436 2795 628 2836 Patrem.
695 2795 920 2837 lusson-ento
941 2810 1104 2860 quoque
1138 2795 1309 2837 Irenaeo
1331 2794 1398 2837 lib.
1422 2808 1463 2836 11.
1485 2795 1598 2837 advs.
1622 2794 1839 2843 Haereses,

433 2866 521 2907 cap.
549 2854 588 2901 8,
611 2852 773 2895 «licebat
796 2852 935 2894 simon
959 2859 1046 2901 isto,
1068 2854 1334 2907 nemeeipmm
1355 2867 1439 2895 esse
1459 2866 1668 2894 setonmum
1689 2852 1840 2893 Deum.
