2034 3204
464 834 503 875 N
507 833 685 877 ICAEN
687 833 708 876 I
749 833 1013 877 CONCILII
1055 830 1402 876 GENERALIS.

234 1113 409 1156 Incipiunt
424 1114 516 1147 tituli
527 1115 702 1148 canonum
715 1115 858 1148 Nicaeni
869 1117 1019 1157 Concilii,
1032 1127 1172 1149 munero
1184 1124 1246 1149 xx.
1293 1116 1344 1148 Ex
1360 1116 1636 1159 interpretatione

785 1171 937 1215 Dionysii
954 1172 1085 1214 Exigui.

232 1270 265 1309 Ι.
296 1270 361 1309 Dn·
382 1271 577 1320 eunuchis,
597 1276 637 1312 et
656 1272 723 1324 qui
741 1273 886 1324 seipsos
903 1273 1158 1313 absciderunt.

232 1335 288 1374 ΙΙ.
320 1335 380 1375 De
407 1336 467 1375 his
486 1336 553 1388 qui
581 1350 631 1376 ex
658 1338 867 1389 gentilibus
894 1342 983 1390 post
1003 1339 1201 1390 Baptisma
1227 1338 1278 1376 ad
1296 1337 1508 1378 clericatus
1535 1339 1637 1378 ordi-

396 1414 486 1440 nem
513 1406 799 1452 promoventur.

232 1465 312 1503 ΙΙΙ.
344 1465 404 1504 De
423 1466 726 1506 subintroductis
745 1467 978 1507 mulieribus

234 1531 304 1571 IV.
336 1531 396 1571 De
414 1531 474 1571 his
492 1532 559 1584 qui
578 1532 627 1571 ad
647 1532 923 1585 Episcopatum
941 1534 982 1573 in
1000 1534 1208 1586 provinciis
1226 1534 1500 1586 provehuntur.

234 1596 280 1637 V.
312 1597 372 1637 De
391 1598 741 1638 excommunicatis.

234 1662 305 1701 VI.
335 1662 397 1703 De
414 1663 627 1716 privilegiis
645 1677 743 1717 quae
761 1664 991 1717 quibusdam
1010 1666 1232 1706 civitatibus
1250 1669 1485 1718 competunt.

233 1728 329 1767 VII.
360 1729 420 1768 De
440 1729 632 1781 Episcopo
651 1729 796 1778 Aeliae,
815 1730 856 1769 id
875 1735 945 1780 est,
965 1731 1335 1782 Hierosolymorum.

234 1793 353 1832 VIII.
384 1793 445 1833 De
461 1794 522 1833 his
541 1794 608 1846 qui
627 1794 809 1834 dicuntur
828 1795 997 1844 Cathari,
1016 1796 1057 1834 id
1075 1801 1144 1844 est,
1164 1796 1309 1834 mundi.

234 1857 306 1898 IX.
336 1858 397 1898 De
423 1859 484 1899 his
511 1859 578 1911 qui
600 1859 653 1898 ad
681 1859 867 1900 honorem
885 1861 1118 1913 Presbyterii
1145 1861 1230 1900 sine
1258 1860 1434 1900 examine
1465 1862 1638 1912 provecti

397 1928 498 1964 sunt.

234 1986 282 2026 X.
313 1988 373 2028 De
409 1988 469 2028 his
496 1989 563 2041 qui
595 1989 636 2028 in
666 1991 996 2042 persecutionibus
1032 1996 1280 2044 negaverunt,
1313 1995 1354 2032 et
1389 1992 1637 2044 postmodum

396 2053 437 2092 in
457 2053 569 2094 Olero
588 2055 758 2106 promoti
777 2061 878 2096 sunt.

235 2116 307 2157 XI.
338 2118 399 2158 De
418 2119 544 2159 Laicis
562 2120 629 2172 qui
647 2126 895 2173 negaverunt.

234 2183 330 2223 XII.
361 2184 422 2224 De
439 2185 500 2224 his
518 2185 585 2237 qui
612 2186 992 2236 abrenunciaverunt,
1012 2192 1052 2228 et
1079 2188 1221 2228 iterum
1249 2188 1299 2226 ad
1326 2188 1520 2228 saeculum
1547 2195 1638 2229 suut

397 2250 569 2302 regressi.

235 2315 354 2354 XIII.
385 2315 445 2355 De
463 2316 523 2356 his
541 2317 607 2369 qui
627 2317 947 2358 communionem
965 2323 1140 2371 tempore
1158 2320 1295 2360 mortis
1313 2326 1536 2371 exposcunt.

234 2379 344 2419 XIV.
375 2380 436 2419 De
454 2381 746 2422 catechumenis
763 2383 890 2435 lapsis.

235 2444 320 2484 XV.
351 2445 465 2495 Quod
483 2460 561 2486 non
580 2453 758 2500 oporteat
773 2449 993 2502 demigrari.

235 2510 344 2549 XVI.
375 2511 436 2550 De
462 2511 523 2550 his
541 2513 607 2565 qui
635 2513 677 2552 in
704 2514 895 2563 Eeclesiis,
914 2514 956 2553 in
984 2515 1123 2568 quibus
1150 2516 1323 2567 provecti
1350 2519 1452 2563 sunt,
1478 2516 1636 2555 minime

396 2577 664 2629 perdurarunt.

235 2640 368 2679 XVII.
400 2641 460 2680 De
480 2642 637 2682 Clericis
655 2656 790 2682 usuras
807 2644 1090 2696 accipientibus.

235 2705 392 2744 XVIII.
424 2706 484 2745 De
502 2707 712 2760 privilegiis
731 2708 1057 2760 Presbyterorum.

235 2770 344 2810 XIX.
375 2771 436 2810 De
455 2771 514 2810 his
533 2773 599 2824 qui
617 2786 640 2812 a
660 2773 778 2812 Paulo
798 2773 1046 2815 Samosateno
1065 2775 1114 2814 ad
1134 2775 1345 2815 Ecclesiam
1363 2777 1532 2817 veniunt.

235 2835 321 2874 XX.
354 2835 413 2875 De
432 2836 620 2877 flectendo
638 2852 773 2890 genua.

292 2912 385 2940 von.
402 2912 430 2941 1.
1069 2919 1095 2947 n
1116 2906 1142 2948 b
