<?xml version="1.0" encoding="UTF-8"?>
<!DOCTYPE html PUBLIC "-//W3C//DTD XHTML 1.0 Transitional//EN"
    "http://www.w3.org/TR/xhtml1/DTD/xhtml1-transitional.dtd">
<html xmlns="http://www.w3.org/1999/xhtml" xml:lang="en" lang="en">
 <head>
  <title>
</title>
<meta http-equiv="Content-Type" content="text/html;charset=utf-8" />
  <meta name='ocr-system' content='tesseract 3.04.00' />
  <meta name='ocr-capabilities' content='ocr_page ocr_carea ocr_par ocr_line ocrx_word'/>
</head>
<body>
  <div class='ocr_page' id='page_1' title='image "./scriptorumeccles01rout_0203.png"; bbox 0 0 2034 3204; ppageno 0'>
   <div class='ocr_carea' id='block_1_1' title="bbox 353 223 1638 268">
    <p class='ocr_par' dir='ltr' id='par_1_1' title="bbox 353 223 1638 268">
     <span class='ocr_line' id='line_1_1' title="bbox 353 223 1638 268; baseline 0.001 -1"><span class='ocrx_word' id='word_1_1' title='bbox 353 225 421 266; x_wconf 90' lang='lat' dir='ltr'><strong>IN</strong></span> <span class='ocrx_word' id='word_1_2' title='bbox 457 223 916 267; x_wconf 81' lang='lat' dir='ltr'><strong>TERTULLIANI</strong></span> <span class='ocrx_word' id='word_1_3' title='bbox 960 223 1042 264; x_wconf 89' lang='lat' dir='ltr'><strong>DE</strong></span> <span class='ocrx_word' id='word_1_4' title='bbox 1086 223 1446 266; x_wconf 82' lang='lat' dir='ltr'><strong>ORATIONE.</strong></span> <span class='ocrx_word' id='word_1_5' title='bbox 1554 225 1638 268; x_wconf 81' lang='lat'><strong>187</strong></span> 
     </span>
    </p>
   </div>
   <div class='ocr_carea' id='block_1_2' title="bbox 167 329 1639 2923">
    <p class='ocr_par' dir='ltr' id='par_1_2' title="bbox 222 329 1638 558">
     <span class='ocr_line' id='line_1_2' title="bbox 293 329 1638 388; baseline 0.001 -17"><span class='ocrx_word' id='word_1_6' title='bbox 293 331 337 372; x_wconf 89' lang='grc' dir='ltr'><strong>Ρ.</strong></span> <span class='ocrx_word' id='word_1_7' title='bbox 363 344 452 385; x_wconf 90' lang='lat'><strong>¹19·</strong></span> <span class='ocrx_word' id='word_1_8' title='bbox 469 331 495 373; x_wconf 93' lang='lat' dir='ltr'><strong>l.</strong></span> <span class='ocrx_word' id='word_1_9' title='bbox 513 333 552 373; x_wconf 91' lang='lat'><strong>6.</strong></span> <span class='ocrx_word' id='word_1_10' title='bbox 576 330 660 374; x_wconf 85' lang='lat' dir='ltr'><strong>Sed</strong></span> <span class='ocrx_word' id='word_1_11' title='bbox 681 344 755 372; x_wconf 92' lang='lat' dir='ltr'><strong>nec</strong></span> <span class='ocrx_word' id='word_1_12' title='bbox 775 330 862 386; x_wconf 83' lang='lat' dir='ltr'><strong>ipse</strong></span> <span class='ocrx_word' id='word_1_13' title='bbox 882 344 908 372; x_wconf 91' lang='lat' dir='ltr'><strong>a</strong></span> <span class='ocrx_word' id='word_1_14' title='bbox 928 329 1127 372; x_wconf 82' lang='lat' dir='ltr'><strong>fratribus</strong></span> <span class='ocrx_word' id='word_1_15' title='bbox 1143 331 1315 374; x_wconf 82' lang='lat' dir='ltr'><strong>exemtis</strong></span> <span class='ocrx_word' id='word_1_16' title='bbox 1335 331 1477 388; x_wconf 85' lang='lat' dir='ltr'><strong>priora</strong></span> <span class='ocrx_word' id='word_1_17' title='bbox 1493 331 1638 373; x_wconf 86' lang='lat' dir='ltr'><strong>fecerit</strong></span> 
     </span>
     <span class='ocr_line' id='line_1_3' title="bbox 234 387 1638 445; baseline -0.001 -14"><span class='ocrx_word' id='word_1_18' title='bbox 234 389 328 445; x_wconf 78' lang='lat' dir='ltr'><strong>&amp;c.]</strong></span> <span class='ocrx_word' id='word_1_19' title='bbox 348 388 451 430; x_wconf 90' lang='lat' dir='ltr'>Mihi</span> <span class='ocrx_word' id='word_1_20' title='bbox 473 387 637 444; x_wconf 88' lang='lat' dir='ltr'><strong>quidem</strong></span> <span class='ocrx_word' id='word_1_21' title='bbox 659 387 878 444; x_wconf 86' lang='lat' dir='ltr'><strong>legendum</strong></span> <span class='ocrx_word' id='word_1_22' title='bbox 900 387 1077 437; x_wconf 87' lang='lat' dir='ltr'><strong>videtur,</strong></span> <span class='ocrx_word' id='word_1_23' title='bbox 1095 388 1166 430; x_wconf 91' lang='lat' dir='ltr'><strong>sed</strong></span> <span class='ocrx_word' id='word_1_24' title='bbox 1188 403 1263 430; x_wconf 89' lang='lat' dir='ltr'><strong>nec</strong></span> <span class='ocrx_word' id='word_1_25' title='bbox 1284 388 1372 445; x_wconf 89' lang='lat' dir='ltr'><strong>ipse</strong></span> <span class='ocrx_word' id='word_1_26' title='bbox 1391 403 1418 430; x_wconf 84' lang='lat' dir='ltr'><strong>a</strong></span> <span class='ocrx_word' id='word_1_27' title='bbox 1437 388 1638 430; x_wconf 82' lang='lat' dir='ltr'><strong>fratribus</strong></span> 
     </span>
     <span class='ocr_line' id='line_1_4' title="bbox 233 445 1637 503; baseline 0 -16"><span class='ocrx_word' id='word_1_28' title='bbox 233 454 429 502; x_wconf 73' lang='lat' dir='ltr'><strong>exceptus</strong></span> <span class='ocrx_word' id='word_1_29' title='bbox 448 446 588 502; x_wconf 89' lang='lat' dir='ltr'><strong>priora</strong></span> <span class='ocrx_word' id='word_1_30' title='bbox 595 447 770 502; x_wconf 69' lang='lat' dir='ltr'><strong>seceris.</strong></span> <span class='ocrx_word' id='word_1_31' title='bbox 803 446 904 487; x_wconf 84' lang='lat' dir='ltr'><strong>Mox</strong></span> <span class='ocrx_word' id='word_1_32' title='bbox 926 445 1070 488; x_wconf 89' lang='lat' dir='ltr'><strong>melius</strong></span> <span class='ocrx_word' id='word_1_33' title='bbox 1085 446 1195 489; x_wconf 80' lang='lat' dir='ltr'><strong>foret</strong></span> <span class='ocrx_word' id='word_1_34' title='bbox 1213 448 1499 498; x_wconf 77' lang='lat' dir='ltr'><strong><em>indicabitur,</em></strong></span> <span class='ocrx_word' id='word_1_35' title='bbox 1513 461 1637 503; x_wconf 85' lang='lat' dir='ltr'><strong>quam</strong></span> 
     </span>
     <span class='ocr_line' id='line_1_5' title="bbox 222 504 513 558; baseline -0.003 -12"><span class='ocrx_word' id='word_1_36' title='bbox 222 504 513 558; x_wconf 74' lang='lat' dir='ltr'><strong>judicabitur.</strong></span> 
     </span>
    </p>

    <p class='ocr_par' dir='ltr' id='par_1_3' title="bbox 197 560 1639 850">
     <span class='ocr_line' id='line_1_6' title="bbox 197 560 1638 620; baseline 0 -18"><span class='ocrx_word' id='word_1_37' title='bbox 197 568 219 607; x_wconf 90' lang='lat'>5</span> <span class='ocrx_word' id='word_1_38' title='bbox 292 561 398 603; x_wconf 89' lang='lat' dir='ltr'><strong>lbid.</strong></span> <span class='ocrx_word' id='word_1_39' title='bbox 420 561 446 603; x_wconf 93' lang='lat' dir='ltr'><strong>l.</strong></span> <span class='ocrx_word' id='word_1_40' title='bbox 472 575 537 604; x_wconf 88' lang='lat'><strong>12.</strong></span> <span class='ocrx_word' id='word_1_41' title='bbox 569 560 611 602; x_wconf 92' lang='lat' dir='ltr'><strong>in</strong></span> <span class='ocrx_word' id='word_1_42' title='bbox 641 560 895 603; x_wconf 88' lang='lat' dir='ltr'><strong>orationibus</strong></span> <span class='ocrx_word' id='word_1_43' title='bbox 925 561 1123 620; x_wconf 85' lang='lat' dir='ltr'><strong>Alleluja]</strong></span> <span class='ocrx_word' id='word_1_44' title='bbox 1155 561 1220 603; x_wconf 90' lang='lat' dir='ltr'><strong>De</strong></span> <span class='ocrx_word' id='word_1_45' title='bbox 1251 560 1373 617; x_wconf 86' lang='lat' dir='ltr'><strong>hujus</strong></span> <span class='ocrx_word' id='word_1_46' title='bbox 1394 561 1503 603; x_wconf 79' lang='lat' dir='ltr'><strong>vocis</strong></span> <span class='ocrx_word' id='word_1_47' title='bbox 1533 561 1638 603; x_wconf 87' lang='lat' dir='ltr'><strong>anti-</strong></span> 
     </span>
     <span class='ocr_line' id='line_1_7' title="bbox 232 618 1639 684; baseline -0.001 -23"><span class='ocrx_word' id='word_1_48' title='bbox 232 618 391 675; x_wconf 86' lang='lat' dir='ltr'><strong>quitate</strong></span> <span class='ocrx_word' id='word_1_49' title='bbox 422 633 471 661; x_wconf 89' lang='lat' dir='ltr'><strong>ac</strong></span> <span class='ocrx_word' id='word_1_50' title='bbox 505 618 684 684; x_wconf 85' lang='lat' dir='ltr'><strong>repetito</strong></span> <span class='ocrx_word' id='word_1_51' title='bbox 723 634 796 660; x_wconf 91' lang='lat' dir='ltr'><strong>usu</strong></span> <span class='ocrx_word' id='word_1_52' title='bbox 838 619 880 661; x_wconf 92' lang='lat' dir='ltr'><strong>in</strong></span> <span class='ocrx_word' id='word_1_53' title='bbox 923 618 1114 676; x_wconf 86' lang='lat' dir='ltr'><strong>precibus</strong></span> <span class='ocrx_word' id='word_1_54' title='bbox 1148 619 1274 661; x_wconf 87' lang='lat' dir='ltr'><strong>sacris</strong></span> <span class='ocrx_word' id='word_1_55' title='bbox 1307 619 1394 675; x_wconf 86' lang='lat' dir='ltr'><strong>jam</strong></span> <span class='ocrx_word' id='word_1_56' title='bbox 1429 618 1499 661; x_wconf 89' lang='lat' dir='ltr'><strong>alii</strong></span> <span class='ocrx_word' id='word_1_57' title='bbox 1539 619 1639 661; x_wconf 86' lang='lat' dir='ltr'><strong>satis</strong></span> 
     </span>
     <span class='ocr_line' id='line_1_8' title="bbox 233 676 1637 734; baseline 0.001 -17"><span class='ocrx_word' id='word_1_58' title='bbox 233 690 372 733; x_wconf 86' lang='lat' dir='ltr'><strong>egere,</strong></span> <span class='ocrx_word' id='word_1_59' title='bbox 394 677 527 733; x_wconf 85' lang='lat' dir='ltr'>deque</span> <span class='ocrx_word' id='word_1_60' title='bbox 557 676 628 718; x_wconf 85' lang='lat' dir='ltr'><strong>1lla</strong></span> <span class='ocrx_word' id='word_1_61' title='bbox 657 676 904 719; x_wconf 89' lang='lat' dir='ltr'><strong>mentionem</strong></span> <span class='ocrx_word' id='word_1_62' title='bbox 933 676 1089 718; x_wconf 84' lang='lat' dir='ltr'><strong>faciunt</strong></span> <span class='ocrx_word' id='word_1_63' title='bbox 1110 677 1153 719; x_wconf 89' lang='lat' dir='ltr'><strong>S.</strong></span> <span class='ocrx_word' id='word_1_64' title='bbox 1176 676 1433 734; x_wconf 81' lang='lat' dir='ltr'><strong>Augustinus</strong></span> <span class='ocrx_word' id='word_1_65' title='bbox 1462 676 1505 718; x_wconf 92' lang='lat' dir='ltr'><strong>in</strong></span> <span class='ocrx_word' id='word_1_66' title='bbox 1527 677 1637 718; x_wconf 87' lang='lat' dir='ltr'><strong>Psal.</strong></span> 
     </span>
     <span class='ocr_line' id='line_1_9' title="bbox 232 733 1638 792; baseline 0 -16"><span class='ocrx_word' id='word_1_67' title='bbox 232 736 294 775; x_wconf 82' lang='lat' dir='ltr'><strong>cvi</strong></span> <span class='ocrx_word' id='word_1_68' title='bbox 315 741 358 776; x_wconf 85' lang='lat' dir='ltr'><strong>et</strong></span> <span class='ocrx_word' id='word_1_69' title='bbox 379 749 445 784; x_wconf 85' lang='lat' dir='ltr'><strong>cx,</strong></span> <span class='ocrx_word' id='word_1_70' title='bbox 478 735 521 776; x_wconf 88' lang='lat' dir='ltr'><strong>S.</strong></span> <span class='ocrx_word' id='word_1_71' title='bbox 535 733 777 776; x_wconf 79' lang='lat' dir='ltr'><strong>Ambrosius</strong></span> <span class='ocrx_word' id='word_1_72' title='bbox 803 734 845 776; x_wconf 88' lang='lat' dir='ltr'><strong>in</strong></span> <span class='ocrx_word' id='word_1_73' title='bbox 868 734 1072 792; x_wconf 81' lang='lat' dir='ltr'><strong>Apologia</strong></span> <span class='ocrx_word' id='word_1_74' title='bbox 1100 748 1178 791; x_wconf 88' lang='lat' dir='ltr'><strong>pro</strong></span> <span class='ocrx_word' id='word_1_75' title='bbox 1195 734 1368 783; x_wconf 87' lang='lat' dir='ltr'><strong>Davide,</strong></span> <span class='ocrx_word' id='word_1_76' title='bbox 1388 734 1638 776; x_wconf 87' lang='lat' dir='ltr'><strong>Sozomenus</strong></span> 
     </span>
     <span class='ocr_line' id='line_1_10' title="bbox 233 791 1636 850; baseline 0.001 -17"><span class='ocrx_word' id='word_1_77' title='bbox 233 791 302 834; x_wconf 92' lang='lat' dir='ltr'><strong>lib.</strong></span> <span class='ocrx_word' id='word_1_78' title='bbox 318 805 389 842; x_wconf 85' lang='lat' dir='ltr'><strong>vn,</strong></span> <span class='ocrx_word' id='word_1_79' title='bbox 413 806 532 848; x_wconf 86' lang='lat' dir='ltr'>capp.</span> <span class='ocrx_word' id='word_1_80' title='bbox 557 805 567 832; x_wconf 81' lang='grc' dir='ltr'><strong>ι</strong></span> <span class='ocrx_word' id='word_1_81' title='bbox 578 801 605 847; x_wconf 86' lang='lat'><em>5</em></span> <span class='ocrx_word' id='word_1_82' title='bbox 627 797 670 834; x_wconf 91' lang='lat' dir='ltr'><strong>et</strong></span> <span class='ocrx_word' id='word_1_83' title='bbox 688 805 752 846; x_wconf 88' lang='lat'><strong>19,</strong></span> <span class='ocrx_word' id='word_1_84' title='bbox 776 792 818 835; x_wconf 88' lang='lat' dir='ltr'><strong>S.</strong></span> <span class='ocrx_word' id='word_1_85' title='bbox 834 792 1042 842; x_wconf 91' lang='lat' dir='ltr'><strong>Paulinus,</strong></span> <span class='ocrx_word' id='word_1_86' title='bbox 1066 792 1108 834; x_wconf 89' lang='lat' dir='ltr'><strong>S.</strong></span> <span class='ocrx_word' id='word_1_87' title='bbox 1124 791 1418 850; x_wconf 80' lang='lat' dir='ltr'><strong>Hieronymus,</strong></span> <span class='ocrx_word' id='word_1_88' title='bbox 1442 792 1636 840; x_wconf 83' lang='lat' dir='ltr'><strong>Isidorus,</strong></span> 
     </span>
    </p>

    <p class='ocr_par' dir='ltr' id='par_1_4' title="bbox 172 849 1638 1079">
     <span class='ocr_line' id='line_1_11' title="bbox 172 849 1638 900; baseline 0 -9"><span class='ocrx_word' id='word_1_89' title='bbox 172 859 220 885; x_wconf 91' lang='lat'><strong>10</strong></span> <span class='ocrx_word' id='word_1_90' title='bbox 235 849 439 898; x_wconf 89' lang='lat' dir='ltr'><strong>Sidonius,</strong></span> <span class='ocrx_word' id='word_1_91' title='bbox 471 855 514 891; x_wconf 90' lang='lat' dir='ltr'><strong>et</strong></span> <span class='ocrx_word' id='word_1_92' title='bbox 545 849 626 891; x_wconf 89' lang='lat' dir='ltr'><strong>alii.</strong></span> <span class='ocrx_word' id='word_1_93' title='bbox 687 849 725 891; x_wconf 90' lang='lat' dir='ltr'>A</span> <span class='ocrx_word' id='word_1_94' title='bbox 755 849 927 892; x_wconf 80' lang='lat' dir='ltr'><strong>Judaeis</strong></span> <span class='ocrx_word' id='word_1_95' title='bbox 961 850 1015 892; x_wconf 89' lang='lat' dir='ltr'><strong>ad</strong></span> <span class='ocrx_word' id='word_1_96' title='bbox 1053 850 1309 892; x_wconf 81' lang='lat' dir='ltr'><strong>Christianos</strong></span> <span class='ocrx_word' id='word_1_97' title='bbox 1344 850 1533 900; x_wconf 78' lang='lat' dir='ltr'><strong>transiit3</strong></span> <span class='ocrx_word' id='word_1_98' title='bbox 1575 856 1638 892; x_wconf 84' lang='lat' dir='ltr'><strong>est</strong></span> 
     </span>
     <span class='ocr_line' id='line_1_12' title="bbox 233 906 1636 964; baseline 0.001 -16"><span class='ocrx_word' id='word_1_99' title='bbox 233 907 340 948; x_wconf 91' lang='lat' dir='ltr'><strong>enim</strong></span> <span class='ocrx_word' id='word_1_100' title='bbox 362 907 404 949; x_wconf 91' lang='lat' dir='ltr'><strong>in</strong></span> <span class='ocrx_word' id='word_1_101' title='bbox 427 906 636 949; x_wconf 85' lang='lat' dir='ltr'><strong>Davidicis</strong></span> <span class='ocrx_word' id='word_1_102' title='bbox 656 907 828 948; x_wconf 84' lang='lat' dir='ltr'><strong>Psalmis</strong></span> <span class='ocrx_word' id='word_1_103' title='bbox 847 907 1055 964; x_wconf 80' lang='lat' dir='ltr'><strong>frequens,</strong></span> <span class='ocrx_word' id='word_1_104' title='bbox 1072 922 1246 964; x_wconf 88' lang='lat' dir='ltr'><strong>eamque</strong></span> <span class='ocrx_word' id='word_1_105' title='bbox 1265 907 1360 949; x_wconf 91' lang='lat' dir='ltr'><strong>olim</strong></span> <span class='ocrx_word' id='word_1_106' title='bbox 1381 907 1636 964; x_wconf 88' lang='lat' dir='ltr'><strong>potissimum</strong></span> 
     </span>
     <span class='ocr_line' id='line_1_13' title="bbox 232 964 1637 1022; baseline 0.001 -16"><span class='ocrx_word' id='word_1_107' title='bbox 232 964 275 1006; x_wconf 91' lang='lat' dir='ltr'><strong>in</strong></span> <span class='ocrx_word' id='word_1_108' title='bbox 305 965 490 1006; x_wconf 82' lang='lat' dir='ltr'><strong>Ecclesia</strong></span> <span class='ocrx_word' id='word_1_109' title='bbox 520 964 899 1021; x_wconf 88' lang='lat' dir='ltr'><strong>Hierosolymitana</strong></span> <span class='ocrx_word' id='word_1_110' title='bbox 928 971 1167 1022; x_wconf 79' lang='lat' dir='ltr'><strong>usurpatam</strong></span> <span class='ocrx_word' id='word_1_111' title='bbox 1198 965 1390 1008; x_wconf 86' lang='lat' dir='ltr'><strong>discimus</strong></span> <span class='ocrx_word' id='word_1_112' title='bbox 1416 980 1443 1008; x_wconf 83' lang='lat' dir='ltr'><strong>a</strong></span> <span class='ocrx_word' id='word_1_113' title='bbox 1464 966 1507 1008; x_wconf 94' lang='lat' dir='ltr'><strong>S.</strong></span> <span class='ocrx_word' id='word_1_114' title='bbox 1531 965 1637 1007; x_wconf 84' lang='lat' dir='ltr'><strong>Gre-</strong></span> 
     </span>
     <span class='ocr_line' id='line_1_14' title="bbox 232 1022 1142 1079; baseline 0.001 -15"><span class='ocrx_word' id='word_1_115' title='bbox 232 1022 364 1079; x_wconf 89' lang='lat' dir='ltr'><strong>gorio,</strong></span> <span class='ocrx_word' id='word_1_116' title='bbox 386 1022 455 1065; x_wconf 90' lang='lat' dir='ltr'><strong>lib.</strong></span> <span class='ocrx_word' id='word_1_117' title='bbox 477 1036 522 1064; x_wconf 93' lang='lat'><strong>11.</strong></span> <span class='ocrx_word' id='word_1_118' title='bbox 548 1022 678 1079; x_wconf 82' lang='lat' dir='ltr'><strong>Epist.</strong></span> <span class='ocrx_word' id='word_1_119' title='bbox 701 1025 770 1078; x_wconf 86' lang='lat'><strong>63.</strong></span> <span class='ocrx_word' id='word_1_120' title='bbox 811 1023 1142 1065; x_wconf 87' lang='lat' dir='ltr'><strong>MURATORI.</strong></span> 
     </span>
    </p>

    <p class='ocr_par' dir='ltr' id='par_1_5' title="bbox 293 1079 1635 1138">
     <span class='ocr_line' id='line_1_15' title="bbox 293 1079 1635 1138; baseline 0.001 -18"><span class='ocrx_word' id='word_1_121' title='bbox 293 1079 397 1122; x_wconf 91' lang='lat' dir='ltr'><strong>lbid.</strong></span> <span class='ocrx_word' id='word_1_122' title='bbox 439 1080 467 1122; x_wconf 93' lang='lat' dir='ltr'><strong>l.</strong></span> <span class='ocrx_word' id='word_1_123' title='bbox 507 1093 569 1135; x_wconf 86' lang='lat'><strong>13.</strong></span> <span class='ocrx_word' id='word_1_124' title='bbox 611 1094 786 1136; x_wconf 90' lang='lat' dir='ltr'><strong>quorum</strong></span> <span class='ocrx_word' id='word_1_125' title='bbox 825 1080 1015 1122; x_wconf 84' lang='lat' dir='ltr'><strong>clausulis</strong></span> <span class='ocrx_word' id='word_1_126' title='bbox 1053 1080 1348 1137; x_wconf 81' lang='lat' dir='ltr'><strong>respondeant]</strong></span> <span class='ocrx_word' id='word_1_127' title='bbox 1390 1080 1635 1138; x_wconf 86' lang='lat' dir='ltr'><strong>Legentium</strong></span> 
     </span>
    </p>

    <p class='ocr_par' dir='ltr' id='par_1_6' title="bbox 171 1137 1637 1425">
     <span class='ocr_line' id='line_1_16' title="bbox 171 1137 1637 1195; baseline 0.001 -16"><span class='ocrx_word' id='word_1_128' title='bbox 171 1145 217 1184; x_wconf 91' lang='lat'><strong>15</strong></span> <span class='ocrx_word' id='word_1_129' title='bbox 233 1137 453 1180; x_wconf 89' lang='lat' dir='ltr'><strong>eruditioni</strong></span> <span class='ocrx_word' id='word_1_130' title='bbox 483 1138 661 1180; x_wconf 87' lang='lat' dir='ltr'><strong>facerem</strong></span> <span class='ocrx_word' id='word_1_131' title='bbox 690 1137 894 1194; x_wconf 88' lang='lat' dir='ltr'><strong>iujuriam,</strong></span> <span class='ocrx_word' id='word_1_132' title='bbox 916 1137 950 1180; x_wconf 91' lang='lat' dir='ltr'><strong>si</strong></span> <span class='ocrx_word' id='word_1_133' title='bbox 974 1145 1067 1195; x_wconf 90' lang='lat' dir='ltr'><strong>post</strong></span> <span class='ocrx_word' id='word_1_134' title='bbox 1094 1138 1371 1180; x_wconf 87' lang='lat' dir='ltr'><strong>doctissimum</strong></span> <span class='ocrx_word' id='word_1_135' title='bbox 1397 1153 1637 1195; x_wconf 86' lang='lat' dir='ltr'><strong>summeque</strong></span> 
     </span>
     <span class='ocr_line' id='line_1_17' title="bbox 232 1194 1637 1253; baseline 0.001 -17"><span class='ocrx_word' id='word_1_136' title='bbox 232 1194 343 1252; x_wconf 90' lang='lat' dir='ltr'><strong>pium</strong></span> <span class='ocrx_word' id='word_1_137' title='bbox 387 1195 648 1238; x_wconf 87' lang='lat' dir='ltr'><strong>Cardinalem</strong></span> <span class='ocrx_word' id='word_1_138' title='bbox 690 1196 849 1238; x_wconf 83' lang='lat' dir='ltr'><strong>Bonam</strong></span> <span class='ocrx_word' id='word_1_139' title='bbox 900 1195 952 1238; x_wconf 85' lang='lat' dir='ltr'><strong>de</strong></span> <span class='ocrx_word' id='word_1_140' title='bbox 1001 1195 1284 1253; x_wconf 86' lang='lat' dir='ltr'><strong>antiquissimo</strong></span> <span class='ocrx_word' id='word_1_141' title='bbox 1333 1195 1547 1252; x_wconf 83' lang='lat' dir='ltr'><strong>psallendi,</strong></span> <span class='ocrx_word' id='word_1_142' title='bbox 1588 1210 1637 1238; x_wconf 89' lang='lat' dir='ltr'><strong>ac</strong></span> 
     </span>
     <span class='ocr_line' id='line_1_18' title="bbox 234 1252 1637 1310; baseline 0 -15"><span class='ocrx_word' id='word_1_143' title='bbox 234 1252 454 1295; x_wconf 86' lang='lat' dir='ltr'><strong>Davidicos</strong></span> <span class='ocrx_word' id='word_1_144' title='bbox 494 1253 678 1295; x_wconf 89' lang='lat' dir='ltr'><strong>Psalmos</strong></span> <span class='ocrx_word' id='word_1_145' title='bbox 723 1259 797 1296; x_wconf 91' lang='lat' dir='ltr'><strong>aut</strong></span> <span class='ocrx_word' id='word_1_146' title='bbox 841 1253 1043 1295; x_wconf 85' lang='lat' dir='ltr'><strong>recitandi</strong></span> <span class='ocrx_word' id='word_1_147' title='bbox 1083 1259 1156 1296; x_wconf 90' lang='lat' dir='ltr'><strong>aut</strong></span> <span class='ocrx_word' id='word_1_148' title='bbox 1195 1253 1368 1296; x_wconf 87' lang='lat' dir='ltr'><strong>canendi</strong></span> <span class='ocrx_word' id='word_1_149' title='bbox 1407 1268 1484 1295; x_wconf 90' lang='lat' dir='ltr'><strong>usu</strong></span> <span class='ocrx_word' id='word_1_150' title='bbox 1525 1253 1637 1310; x_wconf 90' lang='lat' dir='ltr'><strong>loqui</strong></span> 
     </span>
     <span class='ocr_line' id='line_1_19' title="bbox 232 1310 1637 1367; baseline 0.001 -15"><span class='ocrx_word' id='word_1_151' title='bbox 232 1311 391 1353; x_wconf 89' lang='lat' dir='ltr'><strong>vellem.</strong></span> <span class='ocrx_word' id='word_1_152' title='bbox 452 1311 554 1367; x_wconf 85' lang='lat' dir='ltr'><strong>Ejus</strong></span> <span class='ocrx_word' id='word_1_153' title='bbox 583 1310 732 1352; x_wconf 85' lang='lat' dir='ltr'><strong>librum</strong></span> <span class='ocrx_word' id='word_1_154' title='bbox 763 1310 816 1352; x_wconf 90' lang='lat' dir='ltr'><strong>de</strong></span> <span class='ocrx_word' id='word_1_155' title='bbox 844 1310 1077 1353; x_wconf 90' lang='lat' dir='ltr'><strong>Psalmodia</strong></span> <span class='ocrx_word' id='word_1_156' title='bbox 1106 1311 1291 1354; x_wconf 86' lang='lat' dir='ltr'><strong>consulat</strong></span> <span class='ocrx_word' id='word_1_157' title='bbox 1311 1310 1496 1367; x_wconf 88' lang='lat' dir='ltr'><strong>quisquis</strong></span> <span class='ocrx_word' id='word_1_158' title='bbox 1525 1318 1637 1353; x_wconf 88' lang='lat' dir='ltr'><strong>satu-</strong></span> 
     </span>
     <span class='ocr_line' id='line_1_20' title="bbox 232 1367 1637 1425; baseline 0 -15"><span class='ocrx_word' id='word_1_159' title='bbox 232 1368 318 1410; x_wconf 89' lang='lat' dir='ltr'><strong>rari</strong></span> <span class='ocrx_word' id='word_1_160' title='bbox 358 1369 482 1425; x_wconf 89' lang='lat' dir='ltr'><strong>cupit.</strong></span> <span class='ocrx_word' id='word_1_161' title='bbox 559 1367 664 1410; x_wconf 85' lang='lat' dir='ltr'><strong>Heio</strong></span> <span class='ocrx_word' id='word_1_162' title='bbox 705 1368 908 1410; x_wconf 88' lang='lat' dir='ltr'><strong>transiens</strong></span> <span class='ocrx_word' id='word_1_163' title='bbox 946 1368 1244 1417; x_wconf 87' lang='lat' dir='ltr'><strong>animadverto,</strong></span> <span class='ocrx_word' id='word_1_164' title='bbox 1285 1383 1409 1425; x_wconf 86' lang='lat' dir='ltr'><strong>quam</strong></span> <span class='ocrx_word' id='word_1_165' title='bbox 1450 1375 1637 1411; x_wconf 83' lang='lat' dir='ltr'><strong>vetustus</strong></span> 
     </span>
    </p>

    <p class='ocr_par' dir='ltr' id='par_1_7' title="bbox 170 1425 1636 1656">
     <span class='ocr_line' id='line_1_21' title="bbox 170 1425 1636 1482; baseline 0.001 -15"><span class='ocrx_word' id='word_1_166' title='bbox 170 1437 219 1462; x_wconf 83' lang='lat'><strong>20</strong></span> <span class='ocrx_word' id='word_1_167' title='bbox 232 1425 301 1468; x_wconf 92' lang='lat' dir='ltr'><strong>ille</strong></span> <span class='ocrx_word' id='word_1_168' title='bbox 335 1426 456 1468; x_wconf 88' lang='lat' dir='ltr'><strong>etiam</strong></span> <span class='ocrx_word' id='word_1_169' title='bbox 494 1425 547 1468; x_wconf 89' lang='lat' dir='ltr'><strong>sit</strong></span> <span class='ocrx_word' id='word_1_170' title='bbox 579 1426 696 1475; x_wconf 88' lang='lat' dir='ltr'><strong>ritus,</strong></span> <span class='ocrx_word' id='word_1_171' title='bbox 728 1439 810 1482; x_wconf 92' lang='lat' dir='ltr'><strong>quo</strong></span> <span class='ocrx_word' id='word_1_172' title='bbox 841 1425 992 1468; x_wconf 83' lang='lat' dir='ltr'><strong>Psalmi</strong></span> <span class='ocrx_word' id='word_1_173' title='bbox 1023 1426 1195 1468; x_wconf 85' lang='lat' dir='ltr'><strong>alternis</strong></span> <span class='ocrx_word' id='word_1_174' title='bbox 1227 1426 1269 1468; x_wconf 91' lang='lat' dir='ltr'><strong>in</strong></span> <span class='ocrx_word' id='word_1_175' title='bbox 1302 1426 1429 1468; x_wconf 92' lang='lat' dir='ltr'><strong>choro</strong></span> <span class='ocrx_word' id='word_1_176' title='bbox 1464 1426 1636 1482; x_wconf 85' lang='lat' dir='ltr'><strong>aliisque</strong></span> 
     </span>
     <span class='ocr_line' id='line_1_22' title="bbox 232 1482 1636 1540; baseline 0 -14"><span class='ocrx_word' id='word_1_177' title='bbox 232 1482 513 1526; x_wconf 88' lang='lat' dir='ltr'><strong>ecclesiasticis</strong></span> <span class='ocrx_word' id='word_1_178' title='bbox 525 1482 888 1540; x_wconf 86' lang='lat' dir='ltr'><strong>supplicationibus</strong></span> <span class='ocrx_word' id='word_1_179' title='bbox 901 1484 1142 1526; x_wconf 86' lang='lat' dir='ltr'><strong>recitantur.</strong></span> <span class='ocrx_word' id='word_1_180' title='bbox 1165 1484 1496 1526; x_wconf 88' lang='lat' dir='ltr'><strong>MURATORI.</strong></span> <span class='ocrx_word' id='word_1_181' title='bbox 1530 1484 1636 1527; x_wconf 85' lang='lat' dir='ltr'><strong>Ora-</strong></span> 
     </span>
     <span class='ocr_line' id='line_1_23' title="bbox 232 1540 1634 1599; baseline -0.001 -15"><span class='ocrx_word' id='word_1_182' title='bbox 232 1540 411 1584; x_wconf 86' lang='lat' dir='ltr'><strong>tionibus</strong></span> <span class='ocrx_word' id='word_1_183' title='bbox 449 1540 642 1598; x_wconf 88' lang='lat' dir='ltr'><strong>subjungi</strong></span> <span class='ocrx_word' id='word_1_184' title='bbox 675 1540 741 1583; x_wconf 79' lang='lat' dir='ltr'><strong>hic</strong></span> <span class='ocrx_word' id='word_1_185' title='bbox 781 1540 975 1584; x_wconf 88' lang='lat' dir='ltr'><strong>dicuntur</strong></span> <span class='ocrx_word' id='word_1_186' title='bbox 1009 1541 1052 1583; x_wconf 90' lang='lat' dir='ltr'><strong>id</strong></span> <span class='ocrx_word' id='word_1_187' title='bbox 1091 1556 1223 1599; x_wconf 86' lang='lat' dir='ltr'><strong>genus</strong></span> <span class='ocrx_word' id='word_1_188' title='bbox 1262 1541 1422 1599; x_wconf 85' lang='lat' dir='ltr'><strong>psalmi,</strong></span> <span class='ocrx_word' id='word_1_189' title='bbox 1459 1556 1634 1598; x_wconf 90' lang='lat' dir='ltr'><strong>quorum</strong></span> 
     </span>
     <span class='ocr_line' id='line_1_24' title="bbox 232 1598 1137 1656; baseline 0 -15"><span class='ocrx_word' id='word_1_190' title='bbox 232 1598 437 1641; x_wconf 84' lang='lat' dir='ltr'><strong>clausulae</strong></span> <span class='ocrx_word' id='word_1_191' title='bbox 457 1604 581 1656; x_wconf 86' lang='lat' dir='ltr'><strong>aptae</strong></span> <span class='ocrx_word' id='word_1_192' title='bbox 601 1605 696 1641; x_wconf 89' lang='lat' dir='ltr'><strong>sunt</strong></span> <span class='ocrx_word' id='word_1_193' title='bbox 716 1598 771 1641; x_wconf 90' lang='lat' dir='ltr'><strong>ad</strong></span> <span class='ocrx_word' id='word_1_194' title='bbox 791 1599 1137 1656; x_wconf 88' lang='lat' dir='ltr'><strong>respondendum.</strong></span> 
     </span>
    </p>

    <p class='ocr_par' dir='ltr' id='par_1_8' title="bbox 291 1656 1635 1724">
     <span class='ocr_line' id='line_1_25' title="bbox 291 1656 1635 1724; baseline 0 -26"><span class='ocrx_word' id='word_1_195' title='bbox 291 1656 397 1699; x_wconf 88' lang='lat' dir='ltr'><strong>lbid.</strong></span> <span class='ocrx_word' id='word_1_196' title='bbox 427 1656 454 1699; x_wconf 90' lang='lat' dir='ltr'><strong>l.</strong></span> <span class='ocrx_word' id='word_1_197' title='bbox 484 1658 546 1698; x_wconf 92' lang='lat'><strong>16.</strong></span> <span class='ocrx_word' id='word_1_198' title='bbox 578 1661 804 1699; x_wconf 87' lang='lat' dir='ltr'><strong>saturatam</strong></span> <span class='ocrx_word' id='word_1_199' title='bbox 835 1657 1063 1699; x_wconf 87' lang='lat' dir='ltr'><strong>orationem</strong></span> <span class='ocrx_word' id='word_1_200' title='bbox 1090 1657 1203 1700; x_wconf 89' lang='lat' dir='ltr'><strong>velut</strong></span> <span class='ocrx_word' id='word_1_201' title='bbox 1229 1657 1426 1724; x_wconf 88' lang='lat' dir='ltr'><strong>optimam</strong></span> <span class='ocrx_word' id='word_1_202' title='bbox 1459 1656 1635 1699; x_wconf 83' lang='lat' dir='ltr'><strong>hostiam</strong></span> 
     </span>
    </p>

    <p class='ocr_par' dir='ltr' id='par_1_9' title="bbox 170 1714 1638 2003">
     <span class='ocr_line' id='line_1_26' title="bbox 170 1714 1638 1770; baseline 0 -14"><span class='ocrx_word' id='word_1_203' title='bbox 170 1723 218 1762; x_wconf 84' lang='lat'><strong>25</strong></span> <span class='ocrx_word' id='word_1_204' title='bbox 232 1714 471 1770; x_wconf 84' lang='lat' dir='ltr'><strong>admovere]</strong></span> <span class='ocrx_word' id='word_1_205' title='bbox 501 1714 738 1757; x_wconf 85' lang='lat' dir='ltr'><strong>Saturatam</strong></span> <span class='ocrx_word' id='word_1_206' title='bbox 760 1714 1000 1756; x_wconf 89' lang='lat' dir='ltr'><strong>orationem.</strong></span> <span class='ocrx_word' id='word_1_207' title='bbox 1063 1714 1191 1757; x_wconf 86' lang='lat' dir='ltr'><strong>Sicuti</strong></span> <span class='ocrx_word' id='word_1_208' title='bbox 1205 1715 1358 1770; x_wconf 60' lang='lat' dir='ltr'><strong>jejuna</strong></span> <span class='ocrx_word' id='word_1_209' title='bbox 1379 1717 1534 1763; x_wconf 75' lang='lat' dir='ltr'><strong>oratio,</strong></span> <span class='ocrx_word' id='word_1_210' title='bbox 1557 1714 1638 1756; x_wconf 87' lang='lat' dir='ltr'><strong>alio</strong></span> 
     </span>
     <span class='ocr_line' id='line_1_27' title="bbox 232 1771 1638 1824; baseline 0 -10"><span class='ocrx_word' id='word_1_211' title='bbox 232 1777 372 1814; x_wconf 87' lang='lat' dir='ltr'><strong>tamen</strong></span> <span class='ocrx_word' id='word_1_212' title='bbox 398 1787 535 1824; x_wconf 77' lang='lat' dir='ltr'><strong>sensU,</strong></span> <span class='ocrx_word' id='word_1_213' title='bbox 555 1786 581 1814; x_wconf 88' lang='lat' dir='ltr'><strong>a</strong></span> <span class='ocrx_word' id='word_1_214' title='bbox 603 1771 802 1814; x_wconf 85' lang='lat' dir='ltr'><strong>Cicerone</strong></span> <span class='ocrx_word' id='word_1_215' title='bbox 822 1771 933 1815; x_wconf 89' lang='lat' dir='ltr'><strong>dicta</strong></span> <span class='ocrx_word' id='word_1_216' title='bbox 963 1778 1038 1821; x_wconf 87' lang='lat' dir='ltr'><strong>est,</strong></span> <span class='ocrx_word' id='word_1_217' title='bbox 1059 1772 1119 1814; x_wconf 89' lang='lat' dir='ltr'><strong>ita</strong></span> <span class='ocrx_word' id='word_1_218' title='bbox 1138 1779 1181 1814; x_wconf 91' lang='lat' dir='ltr'><strong>et</strong></span> <span class='ocrx_word' id='word_1_219' title='bbox 1201 1781 1407 1815; x_wconf 76' lang='lat' dir='ltr'><strong>saturata</strong></span> <span class='ocrx_word' id='word_1_220' title='bbox 1426 1787 1453 1815; x_wconf 90' lang='lat' dir='ltr'><strong>a</strong></span> <span class='ocrx_word' id='word_1_221' title='bbox 1473 1772 1638 1814; x_wconf 89' lang='lat' dir='ltr'><strong>Tertul-</strong></span> 
     </span>
     <span class='ocr_line' id='line_1_28' title="bbox 231 1829 1637 1886; baseline 0 -15"><span class='ocrx_word' id='word_1_222' title='bbox 231 1829 340 1872; x_wconf 83' lang='lat' dir='ltr'><strong>liano</strong></span> <span class='ocrx_word' id='word_1_223' title='bbox 370 1829 533 1878; x_wconf 85' lang='lat' dir='ltr'><strong>dicitur‚</strong></span> <span class='ocrx_word' id='word_1_224' title='bbox 555 1843 662 1886; x_wconf 88' lang='lat' dir='ltr'><strong>quae</strong></span> <span class='ocrx_word' id='word_1_225' title='bbox 691 1843 836 1886; x_wconf 87' lang='lat' dir='ltr'><strong>preces</strong></span> <span class='ocrx_word' id='word_1_226' title='bbox 866 1844 957 1871; x_wconf 90' lang='lat' dir='ltr'><strong>cum</strong></span> <span class='ocrx_word' id='word_1_227' title='bbox 987 1829 1230 1872; x_wconf 86' lang='lat' dir='ltr'><strong>recitatione</strong></span> <span class='ocrx_word' id='word_1_228' title='bbox 1255 1830 1511 1872; x_wconf 89' lang='lat' dir='ltr'><strong>Psalmorum</strong></span> <span class='ocrx_word' id='word_1_229' title='bbox 1542 1845 1637 1872; x_wconf 89' lang='lat' dir='ltr'><strong>con-</strong></span> 
     </span>
     <span class='ocr_line' id='line_1_29' title="bbox 225 1886 1636 1945; baseline 0 -16"><span class='ocrx_word' id='word_1_230' title='bbox 225 1887 381 1945; x_wconf 88' lang='lat' dir='ltr'><strong>jungit.</strong></span> <span class='ocrx_word' id='word_1_231' title='bbox 441 1887 558 1929; x_wconf 88' lang='lat' dir='ltr'><strong>Haec</strong></span> <span class='ocrx_word' id='word_1_232' title='bbox 585 1892 649 1929; x_wconf 87' lang='lat' dir='ltr'><strong>est</strong></span> <span class='ocrx_word' id='word_1_233' title='bbox 675 1886 842 1943; x_wconf 88' lang='lat' dir='ltr'><strong>optima,</strong></span> <span class='ocrx_word' id='word_1_234' title='bbox 864 1887 967 1929; x_wconf 86' lang='lat' dir='ltr'><strong>haec</strong></span> <span class='ocrx_word' id='word_1_235' title='bbox 988 1893 1051 1930; x_wconf 90' lang='lat' dir='ltr'><strong>est</strong></span> <span class='ocrx_word' id='word_1_236' title='bbox 1080 1887 1149 1943; x_wconf 90' lang='lat' dir='ltr'><strong>pin</strong></span> <span class='ocrx_word' id='word_1_237' title='bbox 1183 1887 1244 1929; x_wconf 91' lang='lat' dir='ltr'><strong>uis</strong></span> <span class='ocrx_word' id='word_1_238' title='bbox 1268 1887 1415 1937; x_wconf 87' lang='lat' dir='ltr'><strong>hostia,</strong></span> <span class='ocrx_word' id='word_1_239' title='bbox 1437 1903 1561 1944; x_wconf 86' lang='lat' dir='ltr'><strong>quam</strong></span> <span class='ocrx_word' id='word_1_240' title='bbox 1581 1888 1636 1930; x_wconf 84' lang='lat' dir='ltr'><strong>ad</strong></span> 
     </span>
     <span class='ocr_line' id='line_1_30' title="bbox 231 1903 1638 2003; baseline 0 -16"><span class='ocrx_word' id='word_1_241' title='bbox 231 1959 347 1987; x_wconf 89' lang='lat' dir='ltr'><strong>aram</strong></span> <span class='ocrx_word' id='word_1_242' title='bbox 375 1944 555 1987; x_wconf 89' lang='lat' dir='ltr'><strong>divinam</strong></span> <span class='ocrx_word' id='word_1_243' title='bbox 582 1944 855 2001; x_wconf 66' lang='lat' dir='ltr'><strong>perducimus</strong></span> <span class='ocrx_word' id='word_1_244' title='bbox 902 1903 1234 1988; x_wconf 53' lang='lat' dir='ltr'><strong>MURATOizI.</strong></span> <span class='ocrx_word' id='word_1_245' title='bbox 1294 1945 1502 2003; x_wconf 89' lang='lat' dir='ltr'><strong>Legerim,</strong></span> <span class='ocrx_word' id='word_1_246' title='bbox 1523 1945 1638 1988; x_wconf 88' lang='lat' dir='ltr'><strong>velut</strong></span> 
     </span>
    </p>

    <p class='ocr_par' dir='ltr' id='par_1_10' title="bbox 167 2001 878 2060">
     <span class='ocr_line' id='line_1_31' title="bbox 167 2001 878 2060; baseline 0.004 -18"><span class='ocrx_word' id='word_1_247' title='bbox 167 2017 220 2053; x_wconf 82' lang='lat'><strong>30</strong></span> <span class='ocrx_word' id='word_1_248' title='bbox 232 2004 422 2060; x_wconf 83' lang='lat' dir='ltr'><strong>opimam</strong></span> <span class='ocrx_word' id='word_1_249' title='bbox 442 2001 618 2044; x_wconf 85' lang='lat' dir='ltr'><strong>hostiam</strong></span> <span class='ocrx_word' id='word_1_250' title='bbox 637 2003 878 2045; x_wconf 74' lang='lat' dir='ltr'><strong>admovens.</strong></span> 
     </span>
    </p>

    <p class='ocr_par' dir='ltr' id='par_1_11' title="bbox 290 2059 1366 2115">
     <span class='ocr_line' id='line_1_32' title="bbox 290 2059 1366 2115; baseline 0 -13"><span class='ocrx_word' id='word_1_251' title='bbox 290 2059 394 2102; x_wconf 89' lang='lat' dir='ltr'><strong>Ibid.</strong></span> <span class='ocrx_word' id='word_1_252' title='bbox 416 2059 443 2102; x_wconf 92' lang='lat'><strong>1.</strong></span> <span class='ocrx_word' id='word_1_253' title='bbox 462 2072 529 2115; x_wconf 89' lang='lat'><strong>29.</strong></span> <span class='ocrx_word' id='word_1_254' title='bbox 551 2059 890 2115; x_wconf 85' lang='lat' dir='ltr'><strong>sacrificaremus]</strong></span> <span class='ocrx_word' id='word_1_255' title='bbox 920 2060 1035 2102; x_wconf 88' lang='lat' dir='ltr'><strong>Fors.</strong></span> <span class='ocrx_word' id='word_1_256' title='bbox 1056 2061 1366 2112; x_wconf 63' lang='lat' dir='ltr'><strong>sacrificamus.</strong></span> 
     </span>
    </p>

    <p class='ocr_par' dir='ltr' id='par_1_12' title="bbox 291 2117 1406 2175">
     <span class='ocr_line' id='line_1_33' title="bbox 291 2117 1406 2175; baseline -0.001 -15"><span class='ocrx_word' id='word_1_257' title='bbox 291 2118 338 2159; x_wconf 91' lang='lat' dir='ltr'><strong>P.</strong></span> <span class='ocrx_word' id='word_1_258' title='bbox 357 2131 450 2160; x_wconf 88' lang='lat'><strong>120.</strong></span> <span class='ocrx_word' id='word_1_259' title='bbox 472 2118 498 2160; x_wconf 94' lang='lat' dir='ltr'><strong>l.</strong></span> <span class='ocrx_word' id='word_1_260' title='bbox 515 2130 556 2173; x_wconf 89' lang='lat'><strong>5.</strong></span> <span class='ocrx_word' id='word_1_261' title='bbox 577 2117 746 2175; x_wconf 88' lang='lat' dir='ltr'><strong>negavit</strong></span> <span class='ocrx_word' id='word_1_262' title='bbox 766 2118 899 2173; x_wconf 88' lang='lat' dir='ltr'><strong>Deus]</strong></span> <span class='ocrx_word' id='word_1_263' title='bbox 928 2117 1202 2160; x_wconf 86' lang='lat' dir='ltr'><strong>Praetulerim</strong></span> <span class='ocrx_word' id='word_1_264' title='bbox 1221 2119 1406 2174; x_wconf 74' lang='lat' dir='ltr'><strong>neyabit.</strong></span> 
     </span>
    </p>

    <p class='ocr_par' dir='ltr' id='par_1_13' title="bbox 232 2174 1636 2290">
     <span class='ocr_line' id='line_1_34' title="bbox 291 2174 1634 2233; baseline -0.001 -16"><span class='ocrx_word' id='word_1_265' title='bbox 291 2174 396 2218; x_wconf 89' lang='lat' dir='ltr'><strong>lbid.</strong></span> <span class='ocrx_word' id='word_1_266' title='bbox 417 2175 444 2217; x_wconf 95' lang='lat' dir='ltr'><strong>l.</strong></span> <span class='ocrx_word' id='word_1_267' title='bbox 469 2188 535 2218; x_wconf 85' lang='lat'><strong>21.</strong></span> <span class='ocrx_word' id='word_1_268' title='bbox 567 2174 719 2217; x_wconf 91' lang='lat' dir='ltr'><strong>Mirum</strong></span> <span class='ocrx_word' id='word_1_269' title='bbox 742 2175 775 2217; x_wconf 89' lang='lat' dir='ltr'><strong>si</strong></span> <span class='ocrx_word' id='word_1_270' title='bbox 795 2190 924 2232; x_wconf 85' lang='lat' dir='ltr'><strong>aquas</strong></span> <span class='ocrx_word' id='word_1_271' title='bbox 945 2176 1140 2218; x_wconf 87' lang='lat' dir='ltr'><strong>coelestes</strong></span> <span class='ocrx_word' id='word_1_272' title='bbox 1161 2175 1257 2231; x_wconf 89' lang='lat' dir='ltr'><strong>&amp;c.]</strong></span> <span class='ocrx_word' id='word_1_273' title='bbox 1287 2176 1404 2218; x_wconf 90' lang='lat' dir='ltr'><strong>Inter</strong></span> <span class='ocrx_word' id='word_1_274' title='bbox 1425 2175 1526 2217; x_wconf 85' lang='lat' dir='ltr'><strong>haec</strong></span> <span class='ocrx_word' id='word_1_275' title='bbox 1553 2175 1634 2233; x_wconf 87' lang='lat' dir='ltr'><strong>sig-</strong></span> 
     </span>
     <span class='ocr_line' id='line_1_35' title="bbox 232 2232 1636 2290; baseline 0.001 -16"><span class='ocrx_word' id='word_1_276' title='bbox 232 2232 390 2275; x_wconf 80' lang='lat' dir='ltr'><strong>nificari</strong></span> <span class='ocrx_word' id='word_1_277' title='bbox 429 2232 606 2282; x_wconf 87' lang='lat' dir='ltr'><strong>videtur,</strong></span> <span class='ocrx_word' id='word_1_278' title='bbox 643 2239 690 2275; x_wconf 90' lang='lat' dir='ltr'><strong>ut</strong></span> <span class='ocrx_word' id='word_1_279' title='bbox 729 2233 824 2275; x_wconf 90' lang='lat' dir='ltr'><strong>olim</strong></span> <span class='ocrx_word' id='word_1_280' title='bbox 865 2233 1004 2275; x_wconf 87' lang='lat' dir='ltr'><strong>monui</strong></span> <span class='ocrx_word' id='word_1_281' title='bbox 1038 2233 1093 2276; x_wconf 87' lang='lat' dir='ltr'><strong>ad</strong></span> <span class='ocrx_word' id='word_1_282' title='bbox 1127 2233 1169 2276; x_wconf 91' lang='lat' dir='ltr'><strong>S.</strong></span> <span class='ocrx_word' id='word_1_283' title='bbox 1203 2233 1485 2290; x_wconf 85' lang='lat' dir='ltr'><strong>Apollinarem</strong></span> <span class='ocrx_word' id='word_1_284' title='bbox 1522 2233 1636 2290; x_wconf 87' lang='lat' dir='ltr'><strong>apud</strong></span> 
     </span>
    </p>

    <p class='ocr_par' dir='ltr' id='par_1_14' title="bbox 167 2290 1636 2463">
     <span class='ocr_line' id='line_1_36' title="bbox 167 2290 1636 2356; baseline 0 -24"><span class='ocrx_word' id='word_1_285' title='bbox 167 2302 218 2341; x_wconf 86' lang='lat'><strong>35</strong></span> <span class='ocrx_word' id='word_1_286' title='bbox 233 2290 444 2347; x_wconf 86' lang='lat' dir='ltr'><strong>Reliquias</strong></span> <span class='ocrx_word' id='word_1_287' title='bbox 467 2290 581 2333; x_wconf 84' lang='lat' dir='ltr'><strong>Sacr.</strong></span> <span class='ocrx_word' id='word_1_288' title='bbox 600 2291 678 2332; x_wconf 86' lang='lat' dir='ltr'><strong>vol.</strong></span> <span class='ocrx_word' id='word_1_289' title='bbox 695 2305 721 2332; x_wconf 92' lang='lat'><strong>1.</strong></span> <span class='ocrx_word' id='word_1_290' title='bbox 744 2305 783 2356; x_wconf 87' lang='lat' dir='ltr'><strong>p.</strong></span> <span class='ocrx_word' id='word_1_291' title='bbox 809 2293 902 2343; x_wconf 91' lang='lat'>164,</span> <span class='ocrx_word' id='word_1_292' title='bbox 924 2291 1075 2348; x_wconf 87' lang='lat' dir='ltr'><strong>pluvia,</strong></span> <span class='ocrx_word' id='word_1_293' title='bbox 1097 2305 1217 2347; x_wconf 88' lang='lat' dir='ltr'><strong>quae,</strong></span> <span class='ocrx_word' id='word_1_294' title='bbox 1238 2298 1407 2333; x_wconf 89' lang='lat' dir='ltr'><strong>auctore</strong></span> <span class='ocrx_word' id='word_1_295' title='bbox 1428 2290 1516 2348; x_wconf 88' lang='lat' dir='ltr'><strong>ipso</strong></span> <span class='ocrx_word' id='word_1_296' title='bbox 1537 2305 1636 2347; x_wconf 91' lang='lat' dir='ltr'><strong>quo-</strong></span> 
     </span>
     <span class='ocr_line' id='line_1_37' title="bbox 231 2348 1636 2406; baseline 0 -16"><span class='ocrx_word' id='word_1_297' title='bbox 231 2363 312 2405; x_wconf 90' lang='lat' dir='ltr'><strong>que</strong></span> <span class='ocrx_word' id='word_1_298' title='bbox 344 2348 600 2391; x_wconf 84' lang='lat' dir='ltr'><strong>Tertulliano</strong></span> <span class='ocrx_word' id='word_1_299' title='bbox 634 2348 677 2390; x_wconf 89' lang='lat' dir='ltr'><strong>in</strong></span> <span class='ocrx_word' id='word_1_300' title='bbox 711 2348 791 2390; x_wconf 90' lang='lat' dir='ltr'><strong>aho</strong></span> <span class='ocrx_word' id='word_1_301' title='bbox 826 2348 945 2398; x_wconf 91' lang='lat' dir='ltr'><strong>libro,</strong></span> <span class='ocrx_word' id='word_1_302' title='bbox 978 2349 1082 2406; x_wconf 93' lang='lat' dir='ltr'><strong>Imp.</strong></span> <span class='ocrx_word' id='word_1_303' title='bbox 1114 2348 1248 2391; x_wconf 90' lang='lat' dir='ltr'><strong>Marci</strong></span> <span class='ocrx_word' id='word_1_304' title='bbox 1283 2348 1482 2391; x_wconf 90' lang='lat' dir='ltr'><strong>Antonini</strong></span> <span class='ocrx_word' id='word_1_305' title='bbox 1518 2363 1636 2391; x_wconf 83' lang='lat' dir='ltr'><strong>exer-</strong></span> 
     </span>
     <span class='ocr_line' id='line_1_38' title="bbox 232 2405 1229 2463; baseline 0.001 -15"><span class='ocrx_word' id='word_1_306' title='bbox 232 2405 331 2448; x_wconf 87' lang='lat' dir='ltr'><strong>citui</strong></span> <span class='ocrx_word' id='word_1_307' title='bbox 350 2406 540 2462; x_wconf 86' lang='lat' dir='ltr'><strong>precibus</strong></span> <span class='ocrx_word' id='word_1_308' title='bbox 563 2405 891 2449; x_wconf 88' lang='lat' dir='ltr'><strong>Christianorum</strong></span> <span class='ocrx_word' id='word_1_309' title='bbox 912 2406 1135 2463; x_wconf 87' lang='lat' dir='ltr'><strong>impetrata</strong></span> <span class='ocrx_word' id='word_1_310' title='bbox 1155 2412 1229 2449; x_wconf 87' lang='lat' dir='ltr'><strong>est.</strong></span> 
     </span>
    </p>

    <p class='ocr_par' dir='ltr' id='par_1_15' title="bbox 292 2463 1551 2529">
     <span class='ocr_line' id='line_1_39' title="bbox 292 2463 1551 2529; baseline 0 -24"><span class='ocrx_word' id='word_1_311' title='bbox 292 2463 397 2505; x_wconf 91' lang='lat' dir='ltr'><strong>Ibid.</strong></span> <span class='ocrx_word' id='word_1_312' title='bbox 422 2464 447 2505; x_wconf 92' lang='lat' dir='ltr'><strong>l.</strong></span> <span class='ocrx_word' id='word_1_313' title='bbox 467 2475 533 2516; x_wconf 90' lang='lat'><strong>24.</strong></span> <span class='ocrx_word' id='word_1_314' title='bbox 555 2463 669 2506; x_wconf 90' lang='lat' dir='ltr'><strong>novit</strong></span> <span class='ocrx_word' id='word_1_315' title='bbox 689 2464 871 2529; x_wconf 87' lang='lat' dir='ltr'><strong>operari]</strong></span> <span class='ocrx_word' id='word_1_316' title='bbox 897 2464 1011 2506; x_wconf 83' lang='lat' dir='ltr'><strong>Fors.</strong></span> <span class='ocrx_word' id='word_1_317' title='bbox 1034 2464 1197 2521; x_wconf 87' lang='lat' dir='ltr'><strong>legend.</strong></span> <span class='ocrx_word' id='word_1_318' title='bbox 1216 2465 1351 2507; x_wconf 81' lang='lat' dir='ltr'><strong>voluit</strong></span> <span class='ocrx_word' id='word_1_319' title='bbox 1371 2463 1551 2521; x_wconf 87' lang='lat' dir='ltr'><strong>operari.</strong></span> 
     </span>
    </p>

    <p class='ocr_par' dir='ltr' id='par_1_16' title="bbox 292 2520 1190 2577">
     <span class='ocr_line' id='line_1_40' title="bbox 292 2520 1190 2577; baseline 0 -14"><span class='ocrx_word' id='word_1_320' title='bbox 292 2520 397 2563; x_wconf 85' lang='lat' dir='ltr'><strong>lbid.</strong></span> <span class='ocrx_word' id='word_1_321' title='bbox 419 2521 445 2563; x_wconf 89' lang='lat' dir='ltr'><strong>l.</strong></span> <span class='ocrx_word' id='word_1_322' title='bbox 466 2533 536 2576; x_wconf 87' lang='lat'><strong>32.</strong></span> <span class='ocrx_word' id='word_1_323' title='bbox 558 2536 604 2563; x_wconf 89' lang='lat' dir='ltr'><strong>re</strong></span> <span class='ocrx_word' id='word_1_324' title='bbox 636 2521 668 2564; x_wconf 88' lang='lat' dir='ltr'><strong>it</strong></span> <span class='ocrx_word' id='word_1_325' title='bbox 688 2521 854 2576; x_wconf 80' lang='lat' dir='ltr'><strong>divites]</strong></span> <span class='ocrx_word' id='word_1_326' title='bbox 881 2522 997 2563; x_wconf 86' lang='lat' dir='ltr'><strong>Fors.</strong></span> <span class='ocrx_word' id='word_1_327' title='bbox 1019 2523 1190 2577; x_wconf 74' lang='lat' dir='ltr'><strong>diriyit.</strong></span> 
     </span>
    </p>

    <p class='ocr_par' dir='ltr' id='par_1_17' title="bbox 168 2536 1637 2865">
     <span class='ocr_line' id='line_1_41' title="bbox 168 2536 1635 2635; baseline 0.001 -17"><span class='ocrx_word' id='word_1_328' title='bbox 168 2594 219 2628; x_wconf 86' lang='lat'><strong>40</strong></span> <span class='ocrx_word' id='word_1_329' title='bbox 292 2579 338 2620; x_wconf 90' lang='lat' dir='ltr'><strong>P.</strong></span> <span class='ocrx_word' id='word_1_330' title='bbox 358 2591 450 2621; x_wconf 89' lang='lat'><strong>121.</strong></span> <span class='ocrx_word' id='word_1_331' title='bbox 472 2578 498 2620; x_wconf 90' lang='lat' dir='ltr'><strong>l.</strong></span> <span class='ocrx_word' id='word_1_332' title='bbox 516 2590 551 2619; x_wconf 87' lang='lat'><strong>2.</strong></span> <span class='ocrx_word' id='word_1_333' title='bbox 574 2536 772 2620; x_wconf 54' lang='lat' dir='ltr'><strong>affversus</strong></span> <span class='ocrx_word' id='word_1_334' title='bbox 791 2578 1012 2628; x_wconf 89' lang='lat' dir='ltr'><strong>hominem,</strong></span> <span class='ocrx_word' id='word_1_335' title='bbox 1034 2579 1104 2635; x_wconf 91' lang='lat' dir='ltr'><strong>qui</strong></span> <span class='ocrx_word' id='word_1_336' title='bbox 1125 2593 1199 2620; x_wconf 89' lang='lat' dir='ltr'><strong>nos</strong></span> <span class='ocrx_word' id='word_1_337' title='bbox 1219 2578 1401 2634; x_wconf 91' lang='lat' dir='ltr'><strong>undique</strong></span> <span class='ocrx_word' id='word_1_338' title='bbox 1421 2577 1635 2634; x_wconf 88' lang='lat' dir='ltr'><strong>observat]</strong></span> 
     </span>
     <span class='ocr_line' id='line_1_42' title="bbox 234 2635 1637 2692; baseline 0 -14"><span class='ocrx_word' id='word_1_339' title='bbox 234 2636 350 2678; x_wconf 86' lang='lat' dir='ltr'><strong>Haec</strong></span> <span class='ocrx_word' id='word_1_340' title='bbox 380 2650 529 2678; x_wconf 86' lang='lat' dir='ltr'><strong>revera</strong></span> <span class='ocrx_word' id='word_1_341' title='bbox 555 2636 608 2678; x_wconf 90' lang='lat' dir='ltr'><strong>de</strong></span> <span class='ocrx_word' id='word_1_342' title='bbox 635 2636 797 2678; x_wconf 89' lang='lat' dir='ltr'><strong>diabolo</strong></span> <span class='ocrx_word' id='word_1_343' title='bbox 825 2636 999 2678; x_wconf 89' lang='lat' dir='ltr'><strong>dicenda</strong></span> <span class='ocrx_word' id='word_1_344' title='bbox 1028 2643 1161 2685; x_wconf 88' lang='lat' dir='ltr'><strong>erant,</strong></span> <span class='ocrx_word' id='word_1_345' title='bbox 1185 2635 1256 2692; x_wconf 90' lang='lat' dir='ltr'><strong>qui</strong></span> <span class='ocrx_word' id='word_1_346' title='bbox 1285 2651 1449 2692; x_wconf 86' lang='lat' dir='ltr'><strong>semper</strong></span> <span class='ocrx_word' id='word_1_347' title='bbox 1479 2637 1637 2679; x_wconf 78' lang='lat' dir='ltr'><strong>circuit</strong></span> 
     </span>
     <span class='ocr_line' id='line_1_43' title="bbox 231 2693 1637 2750; baseline 0 -15"><span class='ocrx_word' id='word_1_348' title='bbox 231 2708 440 2749; x_wconf 79' lang='lat' dir='ltr'><strong>quaerens</strong></span> <span class='ocrx_word' id='word_1_349' title='bbox 455 2708 577 2750; x_wconf 81' lang='lat' dir='ltr'><strong>quem</strong></span> <span class='ocrx_word' id='word_1_350' title='bbox 597 2695 776 2736; x_wconf 77' lang='lat' dir='ltr'><strong>devoret.</strong></span> <span class='ocrx_word' id='word_1_351' title='bbox 821 2693 905 2736; x_wconf 87' lang='lat' dir='ltr'><strong>Sed</strong></span> <span class='ocrx_word' id='word_1_352' title='bbox 921 2708 1002 2749; x_wconf 93' lang='lat' dir='ltr'><strong>quo</strong></span> <span class='ocrx_word' id='word_1_353' title='bbox 1017 2693 1113 2749; x_wconf 91' lang='lat' dir='ltr'><strong>jure</strong></span> <span class='ocrx_word' id='word_1_354' title='bbox 1133 2695 1343 2736; x_wconf 83' lang='lat' dir='ltr'><strong>hominem</strong></span> <span class='ocrx_word' id='word_1_355' title='bbox 1356 2693 1637 2736; x_wconf 87' lang='lat' dir='ltr'><strong>Tertullianus</strong></span> 
     </span>
     <span class='ocr_line' id='line_1_44' title="bbox 231 2750 1637 2808; baseline 0.001 -15"><span class='ocrx_word' id='word_1_356' title='bbox 231 2750 503 2808; x_wconf 82' lang='lat' dir='ltr'><strong>appellasset?</strong></span> <span class='ocrx_word' id='word_1_357' title='bbox 548 2752 613 2793; x_wconf 92' lang='lat' dir='ltr'><strong>De</strong></span> <span class='ocrx_word' id='word_1_358' title='bbox 643 2750 818 2792; x_wconf 87' lang='lat' dir='ltr'><strong>ethnicis</strong></span> <span class='ocrx_word' id='word_1_359' title='bbox 838 2765 940 2807; x_wconf 86' lang='lat' dir='ltr'><strong>ergo</strong></span> <span class='ocrx_word' id='word_1_360' title='bbox 975 2750 1225 2808; x_wconf 89' lang='lat' dir='ltr'><strong>principibus</strong></span> <span class='ocrx_word' id='word_1_361' title='bbox 1254 2751 1365 2807; x_wconf 93' lang='lat' dir='ltr'><strong>loqui</strong></span> <span class='ocrx_word' id='word_1_362' title='bbox 1396 2751 1496 2793; x_wconf 88' lang='lat' dir='ltr'><strong>mihi</strong></span> <span class='ocrx_word' id='word_1_363' title='bbox 1525 2751 1637 2794; x_wconf 83' lang='lat' dir='ltr'><strong>vide-</strong></span> 
     </span>
     <span class='ocr_line' id='line_1_45' title="bbox 232 2808 1636 2865; baseline 0.001 -15"><span class='ocrx_word' id='word_1_364' title='bbox 232 2814 302 2850; x_wconf 89' lang='lat' dir='ltr'><strong>tur</strong></span> <span class='ocrx_word' id='word_1_365' title='bbox 331 2814 488 2858; x_wconf 85' lang='lat' dir='ltr'><strong>auctor,</strong></span> <span class='ocrx_word' id='word_1_366' title='bbox 520 2808 590 2864; x_wconf 92' lang='lat' dir='ltr'><strong>qui</strong></span> <span class='ocrx_word' id='word_1_367' title='bbox 620 2808 720 2850; x_wconf 87' lang='lat' dir='ltr'><strong>nihil</strong></span> <span class='ocrx_word' id='word_1_368' title='bbox 752 2823 834 2850; x_wconf 90' lang='lat' dir='ltr'><strong>non</strong></span> <span class='ocrx_word' id='word_1_369' title='bbox 864 2809 1079 2858; x_wconf 74' lang='lat' dir='ltr'><strong>curabant,</strong></span> <span class='ocrx_word' id='word_1_370' title='bbox 1111 2814 1238 2865; x_wconf 87' lang='lat' dir='ltr'><strong>atque</strong></span> <span class='ocrx_word' id='word_1_371' title='bbox 1268 2809 1558 2858; x_wconf 83' lang='lat' dir='ltr'><strong>observabant,</strong></span> <span class='ocrx_word' id='word_1_372' title='bbox 1588 2816 1636 2852; x_wconf 88' lang='lat' dir='ltr'><strong>ut</strong></span> 
     </span>
    </p>

    <p class='ocr_par' dir='ltr' id='par_1_18' title="bbox 169 2865 1636 2923">
     <span class='ocr_line' id='line_1_46' title="bbox 169 2865 1636 2923; baseline 0.001 -14"><span class='ocrx_word' id='word_1_373' title='bbox 169 2876 218 2915; x_wconf 92' lang='lat'><strong>45</strong></span> <span class='ocrx_word' id='word_1_374' title='bbox 235 2866 561 2910; x_wconf 87' lang='lat' dir='ltr'><strong>Christianorum</strong></span> <span class='ocrx_word' id='word_1_375' title='bbox 575 2865 825 2922; x_wconf 89' lang='lat' dir='ltr'><strong>reipublicae</strong></span> <span class='ocrx_word' id='word_1_376' title='bbox 839 2872 1046 2910; x_wconf 88' lang='lat' dir='ltr'><strong>nocerent.</strong></span> <span class='ocrx_word' id='word_1_377' title='bbox 1062 2866 1392 2910; x_wconf 86' lang='lat' dir='ltr'><strong>MURATORI.</strong></span> <span class='ocrx_word' id='word_1_378' title='bbox 1415 2867 1636 2923; x_wconf 89' lang='lat' dir='ltr'><strong>Reponere</strong></span> 
     </span>
    </p>
   </div>
  </div>
 </body>
</html>
