2034 3204
486 213 800 256 EPISTOLA
839 212 922 254 AI)
961 212 1420 255 S.CY1’R1ANUM.
1569 214 1653 254 235

251 327 362 369 ante
383 322 507 369 diem
528 322 702 384 judicii
725 322 1095 369 inexcusabilem
1118 323 1403 369 sententiam
1426 323 1653 368 adversus

251 400 527 460 semetipsos
551 400 756 455 dixisse;
790 415 994 460 quorum
1019 400 1258 460 baptisma
1280 399 1365 460 qui
1387 398 1652 453 confirmat,

249 477 365 538 quid
402 477 530 524 aliud
562 493 704 537 quam
722 494 830 524 cum
861 478 978 538 ipsis
1015 493 1065 524 se
1096 477 1356 539 adjudicat,
1389 484 1437 523 et
1474 492 1523 522 se
1551 476 1653 536 ipse

248 554 528 614 participem
554 555 730 601 talibus
753 555 969 602 faciendo
991 555 1275 602 condemnat
1289 555 1311 600 ἶ)

212 639 235 678 5
314 631 375 679 V.
412 631 511 678 Eos
535 639 695 679 autem
719 632 803 693 qui
828 632 1010 679 Romae
1037 632 1136 679 sint
1158 647 1254 678 non
1277 647 1334 678 ea
1356 631 1407 677 in
1430 631 1652 676 omnibus
1666 648 1814 680 Eoelesia

247 709 496 755 observare
533 725 655 770 quae
691 716 805 756 sunt
841 710 902 756 ab
938 709 1123 772 origine
1160 709 1351 763 tradita,
1389 715 1436 754 et
1472 708 1652 754 frustra
1664 692 1827 778 Ξζζᾘζ

246 787 588 847 Apostolorum
634 787 965 834 auctoritatem
1013 787 1333 848 praetendere,
1380 785 1499 832 scire
1543 785 1651 846 quis
1664 783 1857 855 ffiss'rffl*

246 864 391 910 etiam
452 866 559 910 inde
616 871 786 925 potest,
834 866 963 925 quod
1019 865 1146 911 circa
1201 865 1505 910 celebrandos
1551 863 1652 909 dies
1664 868 1783 943 minu}
1789 867 1861 899 «111¹

248 941 473 997 Paschae,
498 949 545 988 et
569 942 693 988 circa
717 944 870 988 multa
894 943 989 988 alia
1012 942 1204 988 divinae
1235 941 1304 987 rei
1339 947 1651 996 sacramenta,
1663 922 1816 987 ffffine'

187 1019 404 1065 revideat
438 1035 538 1066 esse
572 1021 699 1080 apud
734 1019 840 1066 illos
878 1020 1063 1080 aliquas
1098 1019 1413 1072 diversitates,
1451 1034 1535 1065 nec
1570 1019 1654 1065 ob-

244 1098 423 1143 servari
470 1097 567 1144 illic
613 1097 772 1143 omnia
819 1098 1093 1158 aequaliter,
1131 1113 1254 1157 quae
1304 1096 1653 1157 Hierosolymis

243 1175 570 1221 observantur.
641 1175 913 1221 Secundum
959 1176 1086 1235 quod
1146 1175 1197 1221 in
1248 1174 1415 1220 ceteris
1461 1188 1652 1234 quoque

243 1253 463 1313 plurimis
499 1252 770 1313 provinciiS,
795 1254 946 1298 multa
975 1268 1062 1312 pro
1085 1254 1294 1299 locorum
1325 1259 1373 1297 et
1402 1251 1650 1297 nominum

243 1329 396 1392 [som.
432 1330 696 1383 hominum,
722 1326 922 1391 Balzcz]
946 1330 1223 1376 diversitate
1253 1329 1529 1382 variantur;
1565 1344 1650 1374 nec

184 1424 230 1463 15
242 1413 402 1453 tamen
435 1413 631 1467 propter
663 1407 752 1453 hoc
785 1408 847 1453 ab
874 1407 1114 1454 Ecclesiae
1136 1407 1396 1454 catholicae
1431 1422 1545 1466 pace
1580 1412 1651 1451 at—

241 1500 334 1546 que
370 1484 556 1530 unitate
591 1484 850 1544 aliquando
890 1485 1149 1531 discessum
1188 1492 1273 1531 est.
1344 1484 1485 1538 Quod
1523 1498 1648 1529 nunc

243 1562 514 1622 Stephanus
548 1578 694 1608 ausus
724 1569 797 1608 est
829 1562 995 1618 facere,
1024 1578 1250 1624 rumpens
1285 1564 1539 1609 adversum
1564 1576 1648 1607 vos

242 1655 420 1700 pacem,
467 1655 612 1700 quam
658 1655 845 1700 semper
888 1647 1207 1687 antecessores
1252 1642 1356 1702 ejus
1403 1639 1648 1686 vobiscum

242 1733 402 1764 amore
432 1724 480 1764 et
514 1718 693 1764 honore
728 1724 897 1764 mutuo
919 1719 1273 1765 custodierunt:
1309 1719 1466 1765 adhuc
1501 1717 1646 1764 etiam

179 1816 229 1842 20
242 1793 480 1840 infamans
506 1794 701 1840 Petrum
728 1801 775 1840 et
800 1794 1007 1841 Paulum
1031 1796 1194 1841 beatos
1212 1795 1485 1854 Apostolos,
1508 1793 1647 1854 quasi

241 1872 332 1917 hoc
355 1871 447 1931 ipsi
479 1871 778 1925 tradiderint,
802 1872 887 1932 qui
923 1872 973 1918 in
1002 1872 1215 1933 epistolis
1250 1871 1349 1918 suis
1384 1870 1646 1917 haereticos
1659 1896 1756 1929 Rom.
1771 1897 1839 1929 xvi.

241 1949 470 1995 exsecrati
494 1956 620 2003 sunt,
644 1956 692 1995 et
715 1956 771 1995 ut
794 1965 872 1996 eos
896 1950 1127 1996 evitemus
1151 1956 1454 1996 monuerunt.
1504 1948 1866 2025 Undeissetjfiay.

240 2034 438 2086 apparet
462 2026 764 2073 traditionem
803 2028 926 2074 hanc
962 2028 1222 2074 humanam
1251 2043 1365 2081 esse,
1390 2042 1512 2087 quae
1535 2027 1647 2072 hae-

241 2104 411 2150 reticos
435 2105 619 2159 asserit,
645 2112 693 2151 et
717 2106 954 2166 baptisma
977 2107 1105 2166 quod
1130 2121 1225 2152 non
1254 2105 1347 2152 nisi
1380 2105 1526 2151 solius
1552 2104 1645 2151 Ec-

177 2198 225 2236 ²5
239 2182 406 2229 clesiae
430 2188 515 2235 est,
540 2198 618 2228 eos
642 2183 818 2229 habere
841 2184 1068 2230 defendit.

305 2259 394 2306 VI.
430 2260 522 2306 Sed
569 2267 616 2306 et
658 2262 718 2306 ad
764 2260 897 2307 illam
942 2268 1126 2321 partem
1175 2261 1292 2307 bene
1329 2277 1357 2307 a
1396 2261 1530 2306 vobis
1571 2276 1638 2307 re-
1656 2271 1758 2323 Ratio
1774 2271 1845 2304 red-

238 2352 465 2397 sponsum
490 2344 577 2392 est,
606 2338 690 2384 ubi
727 2338 998 2398 Stephanus
1034 2339 1084 2384 in
1121 2338 1342 2398 Epistola
1373 2354 1461 2384 sua
1491 2338 1615 2384 dixit
1632 2315 1867 2391 :fflrsst‘ffi‘oe

239 2421 251 2439 ‘
275 2415 548 2461 Haereticos
572 2430 762 2476 quoque
796 2416 923 2476 ipsos
959 2416 1009 2462 in
1041 2417 1278 2476 baptismo
1309 2416 1571 2470 convenire,
1596 2422 1644 2461 et
1655 2403 1856 2479 3⁶⁰3&ss

237 2497 250 2516 ⁴
269 2492 395 2552 quod
419 2492 704 2537 alterutrum
728 2493 788 2538 ad
813 2508 862 2538 se
886 2493 1129 2539 venientes
1153 2509 1249 2539 non
1273 2493 1536 2553 baptizent,
1561 2493 1837 2576 &⁶323ssssss

173 2575 251 2626 30‘
268 2568 619 2614 communicent
647 2570 868 2624 tantum,’
892 2570 1030 2630 quasi
1059 2577 1107 2616 et
1136 2586 1221 2616 nos
1256 2571 1346 2616 hoc
1381 2570 1535 2616 facere
1563 2572 1644 2616 de-

238 2645 446 2690 beamus.
518 2645 626 2698 Quo
657 2645 707 2691 in
742 2647 859 2701 loco,
883 2647 972 2693 etsi
1002 2663 1084 2693 vos
1114 2649 1217 2709 jam
1252 2648 1488 2707 probastis
1527 2648 1643 2694 satis

239 2723 493 2768 ridiculum
542 2738 656 2776 esse,
709 2730 763 2768 ut
809 2724 917 2783 quis
968 2732 1197 2784 sequatur
1248 2731 1473 2780 errantes,
1524 2726 1643 2772 illud

241 2807 398 2846 tamen
425 2816 481 2846 ex
507 2801 770 2846 abundanti
796 2801 1032 2856 addimus,
1057 2817 1150 2848 non
1175 2818 1275 2848 esse
1300 2802 1475 2848 mirum
1506 2804 1546 2849 si
1577 2804 1643 2849 sic
