2034 3204
202 2278 211 2299 ι
226 2269 301 2301 (“υι·.
316 2269 359 2300 xi.
371 2277 401 2309 5.

419 219 502 258 114
888 217 1349 260 TERTULLIANI

422 326 689 387 [femineum
736 343 832 387 qua
882 343 1022 374 sexus
1076 328 1373 389 generaliter,
1421 327 1683 378 mulierem,
1729 339 1825 384 qua

420 406 599 465 gradus
623 421 764 450 sexus
792 405 1073 465 specialiter.
1105 404 1304 466 dolend]
1376 404 1544 465 Itaque
1569 402 1722 465 [fors.
1751 402 1826 447 lta

421 481 558 542 quia]
587 483 690 543 jam
728 490 842 528 tunc
877 483 1082 542 innupta
1117 484 1274 528 adhuc
1299 483 1407 528 Eva
1440 481 1652 528 mulieris
1688 495 1825 525 voca·

422 559 533 604 bulo
570 558 723 620 [sors.
762 561 851 605 sub
887 559 1138 620 vocabulo]
1175 560 1282 612 fuit,
1317 575 1566 606 commune
1607 559 1656 604 id
1694 573 1826 603 voca-

422 637 586 682 bulum
611 643 659 682 et
682 637 862 698 virgini
887 637 1067 682 factum
1091 643 1176 682 est.
1225 637 1325 682 Nec
1351 637 1526 682 mirum
1550 636 1592 681 si
1618 637 1862 695 Aposto-5

420 715 495 759 lus
546 716 710 759 eodem
763 714 929 773 utique
975 713 1163 773 Spiritu
1213 721 1361 767 actus,
1409 728 1613 773 quocum
1671 713 1826 758 omnis

421 791 669 850 Scriptura
705 791 1030 843 divinitatum,
1059 797 1106 834 et
1142 790 1224 835 illa
1259 787 1414 851 [fors.
1438 789 1614 842 divina,
1638 794 1741 833 tum
1779 794 1826 832 et

422 867 528 928 illa]
555 868 753 914 Genesis
788 868 974 928 digesta
1009 874 1092 920 est,
1126 868 1289 912 eadem
1314 882 1426 912 voce
1461 882 1576 912 usus
1610 873 1696 916 est,
1721 881 1826 911 mu-

421 946 585 990 lierem
622 946 871 1005 ponendo3
918 960 1041 1004 quae
1078 945 1296 1003 exemplo
1332 944 1478 995 Evae,
1514 944 1745 1002 innuptae
1778 949 1826 988 et

420 1022 598 1085 virgini
623 1029 875 1082 competat.
934 1022 1106 1068 Cetera
1128 1022 1332 1082 denique
1355 1037 1449 1067 non
1475 1027 1648 1067 sonant
1670 1019 1823 1083 [fors.
1843 1037 1890 1062 10

418 1098 720 1160 consonant}
746 1115 856 1145 nam
889 1106 937 1145 et
961 1099 1050 1145 hoc
1073 1099 1192 1159 ipso,
1216 1100 1341 1159 quod
1368 1099 1580 1161 virgines
1611 1113 1707 1143 non
1742 1113 1826 1143 no-

418 1177 635 1231 minavit,
671 1177 797 1222 sicut
831 1178 925 1223 alio
959 1177 1009 1222 in
1046 1179 1163 1231 loco,
1199 1177 1280 1222 ubi
1317 1177 1375 1221 de
1416 1177 1639 1222 nubendo
1674 1177 1824 1227 docet,

417 1254 534 1300 satis
559 1255 800 1315 praedicat
823 1256 881 1300 de
905 1254 1036 1300 omni
1071 1254 1283 1306 muliere,
1309 1261 1356 1300 et
1380 1255 1438 1300 de
1462 1259 1564 1299 toto
1587 1267 1706 1298 sexu
1728 1251 1826 1298 dic-

417 1340 538 1388 tum,
563 1348 648 1378 nec
671 1333 950 1379 distinctum
976 1348 1076 1378 esse
1101 1332 1226 1378 inter
1240 1332 1491 1393 virginem,
1507 1331 1704 1376 omnino
1729 1344 1822 1374 non

418 1410 635 1456 nominat
659 1410 812 1472 [forS.
833 1409 1168 1470 nominatam}
1238 1409 1335 1463 Qui
1363 1409 1491 1454 enim
1515 1408 1628 1454 alibi
1653 1408 1824 1453 distin-
1842 1424 1888 1461 15

416 1503 563 1548 guere
595 1488 829 1543 meminit,
856 1488 936 1533 ubi
971 1487 1148 1533 scilicet
1176 1486 1447 1533 differentia
1481 1487 1704 1546 postulat,
1729 1485 1825 1531 dis-

418 1565 608 1626 tinguet
639 1572 799 1611 autem
836 1572 1089 1625 utramque
1122 1565 1324 1625 speciem
1354 1565 1454 1610 suis
1479 1564 1719 1611 vocabulis
1742 1565 1824 1609 de—

418 1643 650 1704 signans3
699 1643 781 1688 ubi
829 1658 922 1688 non
965 1643 1238 1704 distinguit,
1277 1644 1389 1688 dum
1435 1649 1687 1702 utramque
1729 1656 1822 1686 non

419 1721 648 1775 nominat,
672 1722 854 1766 nullam
893 1722 997 1766 vult
1031 1711 1349 1766 differentiam
1384 1720 1604 1781 intelligi.
1674 1719 1821 1774 Quid,

417 1795 544 1854 quod
582 1794 762 1841 Graeco
796 1811 1028 1851 sermone,
1063 1811 1158 1855 quo
1197 1795 1360 1840 literas
1395 1794 1658 1855 Apostolus
1693 1793 1820 1849 fecit,
1839 1814 1888 1840 20

418 1872 526 1918 usui
551 1880 624 1917 est
647 1872 870 1918 mulieres
894 1888 1062 1918 vocare
1089 1879 1189 1918 tam
1207 1873 1423 1926 feminas,
1443 1872 1491 1918 id
1511 1879 1583 1917 est
1606 1878 1822 1932 γυναῖκας,

416 1965 561 2009 quam
588 1950 773 2003 θηλείας.
821 1950 980 2012 Igitur
994 1949 1032 1996 si
1059 1966 1145 2010 pro
1169 1966 1310 1996 sexus
1336 1949 1526 1995 nomine
1542 1950 1822 1996 vocabulum

417 2027 544 2073 istud
570 2028 918 2088 frequentatur,
942 2030 1068 2089 quod
1102 2036 1172 2075 est
1206 2027 1600 2087 interpretatione
1631 2043 1718 2088 pro
1752 2044 1822 2083 eo,

415 2107 541 2165 quod
580 2112 651 2151 est
686 2106 879 2162 femina,
917 2122 1082 2153 sexum
1119 2106 1398 2159 nominavit,
1430 2105 1590 2151 dicens
1627 2112 1820 2166 γυναῖκα.

418 2180 475 2228 In
492 2198 608 2229 sexu
627 2187 786 2229 autem
803 2190 851 2229 et
866 2183 1004 2246 virgo
1019 2183 1317 2246 contingitur
1338 2182 1491 2245 [sors.
1507 2183 1819 2243 continetur].
1837 2202 1886 2240 ²5

415 2259 506 2305 Sed
544 2267 591 2305 et
626 2260 882 2306 manifesta
917 2260 1251 2320 pronunciatio
1285 2267 1389 2306 est:
1434 2259 1610 2314 OmniS,
1646 2259 1820 2320 inquit,

416 2336 582 2383 mulier
605 2336 806 2382 adorans
841 2342 883 2383 et
911 2336 1192 2399 prophetans
1222 2337 1386 2383 intecto
1415 2335 1560 2400 capite
1583 2336 1821 2384 dedecorat

414 2421 549 2477 caput
596 2428 746 2460 snum.
815 2414 944 2469 Quid
993 2422 1065 2460 est
1111 2414 1259 2460 onmis
1300 2414 1479 2469 mulier,
1523 2414 1615 2461 nisi
1664 2415 1819 2462 omnis

414 2491 598 2545 aetatis,
638 2492 793 2538 omnis
840 2492 1035 2546 ordinis,
1082 2492 1236 2538 omnis
1277 2492 1610 2538 conditionis?
1683 2492 1818 2540 Nihil

415 2569 628 2616 mulieris
663 2569 855 2630 excipit,
892 2570 1091 2616 dicendo
1122 2570 1302 2621 omm's:
1343 2570 1467 2616 sicut
1504 2585 1590 2616 nec
1627 2569 1701 2615 vir
1736 2585 1818 2616 nec
1834 2587 1884 2623 30

415 2647 598 2693 velandi
637 2645 786 2708 [sor-v.
815 2663 898 2693 nee
932 2647 1126 2693 investis
1156 2646 1426 2708 velandus}
1459 2647 1657 2707 proinde
1691 2646 1816 2693 enirn

413 2725 562 2769 onmis
586 2725 674 2777 vir,
690 2724 859 2785 inquit.
933 2725 1067 2771 Sicut
1091 2740 1205 2787 ergo
1230 2725 1276 2771 in
1306 2725 1566 2771 masculino
1589 2739 1705 2770 sexu
1730 2725 1819 2770 sub

415 2801 501 2846 viri
542 2802 731 2847 nomine
766 2802 908 2848 etiam
948 2802 1144 2848 investis
1181 2803 1324 2847 velari
1365 2808 1562 2853 vetatur,
1589 2801 1655 2847 ita
1688 2809 1733 2847 et
1770 2802 1816 2847 in
