2034 3204
552 242 964 284 HAERETICOS
1001 241 1336 283 LIBELLUS.
1564 237 1648 284 169

243 353 370 412 quod
408 351 686 411 pronuntiat
713 349 864 412 [fors.
889 351 1017 410 quod
1049 349 1314 396 Dominum
1349 349 1646 408 pronuntiat,

258 427 358 475 Vid.
401 427 595 489 notam}
641 434 688 474 et
733 427 904 474 deinde
949 444 1007 473 ex
1058 427 1142 472 illa
1187 427 1390 472 monade
1434 428 1545 478 duo,
1592 441 1645 471 ac

242 506 412 551 deinde
456 506 664 566 reliquos
710 505 929 559 Aeonas;
975 505 1146 551 deinde
1190 504 1452 550 introducit
1490 510 1646 550 totum

243 581 568 628 Valentinum.

205 675 228 713 5
310 659 420 705 Non
455 659 710 706 defuerunt
743 666 852 720 post
882 661 970 706 hos
1007 659 1200 706 Marcus
1237 659 1432 718 quidam
1473 664 1521 703 et
1555 657 1647 703 Co-
1666 668 1862 701 CARVI.

241 738 471 791 larbasus,
506 754 679 784 novam
716 738 934 784 haeresin
969 754 1027 783 ex
1063 738 1352 784 Graecorum
1388 736 1644 796 alphabeto
1657 713 1843 788 ἒῗῖἶζζθι

241 821 573 873 componentes
591 829 604 868 3
641 820 819 876 negant
838 814 965 859 enim
984 814 1233 860 veritatem
1252 813 1355 859 sine
1378 813 1483 859 istis
1508 829 1644 873 posse
1656 811 1721 832 ⁸¹¹⁸·

241 892 413 938 litteris
449 893 684 947 inveniri;
722 894 869 938 immo
896 898 1047 938 totam
1082 891 1429 951 plenitudinem
1461 898 1510 936 et
1539 906 1647 950 per·

240 970 492 1016 fectionem
521 970 738 1016 veritatis
773 970 822 1016 in
859 970 965 1016 istis
1000 970 1174 1016 litteris
1205 985 1305 1016 esse
1335 969 1646 1029 dispositam;

181 1070 228 1095 10
241 1054 435 1108 propter
473 1049 596 1094 hanc
636 1049 764 1094 enim
800 1064 993 1094 causam
1030 1047 1279 1094 Christum
1317 1047 1507 1098 dixisse,
1543 1046 1646 1110 Eyo
1658 1062 1765 1112 Apoq.
1782 1062 1802 1093 i.
1822 1062 1852 1093 8.

239 1142 338 1172 sum
375 1125 423 1170 A
453 1132 495 1171 et
524 1126 590 1181 Ως
625 1126 830 1186 denique
863 1126 1032 1171 Jesum
1056 1125 1207 1187 [sm-s,
1233 1126 1283 1172 in
1308 1126 1490 1178 Jesum.
1515 1105 1852 1189 Sem-{{2}{‚ff'3‚

239 1203 347 1266 leon]
394 1205 642 1250 Christum
695 1204 1005 1256 descendisse,
1053 1203 1101 1249 id
1148 1210 1232 1254 est,
1279 1204 1547 1250 columbam
1594 1204 1645 1250 in

239 1283 270 1328 J
274 1298 406 1328 esum
432 1282 630 1335 venisse,
655 1297 792 1341 quae,
812 1281 994 1327 Graeco
1018 1282 1209 1326 nomine
1227 1297 1375 1341 quum
1402 1279 1646 1345 περιστερὰ

239 1360 590 1420 pronuntietur,
631 1360 819 1412 habeat,
856 1360 1116 1405 secundum
1158 1374 1427 1413 numerum,
1465 1372 1646 1405 Decel.

180 1446 226 1484 15
242 1436 532 1483 Percurrunt
555 1437 633 1482 isti
661 1457 705 1491 ω,
723 1434 785 1496 ψ,
806 1456 851 1498 χ,
873 1438 927 1499 φ,
948 1457 985 1490 υ,
1003 1457 1046 1488 τ,
1062 1443 1217 1482 totum
1242 1452 1392 1496 usque
1415 1438 1475 1483 ad
1500 1437 1646 1498 alpha

240 1516 364 1569 beta,
409 1521 456 1560 et
500 1520 779 1574 computant
825 1515 1064 1576 ogdoadas
1116 1522 1164 1560 et
1213 1516 1428 1569 decadae,
1475 1515 1544 1562 ita
1591 1525 1646 1562 ut

238 1594 423 1640 adferre
482 1594 672 1638 illorum
719 1608 882 1638 omnes
930 1592 1165 1638 vanitates
1218 1592 1435 1652 ineptum
1488 1594 1551 1638 sit
1597 1601 1645 1640 et

239 1671 473 1726 otiosum;
508 1671 635 1730 quod
671 1676 828 1716 tamen
867 1686 962 1716 non
995 1677 1185 1716 tantum
1214 1671 1318 1731 Jam
1343 1686 1537 1723 vanum,
1562 1674 1643 1717 sed

239 1748 382 1794 etiam
407 1748 723 1808 periculosum
750 1748 827 1794 sit.
864 1747 1088 1794 Alterum
1113 1748 1270 1794 Deum
1295 1748 1485 1810 fingunt
1510 1765 1644 1809 prae-

177 1843 227 1868 20
241 1832 314 1871 ter
347 1825 637 1880 Creatorem,
662 1825 910 1871 Christum
945 1825 995 1870 in
1032 1826 1303 1871 substantia
1338 1834 1515 1888 negant
1544 1842 1645 1873 car-

242 1904 316 1950 nis
338 1904 500 1956 fuisse,
524 1910 702 1965 negant
724 1904 882 1950 carnis
906 1904 1299 1949 resurrectionem
1322 1904 1551 1950 futuram.

306 1981 506 2027 Accedit
527 1981 605 2027 his
629 1981 815 2027 Cerdon
839 1981 1066 2041 quidam3
1104 1981 1184 2027 hic
1213 1982 1476 2028 introducit
1505 1983 1643 2029 initia
1655 1991 1758 2046 QAP.
1774 1992 1862 2024 VII.

239 2060 348 2112 duo,
383 2058 433 2103 id
471 2063 556 2110 est,
591 2059 711 2103 duos
747 2058 891 2112 Deos,
925 2074 1076 2105 unum
1116 2059 1309 2113 bonum,
1351 2066 1399 2104 et
1439 2062 1642 2106 alterum
1656 2036 1796 2068 (θήσῃ

240 2150 466 2189 saevum3
516 2136 691 2181 bonum
724 2137 1032 2196 superiorem,
1068 2152 1262 2183 saevum
1299 2137 1440 2192 hunc,
1476 2138 1644 2184 mundi

178 2218 226 2258 25
240 2213 528 2260 Creatorem.
590 2213 685 2259 Hic
706 2213 991 2273 Prophetias
1015 2223 1063 2260 et
1079 2215 1259 2276 Legem
1285 2215 1521 2274 repudiat,
1539 2216 1644 2262 Deo

239 2291 456 2337 Creatori
491 2292 749 2343 renuntiat,
782 2291 1040 2352 superioris
1078 2292 1173 2338 Dei
1205 2291 1356 2337 filium
1394 2291 1642 2339 Christum

239 2369 423 2415 venisse
457 2375 644 2423 tractat,
670 2370 795 2415 hunc
829 2370 880 2415 in
916 2370 1184 2416 substantia
1215 2370 1372 2416 carnis
1408 2379 1566 2432 negat,
1591 2372 1641 2417 iu

239 2447 571 2505 phantasmate
615 2449 716 2492 solo
754 2447 903 2493 fuisse
950 2447 1265 2507 pronuntiat;
1317 2462 1402 2493 nec
1448 2449 1644 2494 omnino

239 2538 447 2582 passum,
479 2524 559 2568 sed
595 2523 734 2582 quasi
774 2539 980 2583 passum,
1019 2539 1102 2570 nec
1138 2539 1197 2570 ex
1236 2524 1424 2586 virgine
1462 2532 1644 2582 natum,

176 2622 226 2657 30
239 2602 319 2646 sed
355 2600 551 2646 omnino
585 2615 669 2646 nec
693 2607 875 2654 natum,
901 2602 1296 2648 resurrectionem
1327 2602 1516 2648 animae
1539 2610 1645 2648 tan·

240 2678 486 2724 tummodo
532 2677 717 2736 probat,
753 2677 963 2738 corporis
1010 2685 1168 2739 negat,
1217 2681 1371 2724 solum
1420 2678 1644 2741 Evange-

239 2755 358 2800 lium
387 2754 556 2807 Lucae,
576 2770 660 2800 nec
678 2761 838 2800 tamen
862 2762 1017 2801 totum
1042 2755 1220 2815 recipit.
1259 2756 1481 2816 Apostoli
1501 2757 1642 2803 Pauli

240 2847 391 2891 neque
433 2847 607 2883 omnes,
646 2847 797 2891 neque
839 2839 962 2878 totas
1000 2833 1245 2891 Epistolas
1286 2834 1446 2879 sumit.
1517 2834 1642 2880 Acta
