2034 3204
238 493 317 524 Act.
337 493 380 524 ix.

242 546 355 576 1—17.

236 727 311 759 Gal.
330 728 350 759 i.
371 738 418 768 ¹3·

234 804 439 844 Joan.v.31.

234 1039 308 1071 Gal.
330 1040 361 1072 ii.
383 1050 393 1071 1
406 1050 430 1071 ι.

233 1269 313 1300 Act.
330 1269 373 1301 ix.
387 1279 437 1301 20.

233 1429 308 1461 Gal.
328 1430 361 1462 ii.
383 1441 407 1462 ι.

233 1978 310 2008 Act.
332 1977 375 2009 ix.

232 2021 312 2052 Act.
332 2021 398 2052 xxi.

238 2074 247 2094 ι
259 2082 284 2103 s.

231 2107 306 2139 Gal.
326 2108 357 2140 ii.
374 2118 404 2150 9.

461 218 549 258 140
941 217 1387 260 TERTULLIANI

461 329 612 374 Paulo
636 329 998 388 reprehendenti
1023 335 1352 374 antecessores.
1426 327 1683 373 Possumus
1708 333 1754 372 et
1786 327 1864 373 hic

458 406 583 452 Acta
619 406 961 466 Apostolorum
1007 407 1370 466 repudiantibus
1405 406 1572 459 dicere,
1618 405 1753 465 prius
1794 414 1865 451 est

458 484 529 530 uti
564 485 824 530 ostendatis
859 485 968 545 quis
1002 486 1092 531 iste
1128 486 1321 538 Paulus,
1357 491 1405 530 et
1438 484 1555 544 quid
1591 489 1700 530 ante
1732 485 1862 544 Apo-

457 564 648 612 stolum,
672 571 719 608 et
742 564 981 622 quomodo
1004 562 1292 622 Apostolus:
1328 568 1565 622 quatenus
1589 568 1636 607 et
1659 562 1778 608 alias
1802 564 1861 608 ad

456 640 756 699 quaestiones
784 640 1047 699 plurimum
1077 655 1132 685 eo
1168 646 1383 685 utuntur.
1459 639 1629 699 Neque
1659 640 1787 686 enim
1822 639 1863 686 si
1877 649 1900 687 5

457 717 558 776 ipse
586 733 636 762 se
668 717 951 776 Apostolum
982 718 1041 762 de
1072 723 1370 776 persecutore
1401 716 1663 776 profitetur,
1689 716 1865 763 sufficit

456 794 714 854 unicuique
742 795 1012 840 examinate
1043 795 1270 849 credenti,
1295 795 1488 854 quando
1515 810 1601 840 nec
1624 795 1863 841 Dominus

455 871 556 931 ipse
596 874 655 917 de
691 888 741 918 se
778 872 1107 918 testimonium
1144 872 1334 918 dixerit.
1405 872 1497 918 Sed
1532 873 1727 918 credant
1762 873 1864 918 sine

456 950 730 1010 Scripturis‚
768 959 823 996 ut
864 951 1060 996 credant
1096 951 1324 996 adversus
1363 949 1666 1009 Scripturas:
1702 956 1863 997 tamen

455 1028 654 1073 doceant
688 1044 746 1073 ex
781 1044 851 1081 eo,
883 1029 1010 1087 quod
1047 1029 1258 1090 allegant
1295 1018 1490 1073 Petrum
1528 1043 1557 1073 a
1598 1027 1748 1074 Paulo
1791 1044 1863 1074 re·
1880 1045 1928 1070 10

455 1106 754 1164 prehensum,
781 1105 925 1151 aliam
950 1105 1207 1167 Evangelii
1230 1104 1434 1150 formam
1464 1121 1493 1150 a
1522 1106 1674 1151 Paulo
1701 1121 1864 1165 super-

453 1184 659 1237 ductam,
706 1184 827 1229 citra
883 1199 988 1229 eam
1035 1198 1180 1243 quam
1234 1182 1543 1242 praemiserat
1598 1183 1770 1229 Petrus
1816 1190 1864 1230 et

452 1261 610 1307 ceteri.
681 1261 838 1321 Atqui
873 1263 1146 1307 demutatus
1182 1261 1232 1306 in
1267 1261 1638 1320 praedicatorem
1672 1263 1731 1308 de
1757 1278 1863 1322 per-

454 1346 679 1391 secutore,
715 1340 968 1386 deducitur
1007 1341 1065 1384 ad
1107 1339 1278 1384 fratres
1313 1354 1342 1384 a
1375 1339 1605 1385 fratribus
1645 1346 1702 1385 ut
1735 1354 1862 1385 unus

453 1432 511 1462 ex
550 1417 794 1471 fratribus,
832 1424 878 1463 et
917 1418 976 1462 ad
1015 1417 1122 1462 illos
1159 1417 1220 1462 ab
1256 1416 1352 1462 illis
1386 1416 1471 1476 qui
1518 1417 1579 1462 ab
1613 1415 1924 1476 Apostolis15

452 1494 593 1541 fidem
618 1495 886 1541 induerant.
942 1495 1145 1550 Dehinc,
1162 1495 1406 1554 sicutipse
1424 1501 1630 1548 enarrat,
1648 1495 1862 1540 ascendit

455 1572 838 1633 Hierosolymam
881 1573 1192 1635 cognoscendi
1238 1572 1369 1618 Petri
1409 1587 1567 1625 causa,
1607 1587 1667 1618 ex
1707 1571 1861 1618 officio

452 1658 495 1696 et
517 1651 628 1711 jure
652 1651 832 1697 scilicet
855 1652 1068 1713 ejusdem
1093 1649 1202 1696 fidei
1228 1658 1276 1696 et
1299 1650 1682 1711 praedicationis.
1733 1649 1857 1695 Nam

451 1735 498 1774 et
534 1729 604 1774 illi
641 1745 735 1774 non
777 1736 934 1775 essent
974 1729 1199 1774 admirati
1240 1729 1299 1774 de
1340 1734 1636 1788 persecutore
1676 1728 1857 1773 factum

451 1807 837 1866 praedicatorem,
876 1807 915 1853 si
965 1806 1147 1866 aliquid
1193 1806 1487 1852 contrarium
1534 1805 1924 1865 praedicaret;20

453 1900 536 1931 nec
561 1884 822 1931 Dominum
855 1891 1098 1945 praeterea
1125 1883 1522 1946 magnificassent,
1547 1883 1662 1944 quia
1693 1885 1860 1930 adver-

452 1963 607 2010 sarius
641 1964 744 2025 ejus
772 1964 950 2009 Paulus
985 1963 1255 2008 obvenerat.
1327 1962 1496 2022 Itaque
1529 1968 1578 2007 et
1611 1963 1855 2008 dexteram

452 2041 494 2087 ei
542 2042 790 2094 dederunt,
829 2041 1021 2103 signum
1069 2040 1345 2086 concordiae
1391 2046 1438 2085 et
1484 2039 1856 2096 convenientiae,

448 2126 497 2165 et
532 2119 658 2165 inter
692 2134 741 2164 se
775 2118 1166 2164 distributionem
1202 2116 1344 2164 officii
1380 2117 1736 2173 ordinaverunt,
1760 2133 1854 2164 non

448 2198 796 2258 separationem
845 2196 1130 2258 Evangelii;
1184 2210 1265 2241 nec
1314 2202 1368 2241 ut
1412 2194 1546 2241 aliud
1593 2197 1727 2249 alter,
1774 2197 1853 2241 sed
1871 2216 1920 2256 25

449 2280 501 2320 ut
534 2273 643 2319 aliis
676 2275 796 2319 alter
824 2272 1133 2332 praedicaret,
1160 2272 1332 2317 Petrus
1356 2271 1407 2317 in
1431 2271 1856 2325 circumcisionem,

452 2352 631 2398 Paulus
673 2350 721 2396 in
764 2349 996 2396 nationes,
1080 2350 1302 2395 Ceterum
1346 2348 1387 2394 si
1429 2348 1743 2408 reprehensus
1783 2355 1856 2394 est

453 2429 638 2483 Petrus,
662 2429 806 2489 quod,
829 2442 979 2488 quum
1005 2426 1295 2473 convixisset
1318 2425 1536 2479 ethnicis,
1562 2432 1723 2486 postea
1748 2441 1798 2472 se
1826 2441 1854 2471 a

449 2508 670 2555 convictu
725 2519 888 2552 eorum
949 2504 1202 2565 separabat
1256 2518 1565 2564 personarum
1622 2509 1853 2564 respectu,

450 2586 617 2646 utique
669 2582 1041 2631 conversationis
1087 2582 1182 2629 fuit
1230 2582 1418 2636 vitium,
1466 2597 1560 2628 non
1608 2581 1917 2642 praedica-30

450 2663 607 2710 tionis.
670 2662 779 2708 Non
804 2660 932 2707 enim
956 2675 1014 2706 ex
1042 2660 1128 2707 hoc
1153 2659 1276 2706 alius
1302 2659 1447 2714 Deus,
1467 2674 1611 2719 quam
1638 2659 1850 2710 Creator,

448 2748 490 2786 vt
521 2740 643 2787 nlius
662 2739 901 2794 Christus,
920 2754 1065 2799 quam
1090 2754 1147 2784 ex
1178 2736 1350 2790 Maria,
1369 2744 1416 2783 et
1441 2737 1533 2783 alia
1559 2752 1678 2797 spes,
1704 2751 1847 2796 quain

448 2817 727 2863 resurrectio
751 2815 1140 2863 mniuntiabatur.
