2034 3204
460 246 541 287 DE
581 243 1155 286 PRAESCRIPTIONE
1197 244 1386 284 HAER.
1538 240 1622 282 127

221 362 267 400 et
298 355 568 417 praestigiis
593 354 786 413 Apelles
819 354 1054 404 inductus,
1080 367 1252 397 novam
1285 349 1518 396 haeresim
1553 349 1623 394 in-

219 432 373 478 duxit.

290 510 396 556 Hae
436 516 549 555 sunt
587 508 830 555 doctrinae
865 506 1115 553 hominum
1160 512 1208 551 et
1243 504 1838 559 dae1n0niorum,cA1›.V11.

220 586 544 647 prurientibus
568 586 764 632 auribus
788 592 928 631 natae
941 586 1000 630 de
1023 583 1217 646 ingenio
1235 582 1496 642 sapientiae
1519 596 1619 627 sae·
1629 560 1752 636 (310oe.
1766 562 1838 599 '³'8’

185 664 419 711 5cularis:
468 678 613 724 quam
667 662 904 709 Dominus
953 659 1193 707 stultitiam
1249 675 1437 713 vocans,
1483 657 1620 704 stulta
1633 647 1838 731 ζξζζζζξζὲζ

222 742 382 789 mundi
406 742 456 788 in
479 741 803 788 confusionem
826 740 968 787 etiam
995 738 1325 799 philosophiae
1356 738 1508 798 ipsius
1531 738 1622 783 ele·
1637 734 1839 776 '‘mm-¹9·

221 821 308 884 git.
348 820 423 866 Ea
446 826 518 865 est
540 819 665 865 enim
686 818 887 864 materia
910 816 1172 877 sapientiae
1195 815 1463 868 saecularis,
1480 821 1623 860 teme-

222 898 350 944 raria
366 897 598 957 interpres
615 895 805 942 divinae
829 901 1028 941 naturae
1045 900 1093 940 et
1110 892 1450 953 dispositionis.
1488 891 1626 952 Ipsae

223 975 427 1035 denique
455 976 670 1020 haereses
707 989 737 1019 a
764 972 1066 1034 philosophia
1101 972 1437 1017 subornantur.
1509 969 1626 1015 Inde

163 1067 210 1093 10
223 1051 412 1098 Aeones
447 1058 494 1098 et
527 1051 707 1097 formae
743 1050 899 1097 nescio
933 1065 1071 1110 quae,
1106 1055 1154 1095 et
1191 1048 1382 1094 trinitas
1418 1047 1627 1093 hominis

223 1131 350 1189 apud
389 1129 729 1176 Valentinum:
782 1126 1057 1173 Platonicus
1094 1126 1264 1171 fuerat.
1337 1124 1455 1169 Inde
1493 1122 1629 1169 Mar-

222 1207 371 1253 cionis
409 1207 540 1252 Deus
578 1206 744 1251 melior
770 1206 829 1251 de
861 1203 1237 1264 tranquillitate:
1273 1218 1302 1247 a
1339 1201 1511 1247 Stoicis
1548 1216 1627 1247 ve-

223 1291 372 1330 nerat.
443 1284 510 1330 Et
541 1290 596 1329 ut
627 1283 789 1328 anima
826 1281 1020 1327 interire
1048 1281 1248 1333 dicatur,
1278 1280 1339 1324 ab
1375 1278 1627 1338 Epicureis

223 1362 514 1407 observatur.
584 1359 648 1405 Et
676 1367 731 1406 ut
753 1359 909 1406 carnis
942 1358 1182 1404 restitutio
1206 1363 1420 1419 negetur,
1445 1358 1503 1402 de
1531 1372 1628 1402 una

163 1447 209 1486 15
223 1439 436 1484 omnium
487 1438 878 1499 philosophorum
930 1436 1092 1482 schola
1137 1434 1356 1480 sumitur.
1429 1434 1496 1480 Et
1545 1434 1627 1479 ubi

222 1516 423 1562 materia
453 1531 561 1562 cum
600 1515 704 1560 Deo
731 1520 979 1574 aequatur,
1010 1511 1214 1558 Zenonis
1251 1510 1504 1570 disciplina
1541 1518 1626 1557 est.

223 1592 292 1639 Et
326 1593 408 1639 ubi
445 1592 626 1652 aliquid
658 1593 717 1637 de
754 1591 895 1654 igneo
923 1591 1027 1637 Deo
1063 1592 1313 1652 allegatur,
1354 1589 1627 1635 Heraclitus

222 1669 491 1716 intervenit,
531 1669 740 1715 Eaedem
765 1667 991 1713 materiae
1015 1667 1142 1726 apud
1167 1665 1428 1711 haereticos
1452 1673 1499 1711 et
1523 1666 1629 1726 phi-

223 1747 443 1806 losophos
471 1748 761 1798 volutantur,
794 1745 936 1790 iidem
976 1750 1260 1790 retractatus
1292 1742 1627 1803 implicantur:

162 1838 211 1864 20
224 1823 365 1870 Unde
401 1824 619 1869 malum?
655 1830 703 1868 et
739 1822 923 1883 quare?
961 1828 1020 1873 et,
1050 1822 1175 1866 unde
1213 1821 1394 1866 homo?
1431 1827 1479 1866 et
1513 1836 1629 1880 quo-

225 1902 402 1947 modo?
461 1908 521 1954 et,
572 1902 700 1960 quod
758 1900 973 1960 proxime
1019 1898 1306 1945 Valentinus
1364 1898 1626 1958 proposuit,

224 1979 350 2023 unde
395 1977 563 2023 Deus?
610 1977 799 2023 Scilicet
844 1978 903 2022 de
948 1976 1216 2037 enthymesi
1262 1982 1311 2021 et
1355 1981 1624 2021 ectromate.

225 2055 452 2114 Sequitur
487 2053 795 2100 Aristotelem
838 2052 988 2116 [sors.
1030 2050 1355 2112 Aristoteles]‚
1401 2051 1485 2112 qui
1532 2051 1627 2096 illis

224 2131 518 2178 dialecticam
543 2131 769 2184 instituit,
789 2129 1018 2176 artificem
1043 2129 1257 2175 struendi
1281 2137 1330 2175 et
1352 2128 1626 2175 destruendi

163 2226 212 2262 25
226 2211 536 2271 versipellem,
562 2211 610 2256 in
635 2209 883 2256 sententiis
907 2215 1134 2263 coactam,
1159 2208 1208 2254 in
1233 2207 1519 2268 conjecturis
1542 2208 1628 2252 du-

225 2305 343 2342 ram,
382 2288 432 2334 in
473 2287 767 2350 argumentis
807 2286 1071 2347 operariam
1114 2285 1488 2338 contentionum,
1531 2299 1629 2328 mo-

225 2368 393 2412 lestam
421 2366 564 2412 etiam
602 2365 694 2412 sibi
728 2365 834 2426 ipsi,
858 2365 1020 2411 omnia
1050 2370 1399 2417 retractantem,
1424 2378 1484 2408 ne
1512 2361 1627 2422 quid

226 2443 420 2489 omnino
451 2442 740 2490 tractaverit.
794 2443 922 2489 Hinc
960 2443 1040 2488 ille
1053 2440 1250 2505 fabulae
1272 2447 1321 2486 et
1339 2438 1629 2504 ‘qenealoyiae
1646 2453 1757 2504 xmp...
1771 2453 1792 2485 i.
1806 2464 1836 2493 4.

227 2519 600 2575 interminabiles,
635 2529 683 2567 et
714 2521 995 2583 quaestiones
1024 2519 1348 2582 insmetecosae,
1385 2525 1433 2564 et
1460 2531 1630 2562 sermo-
1640 2497 1847 2581 Pss‘lffiiss’ffl

163 2617 214 2654 30
228 2613 305 2644 nes
341 2603 566 2660 serpentes
602 2597 719 2644 velut
753 2614 945 2649 cane-em
980 2613 1008 2643 a
1045 2597 1220 2657 quibus
1248 2611 1334 2641 nos
1368 2595 1630 2655 Apostolus

227 2675 513 2728 refraenanS‚
539 2675 822 2721 nominatim
854 2674 1206 2735 philosophiam
1235 2678 1529 2719 contestatur
1555 2687 1632 2718 ca-

228 2754 326 2800 veri
366 2760 593 2813 oportere,
639 2754 849 2800 scribens
896 2755 956 2800 ad
999 2753 1324 2800 Colossenses:
1382 2750 1539 2798 Videte
1574 2767 1630 2798 ne
1642 2764 1764 2797 coloss.
1776 2765 1808 2798 ii.
1818 2765 1849 2797 8.

229 2832 330 2893 quis
371 2846 446 2877 vos
487 2831 812 2877 circumveniat
844 2848 929 2892 per
968 2829 1307 2893 philosophiam
1358 2836 1398 2875 et
1444 2830 1627 2875 inanem
