1988 3216
401 293 464 334 IN
497 293 537 335 S.
563 290 878 334 HIPPOLYTI
912 290 1147 333 CONTRA
1179 291 1443 334 NOETUM.
1569 292 1627 332 83

223 402 235 421 ‘
255 398 464 455 cujusdam
510 398 673 440 nomine
712 397 986 440 Noeti—hic
1029 397 1152 439 etiam
1193 397 1356 440 dicebat
1395 412 1438 439 se
1480 398 1626 439 Mosen

223 463 232 478 ‘
255 471 356 505 esse,
374 462 416 498 et
435 454 608 499 fratre'm
629 470 746 498 suum
764 454 929 497 Heliam
950 455 1223 511 prophetam!
1245 455 1279 496 F
1281 455 1473 498 ABRIC.
1518 455 1626 497 Con·

215 513 419 569 jecturam
441 514 527 570 jam
549 513 644 556 olim
665 513 718 556 ad
740 512 953 568 Reliquias
974 513 1123 556 Sacras
1143 512 1233 561 feci,
1263 514 1336 568 [iv.
1361 513 1479 568 247‚]
1516 513 1557 554 N
1560 518 1626 554 οἰέ-

221 576 308 612 tum
339 579 382 614 et
411 572 584 614 fratrem
619 571 759 614 solitos
793 585 882 612 esse
916 569 1071 626 aliquid
1101 570 1334 626 hujusmodi
1369 570 1624 627 praedicare,

183 640 206 678 5
221 643 345 685 super
365 644 453 671 sese
473 644 526 671 ex
546 629 658 671 coelo
685 628 943 671 descendisse
970 631 1125 680 πνεῦμα
1145 629 1208 670 καὶ
1231 629 1396 680 δύναμιν
1417 628 1544 670 Mosis
1564 634 1626 670 at—
1687 655 1690 659 -

220 701 301 742 que
331 687 472 729 Aaron
501 686 670 737 fratris;
707 693 753 728 ut
783 691 1006 743 propterea
1035 686 1158 742 plane
1188 685 1310 727 iidem
1342 692 1467 742 atque
1498 685 1626 728 divini

220 743 277 785 illi
300 744 484 787 homines
503 751 617 787 recte
637 744 796 787 censeri
815 749 992 800 possent.

280 802 325 844 P.
346 814 416 857 50.
438 802 464 844 l.
486 817 526 857 4.
558 803 596 844 οἱ
624 801 806 855 μακάριοι
835 800 1116 857 πρεσβύτεροι]
1160 801 1352 844 Fortasse
1383 801 1425 842 hi
1455 801 1626 843 fuerunt

222 858 413 916 Episcopi
433 875 524 902 cum
546 858 809 925 Presbyteris
833 858 991 915 juncti3
1023 858 1174 900 etenim
1202 874 1281 916 ego
1302 858 1476 908 ostendi,
1498 874 1625 901 anno·

160 931 206 956 10
220 922 313 959 tans
334 917 389 959 ad
415 917 561 970 locum,
582 917 735 974 [Reliq.
753 917 868 960 Sacr.
884 930 939 959 [ν.
959 915 1077 972 247,]
1094 917 1439 974 Presbyterorum
1462 917 1626 959 nomine

219 974 428 1017 interdum
459 975 687 1032 appellatos
713 974 838 1017 fuisse
859 974 1084 1040 Episcopos
1113 975 1166 1017 ab
1196 974 1433 1017 auctoribus
1463 975 1626 1017 sacculo

219 1031 423 1074 existente
444 1032 636 1082 secundo,
655 1032 725 1089 qui
744 1038 885 1075 tamen
905 1032 981 1088 ipsi
1002 1032 1111 1074 inter
1133 1032 1355 1090 Episcopos
1376 1047 1423 1075 ac
1448 1033 1626 1090 Presby-

219 1096 331 1132 teros
351 1090 448 1132 alibi
468 1097 614 1147 aperte
635 1090 890 1148 distinguere
910 1091 1054 1132 solent.

278 1146 384 1190 Ibid.
405 1147 431 1190 l.
455 1159 493 1202 7.
535 1147 915 1204 σ-υνπλανωμένους]
962 1148 1140 1189 Tantum
1182 1148 1323 1190 decem
1363 1148 1487 1190 fuisso
1530 1148 1627 1205 Epi-

159 1218 204 1255 ¹5
221 1204 395 1262 phanius
415 1205 639 1248 annotavit.
674 1205 902 1248 FABRIC.

278 1262 382 1304 Ibid.
405 1263 431 1305 l.
455 1265 492 1306 8.
516 1264 689 1316 καθαρὸν
708 1265 875 1316 ὕστερον
897 1263 1013 1318 &miv
1033 1263 1076 1304 τὸ
1098 1264 1226 1316 δόγμα
1249 1264 1461 1320 ἐβούλετο]
1487 1265 1626 1315 Quum

219 1319 304 1362 vice
335 1321 483 1363 horum
514 1321 772 1363 substituerit
800 1319 1056 1377 Epiphanius
1086 1322 1283 1376 παῤῥησίᾳ
1312 1321 1454 1362 λοιπὸν
1473 1322 1546 1373 τὴν
1567 1325 1625 1363 αἵ-

217 1395 332 1431 ρεσιν
371 1379 610 1432 ἐδογμάτιζε,
654 1378 907 1435 verteritque
947 1378 1080 1419 locum
1122 1378 1341 1435 Hippolyti
1382 1379 1624 1427 Turi-ianus,

218 1436 384 1478 volebat
409 1443 554 1494 aperte
580 1437 737 1492 doyma
763 1451 888 1479 suum
914 1437 1148 1491 defendere,
1170 1436 1370 1490 opinabar
1398 1436 1479 1493 legi
1506 1452 1626 1494 opor-

156 1510 205 1536 πο
219 1499 309 1536 tere
350 1493 413 1535 καὶ
453 1495 605 1548 θαῤῥῶν
638 1508 716 1550 pro
748 1508 846 1536 voce
883 1493 1055 1546 καθαρὸν
1087 1492 1129 1534 in
1162 1493 1339 1535 Fabricii
1379 1509 1451 1535 seu
1488 1496 1626 1537 Mont-

218 1550 395 1594 fauconii
422 1551 665 1609 apographo
694 1558 875 1608 reperta.
937 1551 1051 1594 Vett.
1075 1551 1246 1594 Glossae
1267 1552 1423 1594 habent
1444 1555 1624 1606 Θαρῤὣν,

218 1623 295 1651 con
357 1623 441 1651 em.

277 1609 381 1708 lfibiil.
402 1666 428 1708 l.
449 1678 514 1708 11.
542 1667 597 1708 Τί
628 1667 699 1709 οὖν
730 1667 849 1709 κακὸν
881 1666 976 1722 &c.]
1004 1666 1128 1723 Apud
1160 1667 1452 1724 Epiplianium‚
1474 1667 1543 1723 qui
1571 1668 1626 1709 ad

218 1723 389 1766 verbum
420 1724 717 1781 propemodum
748 1724 891 1767 eadem
924 1724 976 1766 de
1005 1724 1268 1782 Presbyteris
1299 1741 1350 1767 ex
1381 1725 1625 1782 Hippolyto,

156 1790 204 1828 ²5
219 1781 314 1824 licet
343 1781 456 1824 haud
489 1782 711 1832 nominato,
743 1782 901 1824 refert:
940 1781 994 1823 Τί
1021 1785 1099 1835 γὰρ
1139 1783 1258 1824 κακὸν
1288 1784 1509 1835 πεποίηκας
1554 1785 1626 1825 ἕνα

219 1838 331 1881 Θεὸν
350 1838 508 1891 δοξάζω,
531 1840 604 1882 ἕνα
631 1842 856 1892 ἐπίσταμαι,
881 1840 943 1882 καὶ
963 1839 1032 1881 οὐκ
1053 1841 1183 1882 ἄλλον
1203 1842 1311 1893 πλὴν
1331 1842 1463 1890 αὐτοῦ,
1487 1858 1627 1894 γεννη-

221 1896 353 1945 θέντα,
375 1898 638 1940 ἆποθανόντα.
670 1912 710 1954 p.
731 1899 831 1950 480.
873 1898 908 1939 F
910 1896 1103 1939 ABRIC.

276 1953 429 1997 1bid.1.
457 1967 520 2008 ¹4·
553 1954 622 1997 τὸν
640 1955 741 1998 ’Υῐὸν
761 1954 955 2011 παθόντα]
998 1956 1116 2006 Quae
1147 1963 1390 2011 sequuntur,
1411 1963 1507 1998 sunt
1538 1956 1626 2012 ipsa

218 2011 347 2054 verba
368 2011 567 2070 Symboli,
617 2013 710 2055 uale
731 2019 869 2055 exstat
892 2012 1004 2069 apud
1026 2012 1258 2061 Irenaeum,
1281 2013 1349 2055 lib.
1372 2028 1397 2059 ι,
1421 2029 1454 2055 c.
1481 2026 1518 2062 2,
1539 2029 1623 2070 seq.

154 2068 286 2116 3olib.
308 2082 368 2119 111,
396 2083 483 2126 cap.
505 2083 546 2123 4.
645 2069 908 2113 ertullianum
947 2076 1093 2112 contra
1127 2070 1329 2112 Praxeam
1367 2086 1400 2114 e.
1426 2085 1463 2120 2,
1496 2077 1538 2113 et
1574 2071 1626 2114 de

220 2127 406 2169 Praescri
436 2132 466 2170 t.
482 2142 517 2169 6.
543 2141 606 2184 13,
623 2134 666 2170 et
686 2128 738 2170 de
752 2127 996 2186 Virginibus
1016 2127 1214 2170 Velandis
1233 2143 1266 2170 6.
1294 2143 1325 2178 ι,
1347 2129 1423 2172 8ι6.
1458 2129 1624 2171 FABR.

278 2184 384 2227 Ibid.
407 2142 435 2226 l)
453 2186 517 2227 18.
539 2184 714 2237 ἐξέωσαν
734 2188 800 2238 τῆς
819 2185 1080 2241 Ἐκκλησίας]
1139 2186 1315 2229 Νοὲωη]
1339 2187 1577 2229 damnatum
1601 2202 1626 2228 a

218 2241 472 2298 Tranquillo,
495 2242 697 2300 Episcopo
720 2242 1090 2286 Chalcedoniorum
1117 2243 1278 2299 Syriae,
1310 2244 1452 2287 scribit
1481 2253 1626 2287 auctor

219 2299 535 2348 Praedestinati‚
557 2315 592 2342 c.
614 2301 684 2358 36.
748 2301 870 2352 Quod
890 2307 1028 2343 autem
1050 2301 1090 2342 in
1115 2301 1321 2358 Synodico
1345 2302 1481 2345 libello
1502 2317 1623 2359 quem

154 2367 204 2406 35
218 2356 348 2399 edidit
387 2357 604 2415 theologus
645 2358 988 2401 celebratissimus
1028 2359 1405 2416 Argentoratensis.
1441 2361 1626 2402 Joannes

219 2415 398 2472 Pappus‚
433 2415 569 2472 capite
606 2430 681 2465 xx,
720 2417 834 2474 leges
874 2416 915 2458 in
950 2417 1120 2473 Synodo
1157 2418 1345 2460 Romana
1385 2418 1624 2461 damnat-um

218 2473 259 2514 N
261 2479 397 2516 oetum
424 2487 451 2515 a
477 2487 586 2530 papa
606 2474 789 2523 Victore,
810 2480 1041 2531 temporum
1071 2476 1177 2517 ratio
1207 2490 1287 2517 non
1309 2476 1478 2533 patitur.
1542 2477 1626 2518 Sed

218 2536 314 2572 sunt
367 2530 541 2573 uaedam
569 2537 613 2573 et
638 2532 719 2574 alia
746 2532 790 2574 in
815 2532 886 2574 illo
912 2532 1120 2588 Synodico
1147 2548 1292 2590 parum
1321 2539 1514 2575 accurate
1542 2540 1626 2575 tra-

219 2587 319 2634 dita,
337 2544 446 2630 1licet
484 2588 681 2644 scriptum
715 2590 849 2646 ipsum
881 2590 1033 2646 alioqui
1064 2597 1128 2634 est
1167 2591 1404 2648 neutiquam
1446 2598 1626 2633 contem-

155 2659 206 2693 40
220 2645 412 2687 nendum.
457 2645 685 2689 FABRIC.

278 2703 324 2744 P.
346 2716 415 2758 51.
437 2702 465 2745 l.
494 2717 527 2745 ῐ.
559 2705 613 2746 Οἱ
633 2705 697 2746 καὶ
717 2706 841 2757 δεῖξαι
859 2705 1099 2760 βούλονται]
1129 2705 1302 2748 Correxi
1326 2706 1364 2748 οἳ
1384 2720 1459 2762 pro
1480 2709 1518 2748 οἱ
1538 2723 1546 2749 :
1584 2707 1624 2748 hi

219 2766 357 2802 autem
379 2766 475 2802 sunt
495 2760 621 2803 Noeti
640 2761 840 2818 discipuli,
861 2761 932 2817 qui
950 2761 1067 2804 initio
1089 2770 1473 2806 commemorantur.

280 2817 384 2860 Ibid.
406 2818 434 2860 l.
456 2833 496 2872 5.
527 2817 609 2870 μετ’
632 2818 722 2874 ἐμὲ]
756 2819 926 2861 Habent
950 2818 1086 2861 Biblia
1113 2820 1226 2862 edita
1256 2821 1362 2873 πλὴν
1383 2823 1490 2874 ἐμοῦ,
1514 2821 1627 2864 nulla

221 2875 276 2917 ibi
298 2882 441 2918 notata
458 2876 658 2919 varietate
678 2876 873 2919 lectionis.

974 2947 1002 2975 G
1026 2948 1046 2977 2
