2034 3204
426 229 511 269 232
928 227 1317 269 FIRMILIANI

427 352 524 382 non
555 336 792 383 diceretur
825 338 884 382 de
919 336 1135 398 Angelis,
1160 333 1567 381 conversationem
1604 332 1653 377 in
1688 332 1830 377 coelis

426 415 732 469 habentibus,
766 414 861 460 nisi
895 414 988 474 ipsi
1023 429 1212 474 quoque
1246 418 1403 458 essent
1439 410 1575 457 nobis
1617 409 1830 462 adunati,

426 490 510 550 qui
547 497 711 536 nostra
745 490 1035 536 adunatione
1068 492 1334 536 laetantur:
1376 489 1501 535 sicut
1534 504 1560 534 e
1594 486 1832 534 contrario

426 568 592 627 utique
634 567 991 617 contristantur,
1027 568 1219 627 quando
1253 567 1417 612 vident
1462 566 1674 612 diversas
1715 581 1831 625 quo-

425 646 630 691 rundam
677 650 873 698 mentes,
920 650 968 689 et
1014 644 1183 690 scissas
1219 646 1518 698 voluntates;
1558 643 1696 703 quasi
1735 658 1827 687 non
1845 655 1868 693 5

425 728 616 767 tantum
639 737 789 767 unum
823 727 871 766 et
900 722 1103 767 eundem
1128 721 1286 766 Deum
1317 720 1460 766 simul
1490 720 1723 774 invocent,
1747 720 1831 765 sed

424 799 656 859 separatis
703 805 751 844 et
797 798 962 844 divisis
1009 798 1069 844 ab
1115 798 1335 852 invicem,
1375 813 1460 843 nec
1506 796 1830 843 confabulatio

418 878 522 938 jam
559 877 712 936 possit
751 892 851 922 esse
893 884 978 922 aut
1015 891 1170 922 sermo
1204 875 1486 921 communis.
1558 872 1666 921 Nisi
1703 875 1830 935 quod

424 970 509 1000 nos
532 954 740 1016 gratiam
764 954 938 1000 referre
962 954 1206 1014 Stephano
1230 954 1280 999 in
1304 953 1396 999 isto
1419 968 1686 1013 possumus,
1704 954 1830 1012 quod

423 1048 509 1092 per
532 1031 662 1077 illius
694 1030 1097 1077 inhumanitatem
1133 1046 1259 1077 nunc
1290 1031 1510 1076 effectum
1543 1030 1619 1083 sit,
1643 1036 1699 1076 ut
1721 1029 1832 1075 fidei
1850 1046 1899 1072 10

425 1115 473 1155 et
536 1108 798 1168 sapientiae
856 1115 1040 1154 vestrae
1102 1108 1481 1168 experimentum
1541 1122 1829 1168 caperemus,

427 1186 520 1233 Sed
546 1203 641 1232 non
665 1187 793 1232 enim
817 1187 858 1232 si
883 1202 968 1232 nos
991 1193 1186 1247 propter
1209 1187 1508 1246 Stephanum
1540 1187 1665 1232 hanc
1694 1186 1833 1231 bene-

427 1265 522 1311 ficii
561 1265 769 1327 gratiam
811 1264 1037 1324 cepimus,
1079 1265 1245 1310 statim
1291 1263 1564 1324 Stephanus
1607 1262 1832 1310 beneficio

424 1350 472 1389 et
511 1342 671 1406 gratia
707 1343 855 1405 digna
888 1342 1140 1388 commisit.
1212 1342 1382 1402 Neque
1423 1342 1550 1388 enim
1591 1348 1639 1388 et
1677 1341 1710 1388 J
1713 1342 1831 1387 udas

424 1421 624 1482 perfidia
658 1436 746 1467 sua
780 1427 828 1466 et
864 1420 1146 1480 proditione,
1179 1435 1276 1480 qua
1310 1422 1534 1466 scelerate
1569 1422 1693 1467 circa
1728 1420 1832 1466 Sal·
1850 1434 1898 1473 15

425 1506 635 1545 vatorem
678 1505 903 1559 operatus
940 1505 1025 1551 est,
1069 1497 1244 1560 dignus
1286 1498 1437 1544 videri
1479 1504 1651 1558 potest,
1693 1498 1831 1558 quasi

424 1593 614 1623 causam
650 1577 881 1622 bonorum
918 1582 1162 1621 tantorum
1196 1575 1297 1635 ipse
1328 1576 1637 1636 praestiterit,
1661 1581 1718 1622 ut
1747 1591 1833 1635 per

424 1654 559 1700 illum
586 1655 793 1700 mundus
824 1659 873 1699 et
903 1652 1121 1715 gentium
1154 1654 1358 1712 populus
1390 1652 1609 1712 passione
1634 1651 1832 1698 Domini

423 1732 718 1778 liberaretur.
803 1730 894 1777 Sed
937 1731 1054 1776 haec
1091 1730 1284 1776 interim
1322 1746 1444 1790 quae
1486 1730 1547 1776 ab
1588 1729 1832 1789 Stephano

422 1815 559 1871 gesta
617 1815 730 1855 sunt
787 1813 1161 1869 praetereantur,
1212 1823 1288 1864 ne,
1334 1809 1449 1854 dum
1505 1807 1731 1853 audaciae
1784 1813 1832 1854 et
1848 1826 1899 1852 20

424 1886 706 1932 insolentiae
730 1887 832 1947 ejus
859 1886 1180 1938 meminimus,
1207 1886 1265 1931 de
1288 1886 1430 1931 rebus
1454 1885 1516 1931 ab
1539 1900 1594 1931 eo
1618 1885 1832 1945 improbe

423 1963 572 2026 gestis
610 1964 870 2026 longiorem
910 1963 1201 2009 moestitiam
1238 1963 1375 2009 nobis
1411 1963 1688 2009 inferamus.
1758 1963 1832 2009 De

425 2041 558 2087 vobis
594 2047 755 2087 autem
791 2047 1139 2104 cognoscentes,
1163 2042 1290 2101 quod
1323 2042 1583 2087 secundum
1616 2042 1830 2104 regulam

424 2118 640 2165 veritatis
681 2125 730 2165 et
771 2118 1055 2179 sapientiam
1100 2117 1298 2173 Christi,
1337 2119 1426 2165 hoc
1467 2120 1527 2165 de
1568 2134 1664 2179 quo
1705 2134 1832 2165 nunc

423 2195 674 2256 quaeritur
706 2195 1054 2255 disposueritis,
1091 2211 1199 2242 cum
1237 2211 1413 2258 magna
1449 2195 1633 2242 laetitia
1675 2197 1832 2242 exsul·
1847 2218 1896 2257 25

424 2271 633 2317 tavimus
668 2277 714 2316 et
746 2270 849 2317 Deo
883 2271 1064 2333 gratias
1099 2271 1302 2334 egimuS,
1326 2272 1442 2332 quia
1476 2272 1745 2319 invenimus
1780 2272 1831 2319 in

423 2347 655 2394 fratribus
680 2355 779 2394 tam
806 2349 946 2410 longe
970 2348 1137 2408 positis
1162 2355 1347 2395 tantam
1373 2349 1619 2396 nobiscum
1644 2349 1752 2396 fidei
1784 2357 1832 2396 et

425 2425 643 2472 veritatis
668 2425 1051 2472 unanimitatem.

206 2519 413 2571 Aponium,
494 2504 559 2550 11.
600 2502 773 2550 Potens
808 2510 881 2550 est
915 2503 1041 2550 enim
1077 2503 1235 2566 gratia
1264 2503 1354 2550 Dei
1384 2506 1605 2565 copulare
1641 2510 1687 2551 et
1722 2520 1833 2551 con-

204 2564 412 2639 ,ιη’,ζζῗῗζξζῖζζ
420 2581 625 2644 jungere
665 2581 880 2628 caritatis
921 2588 1065 2641 atque
1103 2581 1304 2627 unitatis
1344 2581 1547 2634 vinculo,
1589 2583 1734 2629 etiam
1776 2598 1831 2629 ea
1843 2601 1897 2639 30

202 2661 341 2726 :fflffim
426 2674 549 2718 quae
578 2659 803 2706 videntur
831 2658 1044 2721 longiore
1077 2665 1312 2705 terrarum
1345 2660 1500 2720 spatio
1528 2676 1628 2707 esse
1659 2660 1830 2707 divisa.

427 2737 697 2783 secundum
727 2738 853 2798 quod
884 2743 932 2783 et
964 2737 1076 2782 olim
1111 2736 1364 2783 intervallo
1396 2743 1663 2798 temporum
1696 2753 1830 2798 sepa-

206 2823 323 2857 mzoeh.
345 2820 570 2869 nim-atos,
603 2814 663 2859 ab
697 2813 792 2861 Job
826 2821 873 2861 et
911 2813 1013 2860 Noe
1049 2813 1131 2873 qui
1171 2813 1218 2859 in
1255 2814 1423 2873 primis
1460 2814 1666 2870 fuerant,
1704 2815 1831 2861 Eze-
