2034 3204
401 218 469 259 IN
503 215 746 258 FIRMIL.
778 215 862 256 AD
896 214 937 256 S.
961 212 1262 255 CYPRIAN.
1297 210 1497 252 EPIST.
1562 210 1649 251 253

247 338 323 366 sex
334 322 551 366 Codicibus
565 320 864 377 manuscriptis.
882 319 1085 363 STEPH.
1096 317 1402 360 BALUZIUS.
1431 315 1651 372 Scripsisse

244 395 340 423 eam
362 379 642 422 Firmilianum
663 393 771 420 anno
795 390 817 419 2
819 379 891 434 56,
913 377 1226 432 ingravescente
1250 381 1437 430 tempore
1462 373 1649 422 hiberno,

247 437 429 481 ostendit
450 436 696 479 Pearsonius
715 435 758 478 in
778 435 928 477 Annal.
952 432 1210 491 Cyprianicis
1233 432 1288 474 ad
1315 446 1409 473 ann.
1433 432 1529 485 256,
1551 437 1649 472 sect.

246 511 290 538 fx.
330 494 445 538 Obiit
463 509 572 536 anno
591 506 686 548 272.
733 493 866 535 Litem
887 498 1025 534 autem
1044 491 1302 547 Stephanum
1323 489 1432 531 inter
1452 494 1495 530 et
1512 487 1653 529 Eccle-

209 561 238 600 ,5
250 552 330 594 sias
350 552 570 594 orientales
586 557 771 593 exortam
787 551 838 592 de
855 548 1072 592 haereticis
1087 547 1391 604 rebaptizandis
1410 545 1653 587 memoravit

247 610 293 652 in
313 609 485 666 epistola
508 609 563 651 ad
583 610 763 666 Xystum
784 608 1016 650 Romanum
1039 606 1081 649 S.
1100 605 1324 661 Dionysius
1346 602 1653 645 Alexandrinus

250 667 314 709 his
335 667 483 715 verbis,
498 665 770 709 Ἐπέσταλκεν
789 667 864 717 μὲν
884 665 954 707 οὖν
975 664 1248 720 [Stephanus]
1269 663 1461 716 πρότερον
1483 661 1545 702 καὶ
1564 661 1653 712 περὶ

249 723 420 766 Ἑλένου
442 725 506 766 καὶ
526 724 616 777 περὶ
635 725 896 776 Φιρμιλιανοῦ
917 723 981 764 καὶ
1001 720 1160 763 πάντων
1180 723 1259 762 τῶν
1283 736 1326 761 τε
1354 718 1432 760 ἀπὸ
1452 720 1521 769 τῆς
1542 721 1653 759 Κιλι-

253 784 337 825 κίας
358 783 426 827 καὶ
445 782 725 824 Καππαδοκίας
746 780 808 822 καὶ
829 780 1039 829 Γαλατίας,
1062 778 1124 820 καὶ
1151 778 1311 819 πάντων
1338 779 1417 818 τῶν
1445 774 1536 827 ἑξῆς
1560 776 1654 827 ὁμο·

183 860 239 886 =10
251 835 427 893 ρούντων
461 840 598 880 ἐθνῶν·
637 839 687 882 ὡς
721 837 809 879 οὐδὲ
843 837 1009 880 ἐκείνοις
1042 834 1309 887 κοινωνήσων,
1339 835 1404 876 διὰ
1433 833 1505 884 τὴν
1535 832 1656 884 αὐτὴν

252 898 396 948 ταύτην
430 897 574 943 αἰτίαν,
605 894 738 946 ἐπειδὴ
769 894 858 938 τοὺς
891 892 1121 946 αἱρετίκους,
1154 892 1292 946 φησὶν,
1326 890 1653 941 ἆναβαπτίζουσι.

251 954 364 1010 apud
387 952 608 995 Eusebium
631 951 738 994 Hist.
761 951 871 994 Eccl.
892 950 959 1000 vii,
973 963 1013 1006 5.
1076 951 1208 992 Porro
1228 963 1334 991 unus
1354 948 1406 990 de
1428 948 1462 989 F
1462 947 1654 989 irmiliani

250 1010 551 1053 successoribus
577 1010 620 1052 in
641 1008 897 1052 Caesariensi
924 1008 1022 1050 sede
1044 1008 1087 1051 S.
1105 1007 1281 1050 Basilius
1302 1007 1361 1048 M.
1383 1005 1506 1061 hujus
1528 1010 1656 1061 atque

254 1068 455 1125 Cypriani
475 1068 528 1110 de
558 1066 861 1123 rebaptizandis
889 1066 1108 1108 haereticis
1137 1064 1383 1107 sententiam
1413 1077 1656 1104 commemo-

194 1138 240 1177 15
254 1125 362 1168 ravit
391 1125 434 1167 in
455 1125 641 1181 Epistola
669 1138 744 1166 sua
775 1123 982 1167 Canonica
1010 1121 1426 1179 adAmphilochium
1457 1120 1500 1162 in
1524 1120 1656 1162 Beve-

253 1183 359 1249 regii
382 1183 412 1226 S
445 1182 589 1225 nodico
613 1181 758 1238 posita.
823 1180 947 1232 Quid,
969 1180 1080 1236 quod
1102 1179 1303 1236 Cypriani
1327 1184 1370 1221 et
1396 1178 1655 1234 quorundam

254 1246 416 1283 omenta
433 1240 514 1282 'um
545 1239 718 1288 litteras,
750 1253 857 1295 quae
891 1239 1004 1295 apud
1038 1237 1268 1280 haereticos
1303 1243 1346 1279 et
1379 1235 1657 1277 schismaticos

254 1298 397 1341 datum
427 1297 673 1354 baptismum
700 1296 948 1353 improbant,
969 1310 1042 1337 suo
1062 1309 1277 1352 superesse
1297 1300 1484 1350 tempore
1504 1292 1658 1350 signifi-

253 1361 323 1398 cat
344 1356 387 1398 S.
402 1353 686 1412 Augustinus?
713 1353 808 1397 Vid.
830 1353 917 1395 Lib.
939 1353 1027 1409 ejus
1043 1367 1090 1394 111
1110 1359 1255 1395 contra
1271 1350 1551 1400 Cresconium,
1567 1365 1656 1407 cap.

188 1434 242 1460 ,20
262 1427 296 1462 1,
318 1418 360 1455 et
387 1412 556 1455 Librum
584 1412 672 1468 ejus
692 1417 837 1453 contra
857 1410 1116 1459 Petilianum,
1138 1425 1227 1475 cap.
1245 1423 1311 1460 14.
1372 1408 1500 1450 Plura
1519 1413 1658 1450 autem

255 1476 401 1513 contra
419 1469 678 1512 adversarios
701 1468 922 1525 Epistolae,
944 1482 1051 1524 quae
1077 1468 1120 1509 in
1140 1467 1360 1509 editionem
1383 1465 1658 1508 Conciliorum

256 1527 536 1570 Florentinam
558 1541 666 1569 nunc
686 1526 850 1569 demum
870 1533 1039 1582 recepta
1060 1531 1135 1574 est,
1157 1525 1266 1566 infra
1286 1523 1586 1573 annotabimus.

314 1585 361 1627 P.
380 1597 475 1640 231.
497 1585 523 1627 l.
543 1596 607 1626 12.
637 1584 680 1626 in
711 1598 793 1626 una
822 1589 947 1639 atque
975 1583 1017 1625 in
1047 1583 1191 1625 eadem
1223 1581 1360 1638 domo]
1391 1581 1660 1636 Vulgoxipsa

256 1657 333 1700 pro
353 1657 456 1691 una,
477 1642 588 1698 quod
615 1641 784 1691 mutavi,
806 1641 887 1683 fide
915 1641 1036 1683 nixus
1059 1640 1220 1683 Codicis
1242 1638 1418 1682 Simonis
1440 1638 1658 1686 Goulartii,

192 1716 242 1755 25
287 1700 327 1742 ui
349 1699 603 1756 Cyprianum
625 1699 755 1741 edidit
774 1713 882 1741 anno
910 1711 1031 1754 1593,
1053 1698 1243 1754 idemque
1263 1696 1497 1739 faciendum
1517 1696 1657 1738 suasit.

298 1772 420 1800 raeca
438 1757 617 1805 fuerant,
641 1758 685 1798 ἐν
703 1758 762 1798 ένὶ
784 1756 845 1798 καὶ
871 1757 915 1797 ἐν
942 1757 994 1812 τῷ
1015 1756 1118 1811 αὐτῷ
1139 1757 1244 1812 οἴκῳ.
1307 1753 1426 1796 conf.
1442 1753 1564 1802 infra,
1586 1756 1617 1810 §.
1635 1766 1658 1796 2

256 1814 343 1857 init.
366 1821 409 1858 et
430 1815 472 1857 S.
496 1815 727 1862 Irenaeum,
750 1814 783 1862 Ι,
802 1828 843 1862 Χ,
862 1826 899 1856 2.

316 1872 420 1914 Ibid.
452 1872 477 1913 l.
503 1885 568 1914 20.
600 1886 792 1928 magnam
822 1870 1046 1912 voluntatis
1075 1869 1303 1918 caritatem,
1334 1868 1375 1910 in
1408 1883 1535 1910 unum
1567 1882 1662 1909 con-

259 1928 420 1985 venire]
450 1930 567 1971 Haec
597 1929 724 1971 verba
754 1928 903 1970 mendo
934 1942 1015 1970 non
1046 1942 1188 1970 carere
1219 1926 1423 1968 videntur.
1487 1925 1598 1976 Quid
1627 1925 1662 1967 si

194 2005 246 2041 30
259 2002 334 2044 pro
354 1987 432 2029 isto
462 1988 698 2029 voluntatis
717 1987 960 2034 caritatem,
977 2000 1223 2041 reponamus
1243 1985 1480 2027 voluntatis
1499 1984 1663 2025 alam-i-

259 2053 390 2088 tatem
407 2045 430 2087 ,⁹
462 2045 609 2087 Exstat
629 2044 740 2100 apud
763 2043 1018 2100 Apostolum,
1039 2043 1081 2084 in
1104 2042 1234 2108 Epist.
1251 2042 1339 2098 ejus
1357 2040 1587 2098 posteriore
1607 2040 1662 2082 ad

261 2101 509 2151 Corinthios,
539 2102 564 2154 ἡ
593 2102 789 2154 προθυμία
819 2104 887 2142 τοῦ
918 2100 1068 2150 θέλειν,
1098 2099 1165 2143 vii.
1191 2113 1265 2149 ¹13
1296 2104 1340 2152 et
1369 2098 1412 2140 in
1444 2098 1664 2142 Glossariis

259 2161 374 2203 Vett.
397 2159 525 2202 habes
543 2158 596 2200 Ἡ
620 2159 829 2212 προθυμία,
851 2159 1080 2200 alacritas.
1301 2163 1313 2199 ².

318 2218 365 2260 P.
384 2229 481 2273 232.
517 2217 543 2259 l.
574 2217 613 2258 6.
649 2215 766 2273 quasi
801 2230 884 2257 non
919 2222 1080 2258 tantum
1116 2230 1242 2256 unum
1279 2215 1375 2270 &c.]
1438 2212 1665 2255 Afferenda

196 2287 246 2326 35
261 2281 368 2323 sunt,
390 2289 496 2331 quae
523 2274 575 2316 de
602 2274 680 2316 hoc
707 2274 795 2315 loco
822 2273 985 2330 scripsit
1005 2273 1067 2315 vir
1095 2272 1282 2321 eruditus
1303 2270 1554 2313 Prudentius
1575 2271 1664 2312 Ma·

259 2347 386 2375 ranus
410 2331 453 2374 in
473 2331 573 2375 Vita
600 2332 644 2375 S.
664 2330 865 2388 Cypriani
893 2330 1059 2373 editioni
1082 2329 1343 2378 Baluzianae,
1365 2343 1437 2371 seu
1466 2327 1667 2370 Benedic-

261 2389 386 2438 tinae,
422 2389 659 2446 praemissa.
720 2396 729 2412 ‘
753 2389 869 2430 Haec
901 2388 1128 2430 Fir-miliani
1159 2387 1346 2444 Epistola
1380 2401 1486 2442 quae
1518 2384 1666 2428 Latine

263 2454 271 2470 ‘
294 2446 460 2489 reddita
481 2452 625 2489 exstat
653 2447 762 2488 inter
795 2446 1063 2503 Cyprianicas
1093 2444 1396 2502 septuagesima
1421 2443 1578 2500 quinta,
1609 2442 1667 2484 sic

264 2511 272 2526 ‘
298 2503 498 2560 Cypriani
517 2503 655 2546 stilum
675 2503 848 2550 redolet,
869 2510 916 2546 ut
936 2518 1018 2545 non
1038 2503 1162 2545 alium
1183 2503 1454 2558 interpretem
1476 2500 1667 2543 habuisse

199 2568 273 2611 40⁴
297 2561 499 2604 videatur.
562 2561 687 2603 Fidus
712 2561 917 2617 interpres
939 2561 1125 2603 Graecae
1145 2560 1311 2616 linguae
1331 2558 1542 2616 ingenium
1567 2572 1668 2600 non-

265 2626 274 2642 ‘
298 2619 419 2660 nullis
444 2618 487 2660 in
514 2618 611 2660 locis
638 2618 820 2660 retinuit.
882 2618 1011 2660 Paulo
1031 2623 1125 2674 post
1144 2617 1318 2665 initium,
1345 2618 1668 2659 Contristantur

266 2683 275 2699 ‘
302 2676 489 2732 [Angeli]
531 2677 706 2732 quando
735 2677 879 2718 vident
909 2677 1104 2718 diversas
1139 2676 1410 2731 quorundam
1440 2682 1595 2716 mentes
1629 2681 1669 2715 et

266 2741 275 2757 ‘
297 2735 457 2776 scissas
489 2734 739 2783 voluntates,
777 2734 905 2788 quasi
936 2748 1019 2775 ηοη
1052 2741 1221 2775 tantum
1255 2747 1388 2774 uuum
1418 2740 1457 2775 et
1491 2732 1670 2774 eundem

267 2797 277 2814 ‘
298 2792 438 2834 Deum
463 2792 596 2832 sintul
614 2792 819 2839 invocent,
840 2792 914 2832 sed
933 2791 1152 2846 separatis
1171 2798 1210 2832 et
1230 2790 1386 2832 divisis
1410 2791 1466 2832 ab
1487 2790 1669 2831 invicem

203 2856 276 2902 45‘
299 2863 374 2891 nec
394 2849 689 2904 corffabnlatio
699 2849 797 2902 jam
812 2850 952 2904 possit
973 2863 1071 2897 esse,
1093 2857 1171 2890 aut
1191 2862 1326 2890 sermo
1345 2848 1600 2890 communis.-
1628 2846 1668 2888 id
