2034 3204
371 219 459 259 254
805 218 1333 263 ANNOTATIONES

372 331 385 349 ⁴
405 330 481 375 est,
502 325 620 382 quasi
647 340 729 367 non
759 330 918 368 tantum
950 341 1076 369 unum
1106 333 1150 370 et
1179 327 1354 369 eundem
1376 327 1511 368 Deum
1542 325 1662 368 simul
1691 339 1774 367 non

373 389 383 406 ‘
404 383 621 430 invocent;
665 397 773 439 quae
804 390 1014 440 postrema
1045 385 1212 440 negatio
1244 397 1539 439 nonnunquam
1570 382 1774 425 omittitur

372 447 384 464 ‘
404 441 518 497 apud
538 440 720 489 Latinos,
741 441 814 482 sed
833 441 996 497 saepius
1014 442 1126 498 apud
1147 441 1355 484 Graecos?
1395 444 1427 497 ξ.
1448 440 1562 492 xxxi,
1583 455 1623 497 p.
1640 440 1774 483 cxviii.

372 499 479 540 Tum
516 513 593 555 per
624 498 657 540 it
695 498 759 540 vir
793 498 844 540 cl.
877 499 932 540 ad
963 499 1064 541 alios
1103 499 1214 541 locos
1247 497 1399 540 similes
1435 498 1688 547 indicandos,
1721 498 1775 540 de

366 556 516 613 quibus
536 513 681 598 orffine
701 570 774 597 suo
794 556 977 611 posthac.
1787 566 1811 606 5

426 615 476 655 Ρ.
498 626 593 669 232.
626 614 653 655 l.
674 625 741 666 27.
776 613 1012 655 Invenimus
1044 612 1087 653 in
1118 613 1318 655 fratribus
1351 611 1503 655 nostris
1534 618 1620 655 tam
1650 612 1774 669 longe

367 671 526 728 positis]
559 670 799 714 Sententiae
836 669 1035 727 Cypriani
1071 685 1196 727 super
1234 670 1537 712 haereticorum
1571 670 1775 726 baptismo

367 729 563 771 favebant
582 743 665 770 non
685 728 815 770 solum
836 742 912 784 per
932 728 1129 776 Africam,
1147 728 1398 777 Numidiam,
1416 734 1459 770 et
1479 727 1774 770 Mauritaniam

369 786 576 828 Ecclesiae
606 785 944 842 quamplurimae,
976 800 1119 827 verum
1150 785 1275 828 etiam
1305 800 1445 827 omnes
1475 785 1565 827 fere
1595 799 1702 841 quae
1732 784 1774 826 in

367 844 542 886 Oriente
562 858 713 900 magno
735 857 905 884 numero
927 842 1204 886 Christianam
1232 843 1428 900 pietatem
1453 842 1770 899 profitebantur.
1791 856 1840 882 10

369 902 419 942 In
438 901 488 943 iis
513 907 652 943 autem
675 900 868 957 Episcopi
897 900 1093 943 nobilium
1123 900 1334 943 civitatum
1365 899 1620 943 celeberrimi
1646 899 1775 941 nomi-

367 958 496 1001 natim
525 958 693 1000 indicati
726 957 912 1014 Epistola
940 958 995 1000 ad
1027 958 1297 1014 Stephanum,
1328 973 1436 1014 quae
1465 957 1599 1014 prima
1628 963 1693 999 est
1721 957 1775 999 de

366 1022 524 1073 septem
555 1015 633 1057 illis
664 1015 854 1073 Dionysii
883 1015 1156 1057 Alexandrini
1185 1017 1274 1070 περὶ
1301 1017 1580 1068 Βαπτίσματος
1605 1015 1660 1057 ab
1690 1015 1776 1056 Eu-

366 1073 480 1116 sebio
509 1073 758 1115 memoratis.
831 1074 888 1115 Et
917 1073 960 1114 in
991 1088 1040 1115 ea
1074 1073 1239 1129 quidem
1275 1072 1463 1129 Epistola
1496 1087 1672 1128 magnus
1705 1072 1774 1114 ille

367 1131 592 1189 Dionysius
609 1131 866 1187 Stephanum
887 1130 1106 1173 certiorem
1125 1130 1316 1179 faciebat,
1337 1131 1502 1173 sedatos
1527 1145 1615 1172 esse
1638 1135 1774 1172 motus
1791 1142 1838 1181 15

366 1204 469 1245 quos
488 1189 531 1230 in
549 1188 722 1231 Oriente
738 1189 779 1230 N
781 1188 960 1231 ovatiani
980 1188 1300 1236 concitaverant,
1316 1187 1456 1244 itaque
1477 1202 1617 1229 omnes
1636 1187 1775 1230 Eccle-

365 1246 447 1288 sias
476 1246 518 1288 in
548 1261 597 1288 eo
627 1246 872 1296 consentire,
894 1252 941 1289 ut
970 1245 1094 1302 lapsis
1124 1245 1378 1302 poenitentia
1402 1246 1598 1295 daretur3
1630 1260 1775 1287 verum

365 1304 576 1360 adjecerat
605 1303 761 1360 aliquid
791 1304 843 1346 de
873 1303 1190 1360 poenitentibus,
1222 1304 1293 1360 qui
1327 1304 1381 1345 ab
1415 1302 1634 1345 haereticis
1666 1303 1776 1344 redi-

367 1368 475 1410 rent,
497 1361 768 1418 baptizandis,
798 1362 910 1418 quod
938 1360 1219 1418 praetermisit
1246 1360 1472 1410 Eusebius;
1503 1361 1614 1402 unde
1644 1360 1774 1402 Baro·

367 1419 459 1461 nius
484 1419 567 1474 [hic
591 1419 806 1461 addendus
836 1425 900 1461 est
920 1418 1126 1461 Pamelius
1154 1418 1377 1460 Baronium
1405 1423 1568 1460 secutus
1596 1418 1638 1459 in
1666 1417 1773 1460 notis
1788 1429 1838 1456 20

365 1477 420 1519 ad
453 1476 741 1533 Cyprianumd
776 1477 1026 1518 occasionem
1064 1476 1237 1532 sumpsit
1268 1475 1500 1518 affirmandi
1532 1490 1608 1532 pro
1644 1481 1772 1525 certo,

366 1534 423 1576 sic
455 1549 596 1576 omnes
631 1533 721 1576 illas
755 1534 959 1576 Ecclesias
990 1533 1241 1590 acquievisse
1275 1534 1501 1590 Stephane,
1534 1540 1581 1575 ut
1612 1532 1654 1574 in
1685 1532 1774 1589 ejus

366 1592 592 1641 decretum,
613 1591 666 1633 de
697 1606 778 1633 non
808 1592 1067 1648 baptizandis
1098 1591 1327 1640 haereticis,
1349 1591 1541 1633 abdicata
1572 1590 1774 1646 Cypriani

365 1650 571 1692 sententia
598 1649 888 1699 convenirent3
919 1649 1030 1705 quod
1060 1649 1164 1691 adeo
1195 1663 1276 1690 non
1303 1655 1366 1691 est
1391 1649 1444 1690 ab
1467 1647 1667 1704 Dionysio
1688 1654 1774 1690 tra-

364 1707 510 1756 ditum,
532 1713 579 1749 ut
599 1707 793 1749 defuneto
813 1707 1072 1763 postmodum
1095 1707 1308 1763 Stephano
1328 1706 1436 1748 idem
1457 1705 1526 1747 ille
1548 1705 1772 1762 Dionysius
1787 1715 1836 1753 25

366 1765 545 1822 Xystum
578 1764 781 1820 Stephani
810 1778 1083 1806 successorem
1114 1778 1189 1820 per
1219 1763 1393 1806 alteram
1425 1763 1651 1819 Epistolam
1683 1763 1773 1804 dili-

363 1828 513 1879 genter
561 1836 610 1864 ac
654 1821 761 1864 serio
808 1821 1027 1870 monuerit,
1078 1821 1358 1864 consideraret
1403 1820 1602 1863 attentius
1647 1835 1774 1876 quae-

363 1879 506 1922 stionis
525 1880 687 1937 pondus
714 1885 757 1921 et
781 1894 949 1922 caussae
976 1878 1287 1921 difficultatem:
1318 1878 1573 1935 Stephanum
1605 1877 1772 1934 quidem

366 1938 527 1980 Heleno
562 1944 605 1980 et
637 1936 889 1986 Firmiliano,
920 1936 1178 1993 caeterisque
1208 1951 1284 2002 per
1316 1935 1500 1979 Ciliciam
1535 1942 1578 1978 et
1609 1936 1772 1992 Cappa-

364 1995 523 2037 dociam
545 2001 588 2038 et
607 1994 800 2037 finitimas
818 1994 1021 2037 Ecclesias
1040 1994 1251 2060 Episcopls
1269 1993 1481 2037 nunciasse
1501 2007 1577 2050 per
1597 1993 1770 2043 litteras,
1785 2005 1837 2043 30

365 2053 530 2095 minime
564 2052 958 2095 communicaturum
994 2067 1038 2094 se
1070 2067 1162 2094 cum
1197 2052 1260 2101 1is,
1302 2066 1351 2094 eo
1391 2051 1503 2107 quod
1542 2050 1772 2094 haereticos

364 2110 685 2167 rebaptizarent.
748 2111 1045 2152 Verumtamen
1061 2124 1150 2151 esse
1171 2109 1309 2166 magni
1331 2108 1526 2150 momenti
1541 2108 1768 2166 negotium,

364 2169 487 2212 ὅντως
511 2170 588 2221 γὰρ
609 2168 786 2220 δόγματα
807 2169 895 2218 περὶ
916 2168 1053 2209 τούτου
1074 2166 1242 2221 γέγονεν
1272 2168 1316 2208 ἐν
1347 2170 1431 2210 ταῖς
1457 2167 1662 2219 μεγίσταις
1693 2169 1771 2208 τῶν

363 2224 619 2267 Ἐπισκόπων
637 2226 833 2273 Συνόδοις,
851 2225 901 2269 ὡς
922 2225 1181 2276 πυνθάνομαι,
1200 2225 1303 2266 ὥστε
1323 2224 1413 2267 τοὺς
1433 2224 1670 2277 προσίοντας
1690 2223 1769 2265 ἀπὸ

365 2282 568 2335 αἱρέσεων,
604 2283 985 2337 προκατηχηθέντας,
1022 2281 1107 2323 εἶτα
1143 2283 1412 2323 ἀπολούεσθαι
1453 2281 1516 2322 καὶ
1556 2282 1769 2322 ἆποκαθαί-
1783 2291 1834 2330 35

363 2343 504 2392 ρεσθαι
534 2340 605 2381 τὸν
633 2342 700 2391 τῆς
730 2342 901 2383 παλαιᾶς
933 2339 996 2380 καὶ
1026 2338 1245 2391 ἀκαθάρτου
1282 2339 1398 2390 ζύμης
1426 2339 1563 2391 ῥύπον.
1625 2338 1771 2394 Pergit

369 2397 602 2454 Dionysius,
623 2397 775 2453 aitque,
799 2397 876 2438 hoe
902 2411 946 2438 se
974 2396 1026 2438 ab
1057 2395 1312 2445 Antiochiae,
1339 2398 1582 2444 Caesareae,
1611 2395 1767 2445 Aeliae,

364 2454 480 2512 Tyri,
518 2454 757 2502 Laodiceae,
789 2453 908 2496 Tarsi
944 2453 1153 2519 Episcopis
1183 2460 1374 2510 rogatum
1406 2452 1586 2494 scribere
1618 2452 1767 2509 Xysto‚

362 2512 461 2568 quin
483 2518 526 2555 et
553 2511 899 2568 compresbyteris
926 2526 1009 2553 suus
1033 2510 1231 2567 Dionysio
1257 2517 1300 2553 et
1323 2509 1564 2558 Philemoni,
1586 2509 1656 2566 qui
1681 2510 1768 2552 fuc-

363 2577 458 2613 rant
478 2570 659 2626 ejusdem
686 2584 775 2611 cum
800 2569 1012 2625 Stephano
1037 2568 1278 2617 sententiae,
1301 2567 1510 2624 scripsisse
1538 2568 1614 2610 hac
1641 2566 1693 2610 de
1721 2582 1767 2611 re
1782 2584 1832 2619 ⁴0

363 2627 522 2684 plenius
542 2635 585 2670 et
608 2626 785 2669 uberius.
848 2626 1182 2669 RlGAL'rlUS.

425 2685 466 2727 l'.
484 2697 579 2740 233.
604 2684 627 2727 l.
646 2697 711 2737 24.
735 2684 992 2740 mandamus]
1018 2684 1106 2725 lloc
1124 2698 1198 2741 pro
1216 2682 1443 2739 praeterito
1463 2682 1767 2724 mandavimus

361 2757 410 2783 vx
435 2742 616 2798 quinque
638 2742 769 2784 (todd.
790 2742 867 2783 scri
902 2741 953 2784 tis
974 2741 1102 2798 posui,
1125 2757 1147 2783 e
1169 2741 1316 2797 quibus
1338 2746 1423 2783 tres
1445 2740 1483 2782 in
1506 2739 1603 2782 edit.
1627 2740 1763 2780 Oxon.

363 2807 657 2847 'numerantmn
679 2806 851 2854 quartus
896 2799 1136 2847 lodii-ianus,
1159 2798 1327 2855 quintus
1350 2798 1452 2839 Novi
1477 2796 1648 2851 collegii
1670 2802 1744 2838 est.

423 2857 575 2913 l'.234.
605 2857 628 2898 Ι.
655 2870 718 2898 2¹.
754 2864 894 2912 postea
924 2856 1144 2911 exstitisse]
1181 2857 1331 2897 Verum
1366 2855 1440 2896 hm·
1472 2861 1546 2902 est,
1580 2852 1611 2895 si
1645 2854 1765 2895 modo
1780 2870 1828 2907 ⁴5
