2034 3204
521 504 963 560 SYMBOLUM
1016 502 1750 558 CONSTANTINOPOL.

588 650 664 687 AD
695 646 993 686 EXEMPLAR
1021 646 1175 696 QUOD
1205 644 1413 684 EXSTAT
1443 645 1506 683 IN
1536 644 1696 684 AOTIS

723 769 1255 812 CHALCEDONENSIS
1290 767 1564 810 CONCILII.

447 999 1004 1074 ΠΙΣΤΕΥΟΜΕΝ
1044 1021 1107 1074 εὶς
1146 1018 1228 1070 ἕνα
1267 1017 1394 1071 Θεὸν
1434 1015 1627 1084 Πατέρα
1666 1040 1845 1069 παντο-

441 1105 669 1176 κράτορα,
702 1103 903 1171 ποιητὴν
938 1105 1140 1172 οὐρανοῦ
1171 1107 1248 1156 καὶ
1280 1107 1388 1170 γῆς,
1428 1105 1611 1171 ὁρατῶν
1641 1125 1691 1154 τε
1723 1100 1845 1155 πάν·
1862 1126 1884 1163 5

441 1216 539 1246 των
563 1194 641 1245 καὶ
669 1189 901 1260 ἀοράτων.
981 1191 1077 1242 Καὶ
1101 1193 1164 1246 εἰς
1190 1189 1271 1241 ἕνα
1301 1188 1480 1257 Κύριον
1504 1187 1699 1253 Ἰησοῦν
1724 1191 1846 1256 Χρι-

442 1277 579 1342 στὸν,
613 1276 699 1331 τὸν
730 1276 851 1329 Υὶὸν
879 1281 964 1329 τοῦ
1001 1279 1128 1328 Θεοῦ
1160 1274 1245 1328 τὸν
1278 1276 1531 1341 μονογενῆ,
1563 1272 1648 1326 τὸν
1680 1275 1730 1326 ἐκ
1764 1278 1850 1325 τοῦ

447 1362 642 1432 Πατρὸς
678 1360 963 1429 γεννηθέντα
999 1359 1095 1429 πρὸ
1131 1360 1326 1414 πάντων
1363 1365 1460 1413 τῶν
1497 1359 1697 1411 αἰώνων·
1746 1363 1852 1430 φῶς

442 1449 493 1500 ἐκ
527 1451 702 1519 φῶτος,
733 1444 860 1498 Θεὸν
890 1444 1119 1511 ἀληθινὸν
1147 1448 1199 1498 ἐκ
1226 1450 1353 1499 Θεοῦ
1387 1447 1634 1510 ἀληθινοῦ·
1681 1466 1848 1511 γεννη-

444 1533 605 1597 θέντα,
651 1530 714 1584 οὖ
748 1530 1014 1597 ποιηθέντα,
1059 1530 1315 1596 ὁμοούσιον
1352 1533 1420 1601 τῷ
1467 1530 1642 1598 Πατρί·
1698 1529 1754 1582 δι’
1796 1529 1851 1581 οῦ
1868 1557 1916 1582 ιο

444 1616 505 1670 τὰ
536 1617 695 1670 πάντα
730 1615 931 1683 ἐγένετο,
958 1614 1044 1668 τὸν
1069 1616 1124 1667 δι’
1151 1617 1275 1682 ἡμᾶς
1299 1614 1410 1671 τοῦς
1438 1614 1736 1685 ἀνθρώπους,
1775 1617 1852 1667 καὶ

445 1702 522 1755 διὰ
550 1701 638 1768 τὴν
671 1701 901 1770 ἡμέτεραν
935 1702 1191 1771 σωτηρίαν,
1230 1700 1522 1754 κατελθόντα
1553 1703 1604 1753 ἐκ
1638 1705 1734 1754 τῶν
1769 1702 1848 1753 οὑ-

444 1792 618 1857 ρανῶν,
657 1788 734 1839 καὶ
783 1786 1096 1855 σαρκωθέντα
1138 1788 1188 1839 ἐκ
1230 1786 1510 1853 Πνεύματος
1545 1787 1733 1854 Ἀγίου,
1774 1787 1852 1838 καὶ

447 1873 644 1941 Μαρίας
680 1874 765 1938 τῆς
793 1870 1055 1940 Παρθένου,
1081 1873 1159 1924 καὶ
1195 1871 1649 1942 ἐνανθρωπήσαντα·
1698 1895 1849 1925 σταυ-

444 1958 656 2026 ρωθέντα
699 1980 750 2010 τε
796 1956 911 2025 ὑπὲρ
953 1957 1087 2022 ἡμῶν
1131 1958 1205 2010 ἐπὶ
1247 1958 1455 2011 Ποντίου
1499 1956 1734 2022 Πιλάτου,
1775 1959 1853 2010 καὶ
1871 1980 1917 2018 15

444 2042 675 2107 παθόντα,
700 2044 777 2095 καὶ
801 2042 1028 2114 ταφέντα,
1055 2045 1132 2095 καὶ
1157 2042 1434 2096 ἀναστάντα
1459 2047 1518 2114 τῇ
1543 2044 1677 2113 τρίτῃ
1706 2042 1855 2113 ἡμέρᾳ

447 2127 568 2182 κατὰ
600 2128 686 2186 τὰς
720 2127 930 2199 γραφάς·
955 2130 1052 2181 καὶ
1087 2128 1349 2181 ἀνελθόντα
1379 2132 1443 2185 εἰς
1467 2127 1578 2184 τοὺς
1607 2126 1850 2198 οὐρανοὺς,

447 2217 525 2267 καὶ
566 2213 872 2282 καθεζόμενον
908 2215 958 2266 ἐκ
1000 2212 1168 2282 δεξιῶν
1205 2220 1290 2267 τοῦ
1332 2213 1540 2283 Πατρός·
1588 2217 1665 2267 καὶ
1704 2213 1854 2267 πάλιν

446 2298 699 2371 ἐρχόμενον
722 2298 841 2366 μετὰ
870 2298 1017 2369 δόξης
1040 2303 1191 2368 κρῖναι
1225 2298 1403 2367 ζῶντας
1436 2303 1513 2353 καὶ
1550 2300 1756 2369 νεκρούς·
1799 2299 1855 2352 οὗ

447 2389 532 2452 τῆς
565 2387 818 2449 βασιλείας
857 2388 941 2439 οὐκ
974 2386 1109 2439 ἕσται
1143 2385 1293 2443 τέλος.
1356 2389 1451 2439 Καὶ
1483 2389 1547 2442 εἰς·
1571 2385 1627 2439 τὸ
1657 2390 1854 2452 Πνεῦμα
1870 2366 1941 2431 2³0a

447 2471 504 2525 τὸ
530 2470 727 2539 Ἀγιον,
769 2471 825 2526 τὸ
867 2471 1046 2541 Κύριον
1083 2474 1160 2525 καὶ
1203 2470 1259 2525 τὸ
1300 2470 1543 2539 ζωοποιὸν,
1580 2471 1636 2525 τὸ
1677 2472 1726 2523 ἐκ
1769 2477 1855 2525 τοῦ

452 2557 647 2626 Πατρὸς
677 2557 1054 2627 ἐκπορευόμενον,
1086 2556 1142 2611 τὸ
1175 2556 1270 2611 σὺν
1298 2559 1455 2627 Πατρὶ
1489 2559 1565 2610 καὶ
1591 2558 1694 2627 Υἱῷ
1728 2579 1854 2622 συμ-

448 2643 870 2711 προσκυνούμενον
912 2645 991 2696 καὶ
1040 2641 1472 2712 συνδοξαζόμενον,
1515 2642 1571 2697 τὸ
1622 2645 1854 2708 λαλῆσαν

449 2728 526 2781 διὰ
564 2733 661 2782 τῶν
697 2733 991 2800 Προφητῶν·
1035 2731 1120 2785 Εἰς
1155 2729 1268 2795 μίαν
1299 2729 1441 2796 ἁγίαν
1478 2726 1738 2794 καθολικὴν
1777 2728 1854 2780 καὶ

449 2813 780 2879 ἀποστολικὴν
804 2815 1120 2880 Ἐκκλησίαν·
1164 2817 1493 2882 ὁμολογοῦμεν
1518 2813 1567 2867 ἓν
1597 2814 1853 2879 βαπτίσμα
1870 2838 1917 2875 25
