1988 3216
549 282 785 324 CONTRA
818 281 1126 324 HAERESIM
1158 281 1353 324 NOETI.

1599 283 1656 324 53

246 390 405 446 αὐτοῖς
429 389 685 455 μονόκωλα
711 388 958 459 χρώμενοι,
979 387 1034 442 ὃν
1052 388 1233 457 τρόπον
1251 386 1378 440 εἶπεν
1399 388 1652 451 Θεόδοτος,

245 475 499 544 ἄνθρωπον
532 479 771 547 συνιστᾷν
802 475 958 545 ψιλὸν
989 473 1300 540 βουλόμενος.
1372 474 1519 526 Ἀλλ’
1549 475 1654 526 οὔτε

243 561 409 612 ἐκεῖνοί
429 583 478 614 τε
502 560 620 634 [fors.
643 559 728 634 γε]
760 558 1038 626 νενοήκασιν
1061 560 1250 626 ἀληθὲς,
1277 559 1374 612 οὔθ’
1395 559 1542 621 οὗτοι,
1570 581 1654 610 κα-

243 643 339 701 θὼς
363 647 500 699 αὑταὶ
526 650 573 699 αἱ
598 646 785 717 γραφαὶ
818 644 1103 714 ἐλέγχουσιν
1127 646 1285 697 αὐτῶν
1310 643 1398 710 τὴν
1424 644 1649 709 ἀμαθίαν,

206 755 229 795 5
241 737 572 800 μαρτυροῦσαι
597 734 655 802 τῇ
678 731 887 800 ἀληθείᾳ.
937 731 1131 798 Ὁρᾶτε,
1159 728 1379 800 ἀδελφοὶ,
1406 734 1510 785 πῶς
1532 751 1652 798 προ-

239 816 376 871 πετὲς
401 819 478 869 καὶ
511 814 758 883 τολμηρὸν
783 813 942 882 δόγμα
969 812 1363 882 παρεισήνεγκαν,
1389 812 1650 882 ἀναισχύν-

239 925 334 958 τως
373 901 610 969 λέγοντες,
651 900 793 957 αὐτός
829 901 933 953 ε’στι
971 898 1189 968 Χριστὸς
1218 902 1246 953 ὁ
1284 898 1474 968 Πατὴρ,
1512 897 1654 955 αὐτὸς

239 985 373 1050 Υἱὸς,
420 986 562 1043 αὐτὸς
602 985 846 1054 ἐγεννήθη,
890 984 1033 1041 αὐτὸς
1071 984 1259 1050 ἔπαθεν,
1301 984 1443 1041 αὐτὸς
1484 983 1653 1038 ἑαυτὸν

239 1071 437 1140 ἤγειρεν.
491 1072 638 1124 Ἀλλ’
667 1073 756 1141 οὐχ
781 1072 930 1126 οὕτως
955 1071 1060 1140 ἔχει·
1101 1073 1149 1122 αἱ
1174 1071 1261 1136 μὲν
1286 1072 1472 1142 γραφαὶ
1498 1072 1651 1139 ὀρθῶς

179 1183 226 1208 10
239 1157 486 1225 λέγουσιν,
528 1157 663 1210 ἄλλα
700 1157 760 1210 ἂν
792 1157 911 1231 [fors.
930 1157 1044 1208 ἀλλ’
1073 1155 1315 1230 ἀνοήτως]
1345 1158 1422 1209 καὶ
1459 1155 1650 1223 Νόητος

238 1265 345 1296 νοει.

235 1326 462 1393 ἔκβλητοι
501 1331 550 1379 αἱ
591 1329 791 1398 γραφαί.

423 1244 531 1295 Οὐκ
567 1242 658 1308 ἤδη
696 1241 745 1294 δὲ
781 1247 820 1294 εἰ
860 1243 1050 1308 Νόητος
1087 1239 1153 1306 μὴ
1193 1247 1302 1306 νοεῖ,
1337 1241 1470 1312 παρὰ
1506 1248 1649 1295 τοῦτο

875 1328 963 1382 Τίς
997 1324 1094 1394 γὰρ
1135 1328 1220 1379 οὐκ
1263 1328 1357 1395 ἐρεῖ
1397 1327 1479 1379 ’ἕνα
1522 1326 1650 1380 Θεὸν

257 1409 277 1431 ς
454 1413 465 1428 »
541 1411 552 1427 ι
626 1412 637 1427 »
725 1410 737 1427 κ
845 1415 855 1430 ,
1016 1411 1028 1428 t
1141 1413 1152 1428 2
1279 1410 1291 1428 t
1453 1410 1474 1429 Ἰ

234 1434 383 1475 ειναι;
437 1418 540 1463 αλλ
586 1435 641 1464 ου
685 1435 773 1477 την
815 1434 1084 1475 οικονομιαν
1125 1434 1385 1479 αναιρησει.
1478 1415 1650 1468 Οντως

234 1494 320 1561 μὲν
349 1497 433 1550 οὖν
466 1495 526 1549 τὰ
561 1495 801 1566 κεφάλαια
835 1496 911 1549 διὰ
942 1495 1199 1570 [fors.8150]
1229 1503 1380 1549 ταῦτα
1416 1497 1650 1566 πρότερον

175 1603 222 1643 15
235 1582 306 1632 δεῖ
330 1582 659 1650 ἀνατραπῆναι
693 1581 814 1635 κατὰ
839 1580 924 1635 τὸν
950 1583 1136 1635 ἐκείνων
1163 1587 1294 1646 νοῦν,
1323 1581 1444 1634 κατὰ
1479 1582 1527 1634 δὲ
1561 1582 1648 1649 τὴν

235 1664 462 1732 ἀλήθειαν
487 1668 739 1736 δειχθῆναι.

818 1666 1064 1736 Πρότερον
1090 1666 1186 1735 γὰρ
1212 1666 1362 1722 ὅντως
1385 1668 1520 1720 ἐστὶν
1543 1670 1643 1733 διη-

235 1749 500 1818 γήσασθαι,
522 1751 593 1804 ὅτι
618 1749 682 1807 εἷς
700 1751 823 1809 Θεὸς
842 1754 868 1804 ὁ
886 1751 1079 1821 Πατὴρ,
1101 1750 1184 1820 *ἐξ
1209 1752 1264 1804 οὗ
1289 1756 1429 1804 πᾶσα
1453 1752 1645 1821 πατριὰ,

237 1843 250 1867 ‘
272 1835 329 1888 δι’
351 1836 406 1888 οὗ
431 1835 492 1889 τὰ
515 1834 687 1900 πάντα,
706 1835 765 1905 ἐξ
789 1837 844 1890 οὗ
868 1836 928 1890 τὰ
952 1835 1131 1901 πάντα,
1154 1839 1230 1889 καὶ
1259 1837 1388 1903 ἡμεῖς
1411 1839 1461 1889 ἐν
1486 1838 1643 1909 usn-<535

233 2012 465 2059 Theodotus,
503 2025 622 2063 quum
660 2012 776 2051 vellet
822 2026 909 2063 pro-

232 2067 323 2105 bare
361 2066 559 2105 Christum
596 2079 677 2105 esse
714 2066 910 2105 hominem

232 2120 389 2158 nudum.
450 2120 525 2159 Sed
554 2133 624 2158 nec
651 2120 720 2167 illi,
746 2133 817 2159 nec
844 2120 909 2160 isti

232 2174 442 2225 quidquam
497 2174 771 2213 intellexerunt
790 2188 801 2222 3
864 2179 910 2214 ut

232 2227 337 2279 ipsae
371 2228 591 2278 Scripturae
623 2228 815 2267 inscitiam
847 2241 910 2267 eo-

231 2294 317 2320 rum
345 2283 594 2334 redarguunt,
613 2295 710 2333 quae
736 2283 909 2321 testimo-

230 2336 339 2374 nium
353 2336 507 2375 veritati
522 2337 709 2375 tribuunt.
755 2336 906 2384 Videte,

230 2389 377 2437 fratres,
415 2391 609 2441 quomodo
648 2404 829 2442 praeceps
868 2396 907 2430 et

229 2445 356 2482 audax
403 2445 545 2495 dogma
595 2445 905 2492 introduxerunt,

229 2511 350 2549 quum
386 2499 630 2550 impudenter
662 2500 781 2546 aiunt,
816 2500 907 2551 Ipse

231 2552 407 2592 Christus
433 2558 491 2592 est
511 2553 635 2601 Pater,
655 2554 736 2604 ipso
758 2554 880 2592 Filius
896 2568 906 2601 ;

229 2606 311 2657 ipse
339 2620 472 2657 passus
497 2613 566 2654 est,
590 2607 672 2658 ipse
697 2621 737 2646 se
766 2608 907 2646 exeita-

229 2660 287 2700 vit,
305 2674 328 2698 a
347 2661 518 2700 mortuis.
577 2660 634 2700 At,
653 2675 729 2700 non
749 2662 803 2700 sic
822 2667 880 2700 est
897 2676 904 2700 :

229 2720 333 2754 recte
370 2715 472 2753 enim
509 2715 644 2754 dieunt
674 2715 905 2766 Scripturae,

229 2769 296 2807 sed
324 2769 399 2807 alia
418 2769 570 2807 Noetus
598 2769 790 2820 intelligit.
850 2770 906 2808 At

491 2892 503 2906 ὃ
522 2885 642 2927 Ephes.
663 2885 706 2917 iii.
729 2895 776 2925 15.

965 2027 1042 2051 non
1062 2014 1152 2064 quia
1173 2013 1324 2052 Noetus
1348 2027 1424 2051 non
1449 2014 1643 2064 intelligit,

964 2067 1107 2106 idcireo
1133 2067 1354 2118 Scripturae
1384 2069 1644 2118 repudiandae

965 2126 1065 2160 sunt.
1143 2121 1240 2170 Quis
1277 2122 1381 2160 enim
1423 2136 1501 2160 non
1542 2123 1644 2162 dicet

965 2188 1086 2213 unum
1111 2175 1239 2214 Deum
1267 2177 1376 2214 esse?
1407 2190 1484 2215 non
1513 2181 1643 2216 tamen

966 2230 1148 2268 continuo
1186 2230 1459 2277 oeconomiam,
1494 2230 1534 2268 id
1572 2237 1642 2279 est,

965 2283 1278 2331 incarnationem,
1317 2285 1482 2335 negabit.
1562 2285 1643 2324 Pri-

963 2351 1070 2376 mum
1103 2338 1225 2388 igitur
1257 2344 1411 2389 oportet
1444 2340 1641 2379 confutare

963 2392 1118 2443 quidem
1151 2392 1245 2430 haec
1275 2393 1400 2444 capita
1430 2394 1640 2432 secundum

963 2459 1116 2484 sensum
1135 2446 1290 2485 illorum
1307 2461 1318 2494 ς
1342 2447 1534 2486 declarare
1549 2462 1640 2487 vero

962 2514 1006 2539 ea
1043 2501 1253 2539 secundum
1286 2502 1499 2540 veritatem.
1560 2503 1640 2541 Pri-

962 2568 1068 2592 mum
1103 2555 1205 2593 enim
1237 2569 1279 2593 re
1310 2569 1399 2593 vera
1432 2561 1490 2595 est
1523 2570 1640 2608 expo-

963 2621 1053 2647 nere
1074 2609 1227 2647 Patrem
1253 2622 1334 2647 esse
1359 2623 1479 2647 uuum
1500 2610 1638 2658 Deum,

963 2677 1008 2700 ecc
1035 2676 1110 2712 quo
1138 2664 1264 2701 manis
1288 2664 1543 2713 paternita8²²‚
1567 2679 1640 2715 per

961 2730 1072 2766 quem
1100 2718 1243 2763 wamia,
1264 2723 1297 2755 et
1321 2731 1366 2755 ea:
1393 2732 1468 2768 quo
1491 2720 1636 2768 omnia,

961 2777 994 2808 et
1012 2785 1082 2808 nos
1100 2771 1146 2808 in
1163 2771 1246 2820 ipso
1259 2774 1285 2808 ⁶¹.

1145 2887 1157 2908 ι’
1181 2898 1191 2918 ι
1208 2888 1282 2919 Cor.
1298 2889 1365 2920 viii.
1380 2888 1411 2920 6.
