2034 3204
232 1364 299 1395 CA
308 1363 344 1394 P.

200 1407 379 1438 XXXIX.

188 1451 310 1493 Ephes.
329 1451 373 1482 vi.

192 1505 205 1569 1¹
214 1505 300 1570 ²(bor.
319 1538 363 1569 xi.

194 1591 242 1624 ¹9·

403 231 489 272 154
887 229 1334 271 TERTULLIANI

401 351 449 390 et
484 344 630 404 primi
665 350 713 389 et
747 360 806 390 ex
842 345 974 404 ipsis,
1013 359 1159 404 quam
1192 344 1299 389 illos
1336 358 1429 388 non
1467 342 1697 396 intulisse,
1729 342 1814 402 qui

401 429 514 468 sunt
539 428 586 467 et
614 422 794 481 posteri
826 428 874 467 et
905 421 1108 467 adversi.
1179 419 1322 466 Alius
1355 435 1503 465 manu
1528 419 1814 479 Scripturas,

401 500 524 545 alius
562 514 729 545 sensus
769 498 1068 558 expositione
1105 497 1392 543 intervertit.
1477 495 1648 556 Neque
1686 496 1814 542 enim

403 578 442 622 si
483 576 769 622 Valentinus
805 577 992 637 integro
1027 576 1347 621 instrumento
1381 575 1456 621 uti
1491 575 1695 629 videtur,
1720 590 1815 620 non

403 654 646 699 callidiore
699 653 893 715 ingenio
950 667 1096 713 quam
1148 652 1368 698 Marcion
1412 668 1594 702 ,manus
1648 651 1852 700 intulit5

404 731 613 777 veritati.
685 731 905 777 Marcion
930 731 1058 776 enim
1082 736 1266 775 exserte
1290 736 1337 775 et
1366 731 1526 790 palam
1551 730 1815 785 machaera,

405 825 501 855 non
548 811 670 869 stylo
715 824 832 854 usus
879 814 965 861 est,
1009 808 1238 868 quoniam
1284 809 1344 854 ad
1383 808 1634 854 materiam
1680 823 1817 853 suam

406 888 599 932 caedem
638 887 995 946 Scripturarum
1035 886 1251 932 confecit.
1323 885 1612 931 Valentinus
1656 891 1815 931 autem

406 964 632 1024 pepercit,
657 964 885 1024 quoniam
918 979 1012 1009 non
1046 965 1107 1009 ad
1140 963 1391 1009 materiam
1424 963 1711 1023 Scripturas,
1736 965 1817 1009 sed

408 1043 659 1088 materiam
689 1044 748 1088 ad
779 1042 1053 1102 Scripturas
1083 1042 1405 1104 excogitavit3
1443 1048 1491 1087 et
1521 1049 1680 1087 tamen
1710 1043 1819 1101 plus
1837 1060 1885 1085 10

407 1121 608 1167 abstulit
631 1127 680 1166 et
702 1122 811 1180 plus
843 1121 1032 1181 adjecit,
1057 1121 1275 1166 auferens
1307 1119 1623 1179 proprietates
1655 1119 1818 1181 singu-

407 1202 563 1245 lorum
600 1215 790 1259 quoque
831 1200 1096 1252 verborum,
1133 1206 1179 1244 et
1218 1198 1447 1260 adjiciens
1483 1198 1819 1258 dispositiones

410 1294 502 1323 non
529 1277 909 1338 comparentium
934 1293 1109 1323 rerum.

480 1356 614 1401 Haec
644 1362 759 1402 sunt
787 1355 981 1416 ingenia
1008 1357 1067 1401 de
1097 1354 1395 1415 spiritalibus
1431 1354 1688 1415 nequitiae,
1711 1370 1818 1400 cum

409 1434 586 1494 quibus
627 1433 826 1479 luctatio
868 1439 940 1478 est
980 1431 1131 1484 nobis,
1168 1431 1354 1485 fratreS,
1395 1430 1567 1476 merito
1613 1437 1884 1484 contem-15

409 1513 615 1572 planda3
652 1509 760 1556 fidei
795 1509 1072 1561 necessaria,
1101 1515 1157 1555 ut
1189 1508 1325 1554 electi
1357 1508 1737 1561 manifestentur,
1766 1514 1822 1554 ut

409 1589 598 1649 reprobi
645 1590 942 1649 detegantur.
1032 1588 1101 1633 Et
1147 1588 1252 1633 ideo
1301 1586 1477 1632 habent
1525 1586 1634 1639 vim,
1677 1592 1725 1631 et
1769 1586 1820 1631 in

407 1667 734 1728 excogitandis
759 1665 1146 1725 instruendisque
1165 1663 1405 1710 erroribus
1429 1663 1706 1709 felicitatem
1725 1678 1821 1709 non

408 1746 526 1791 adeo
559 1745 841 1798 mirandam,
867 1743 1006 1804 quasi
1039 1740 1280 1788 difficilem
1316 1750 1367 1787 et
1400 1741 1818 1801 inexplicabilem3

408 1838 559 1883 quum
595 1824 654 1868 de
689 1821 1010 1867 saecularibus
1046 1835 1235 1880 quoque
1270 1818 1518 1879 scripturis
1549 1821 1821 1879 exemplum
1838 1833 1887 1859 20

408 1907 599 1960 praesto
634 1899 698 1945 sit
730 1898 966 1960 ejusmodi
997 1897 1276 1950 facilitatis3
1316 1911 1413 1956 quo
1438 1896 1521 1956 jus
1546 1893 1700 1958 [fors.
1725 1911 1822 1955 quo

409 1976 540 2022 vides
579 1975 717 2023 Con-3.
755 1974 934 2035 notam]
978 1974 1118 2020 hodie
1165 1989 1223 2019 ex
1259 1972 1469 2035 Virgilio
1509 1973 1725 2019 fabulam
1771 1972 1822 2018 in

409 2061 563 2100 totum
611 2054 756 2100 aliam
808 2052 1042 2113 componi,
1093 2051 1293 2097 materia
1339 2051 1596 2097 secundum
1645 2066 1821 2112 versus

411 2133 625 2178 versibus
653 2133 911 2178 secundum
942 2130 1191 2177 materiam
1221 2129 1530 2176 concinnatis·
1601 2128 1822 2189 Denique

414 2214 646 2261 Hosidius
679 2214 802 2261 Geta
828 2214 1048 2260 Medeam
1085 2213 1381 2275 tragoediam
1405 2228 1463 2258 ex
1487 2211 1698 2274 Virgilio
1726 2213 1823 2270 ple-
1838 2227 1886 2265 25

409 2293 607 2339 nissime
630 2292 838 2339 exsuxit.
888 2292 1028 2337 Meus
1047 2291 1245 2351 quidam
1265 2290 1562 2350 propinquus
1580 2305 1639 2336 ex
1658 2290 1821 2335 eodem

411 2371 565 2431 poeta,
604 2370 728 2416 inter
762 2376 918 2415 cetera
953 2369 1063 2430 styli
1101 2369 1176 2415 sui
1212 2368 1326 2423 otia,
1364 2367 1590 2413 Pinacem
1631 2366 1822 2413 Cebetis

411 2448 653 2509 explicuit.
743 2447 1201 2493 Homero-centonas
1248 2446 1392 2492 etiam
1442 2460 1608 2491 vocare
1654 2446 1820 2499 solent,

411 2526 494 2587 qui
520 2527 579 2572 de
607 2525 900 2572 carminibus
930 2525 1127 2571 Homeri
1158 2524 1350 2585 propria
1378 2539 1520 2584 opera.
1551 2538 1682 2569 more
1716 2538 1822 2569 cen-

415 2604 602 2650 tonario
641 2618 699 2650 ex
743 2603 907 2650 multis
950 2602 1059 2649 hinc
1101 2603 1211 2648 inde
1257 2601 1532 2662 compositis
1578 2601 1628 2647 in
1671 2615 1819 2647 unum
1835 2618 1886 2655 30

415 2681 629 2728 sarciunt
652 2696 836 2741 corpus.
910 2681 976 2727 Et
1009 2681 1173 2741 utique
1206 2679 1482 2727 foecundior
1508 2678 1672 2726 divina
1696 2678 1821 2724 litte-

418 2767 580 2805 ratura
627 2761 684 2805 ad
730 2760 1001 2805 facultatem
1045 2759 1370 2820 cujuscunque
1411 2756 1647 2803 materiae.
1722 2754 1820 2800 Nec

417 2838 657 2895 periclitor
681 2837 848 2888 dicero,
876 2838 1000 2896 ipsas
1025 2852 1212 2897 quoque.
1238 2836 1508 2895 Scripturas
1532 2834 1598 2879 sic
1631 2849 1730 2878 esse
1763 2848 1816 2878 cx
