2034 3204
415 221 502 262 236
931 223 1305 265 FIRMILIANI

416 329 640 375 haeretici
689 336 850 392 agant,
886 332 969 390 qui
1010 332 1098 377 etsi
1137 332 1186 377 in
1223 332 1509 391 quibusdam
1551 331 1816 377 minoribus

415 407 700 467 discrepant,
719 408 769 453 in
794 424 849 454 eo
873 416 1032 455 tamen
1057 411 1184 469 quod
1203 416 1274 455 est
1298 409 1579 465 maximum,
1595 425 1745 455 unum
1769 416 1816 455 et

415 486 618 530 eundem
653 501 935 532 consensum
970 491 1148 539 tenent,
1173 492 1228 532 ut
1264 486 1592 546 blasphement
1623 486 1818 533 Creato-

415 578 532 618 rem,
567 564 801 622 quaedam
841 563 1028 609 somnia
1067 563 1161 608 sibi
1197 569 1244 608 et
1283 563 1622 622 phantasmata
1661 563 1816 626 ignoti

415 639 507 685 Dei
541 639 863 702 confingentes
889 655 898 685 :
946 655 1066 700 quos
1102 640 1271 700 utique
1310 656 1600 700 consequens
1639 647 1712 686 est
1748 640 1815 687 sic
1829 653 1853 692 5

414 719 679 764 consentire
713 719 764 764 in
799 718 1028 778 baptismi
1062 719 1138 764 sui
1173 718 1400 772 vanitate,
1423 725 1480 764 ut
1513 719 1817 765 consentiunt

413 795 464 840 in
500 795 795 854 repudianda
828 795 1097 842 divinitatis
1122 795 1334 842 veritate.
1405 795 1479 841 De
1501 795 1677 855 quibus
1700 811 1818 856 quo-

412 872 543 917 niam
568 874 766 934 longum
798 879 870 918 est
901 873 962 918 ad
995 872 1186 935 singula
1209 888 1388 929 eorum,
1414 874 1488 918 vel
1521 872 1718 919 scelesta
1741 874 1816 919 vel

411 965 705 1009 supervacua
743 951 1038 1010 respondere,
1076 950 1193 996 satis
1237 957 1309 997 est
1355 950 1561 996 breviter
1599 949 1720 996 illud
1765 949 1817 995 in

411 1027 691 1087 compendio
713 1027 880 1082 dicere,
906 1043 985 1074 eos
1009 1028 1094 1088 qui
1118 1044 1214 1074 non
1240 1035 1435 1075 teneant
1457 1043 1625 1074 verum
1649 1027 1817 1074 Domi·
1833 1045 1881 1071 10

411 1121 527 1151 num
553 1105 764 1162 Patrem,
783 1112 943 1152 tenere
967 1121 1063 1152 non
1086 1121 1223 1167 posse
1246 1121 1331 1152 nec
1357 1106 1472 1152 Filii
1495 1121 1580 1152 nec
1606 1105 1815 1166 Spiritus

411 1183 575 1229 Sancti
598 1183 865 1229 veritatem.
922 1183 1194 1230 Secundum
1217 1185 1346 1244 quod
1369 1183 1515 1230 etiam
1538 1183 1610 1229 illi
1624 1183 1710 1243 qui
1724 1183 1816 1230 Ca-

410 1262 675 1324 taphrygas
704 1263 1019 1321 appellantur,
1043 1267 1091 1307 et
1114 1276 1262 1308 novas
1285 1261 1560 1322 prophetias
1584 1275 1816 1321 usurpare

409 1346 656 1393 conantur,
692 1355 776 1385 nec
813 1339 1008 1385 Patrem
1042 1346 1243 1398 possunt
1278 1339 1464 1392 habere,
1496 1354 1582 1384 nec
1617 1338 1814 1393 Filium,

410 1432 494 1462 nec
519 1416 780 1478 [Spiritum
806 1416 1063 1472 Sanctum3
1113 1414 1216 1462 Vid.
1233 1415 1351 1477 not]
1369 1432 1398 1462 a
1412 1416 1588 1476 quibus
1612 1415 1654 1462 si
1671 1431 1816 1476 quae·
1831 1421 1879 1461 15

409 1509 571 1540 ramus
594 1506 736 1554 quem
755 1494 1002 1540 Christum
1028 1494 1314 1554 praedicent,
1328 1495 1683 1554 respondebunt
1705 1510 1815 1540 eum

409 1588 459 1617 se
494 1572 766 1632 praedicare
797 1572 880 1632 qui
917 1571 1101 1618 miserit
1129 1571 1381 1632 Spiritum,
1405 1587 1490 1632 per
1526 1572 1814 1618 Montanum

407 1657 455 1695 et
482 1650 694 1696 Priscam
717 1651 943 1696 locutum.
1016 1650 1074 1695 In
1097 1649 1272 1709 quibus
1290 1665 1439 1710 quum
1464 1649 1816 1696 animadverta-

409 1743 515 1774 mus
551 1743 646 1773 non
676 1727 893 1773 veritatis
925 1727 1161 1787 Spiritum
1197 1729 1278 1773 sed
1314 1727 1486 1773 erroris
1520 1726 1682 1780 fuisse,
1706 1743 1815 1790 cog-

410 1805 648 1851 noscimus
671 1820 751 1851 eos
776 1805 860 1865 qui
883 1804 1055 1850 falsam
1092 1804 1284 1851 illorum
1316 1804 1618 1865 prophetiam
1650 1811 1815 1853 contra
1829 1817 1878 1843 20

408 1882 591 1929 Christi
616 1882 758 1929 fidem
783 1883 1044 1937 vindicant,
1070 1882 1319 1929 Christum
1344 1883 1519 1929 habere
1544 1898 1639 1929 non
1662 1898 1812 1943 posse.

409 1962 505 2007 Sed
529 1967 578 2007 et
602 1960 744 2007 ceteri
769 1961 949 2021 quique
985 1959 1227 2015 haeretici,
1251 1961 1291 2006 si
1324 1975 1373 2006 se
1397 1960 1458 2006 ab
1482 1960 1699 2007 Ecclesia
1721 1961 1813 2008 Dei

408 2037 650 2091 sciderint,
666 2037 789 2083 nihil
813 2038 988 2083 habere
1011 2037 1261 2097 potestatis
1285 2044 1370 2083 aut
1392 2037 1577 2099 gratiae
1599 2045 1814 2098 possunt,

407 2116 600 2175 quando
623 2114 777 2161 omnis
813 2121 1022 2175 potestas
1054 2121 1101 2161 et
1134 2115 1288 2177 gratia
1315 2115 1363 2161 in
1389 2114 1602 2162 Ecclesia
1637 2115 1814 2163 consti-

408 2198 512 2239 tuta
548 2193 625 2247 sit,
651 2193 732 2238 ubi
770 2192 1041 2253 praesident
1065 2193 1267 2254 majores
1299 2199 1432 2247 natu,
1457 2194 1540 2253 qui
1576 2200 1622 2240 et
1660 2193 1813 2254 bapti·
1828 2209 1876 2248 25

408 2269 551 2315 zaudi
581 2276 629 2315 et
659 2284 854 2315 manum
891 2268 1165 2329 imponendi
1200 2277 1248 2315 et
1283 2270 1535 2317 ordinandi
1570 2271 1814 2331 possident

408 2353 704 2407 potestatem.
779 2345 824 2391 H
830 2345 1034 2393 aeretico
1050 2346 1177 2392 enim
1197 2346 1320 2393 sicut
1338 2347 1557 2395 ordinare
1575 2364 1669 2395 non
1688 2349 1812 2405 licet,

407 2440 492 2471 nec
528 2439 723 2470 manum
761 2422 1014 2482 imponere,
1045 2423 1114 2469 ita
1150 2439 1233 2469 nec
1270 2424 1530 2484 baptizare,
1561 2441 1645 2472 nec
1680 2426 1812 2486 quic-

405 2518 549 2563 quam
580 2508 740 2548 sancte
777 2517 860 2547 nec
896 2501 1177 2561 spiritaliter
1198 2517 1376 2563 gerere,
1400 2503 1593 2562 quando
1627 2503 1810 2551 alienus

405 2580 468 2626 sit
510 2595 538 2625 a
578 2578 783 2639 spiritali
831 2585 879 2624 et
918 2577 1086 2625 deifica
1131 2578 1396 2625 sanctitate.
1467 2579 1607 2634 Quod
1655 2586 1806 2628 totum
1823 2602 1874 2639 30

407 2673 492 2703 nos
520 2658 623 2718 jam
660 2656 843 2717 pridem
881 2656 930 2702 in
962 2655 1136 2711 Iconio,
1161 2656 1245 2717 qui
1284 2656 1522 2720 Phrygiae
1558 2659 1686 2705 locus
1720 2664 1808 2713 est,

405 2734 587 2781 collecti
625 2734 673 2780 in
709 2749 876 2789 unum,
899 2733 1290 2782 convenientibus
1325 2750 1383 2781 ex
1420 2735 1613 2782 Galatia
1646 2742 1694 2782 et
1729 2736 1809 2783 Ci-

408 2812 515 2859 licia
549 2819 598 2859 et
631 2812 799 2858 ceteris
835 2812 1065 2872 proximis
1101 2812 1392 2875 regionibuS‚
1423 2812 1806 2860 confirmavimus
