2034 3204
212 482 299 513 lis-ai.
318 482 396 514 lviii.

213 535 240 565 7.

207 1335 305 1367 Prov.
317 1337 383 1368 xxi.

206 1495 361 1525 —13.

208 1952 259 1984 Pu,
277 1953 331 1985 xli.
353 1964 377 1984 ι,

204 2343 290 2376 Dan.
308 2356 336 2376 v.
359 2356 370 2376 2
380 2355 404 2385 7,

431 206 516 250 298
934 206 975 249 S.
1011 207 1326 250 OYPRIANI

431 315 551 361 iram
591 315 681 361 Dei
721 332 857 375 posse
904 318 1067 372 lenire,
1106 318 1156 364 in
1194 317 1453 364 novissima
1494 324 1652 363 tamen
1699 324 1834 377 parte

429 393 759 438 demonstrans
795 394 906 439 solis
941 395 1250 455 eleemosynis
1282 394 1441 440 Deum
1472 409 1607 453 posse
1639 395 1833 454 placari,

430 470 629 523 addidit,
676 471 852 524 dicem,
898 470 1087 533 Franqe
1131 471 1352 517 esurienti
1394 486 1559 533 panem
1607 477 1746 525 tuum,
1793 477 1834 517 et

429 562 591 610 eqenos
626 547 726 592 sine
763 553 874 593 tecto
911 547 1051 594 induc
1087 548 1139 594 in
1176 547 1358 594 domum
1401 554 1538 595 tuam.
1607 548 1667 596 Si
1711 548 1834 596 vide-

428 625 498 670 ris
533 623 719 678 nudum,
752 625 863 671 vesti
897 640 1011 679 eum,
1047 630 1089 671 et
1123 625 1388 672 domesticos
1421 626 1609 672 seminis
1642 627 1712 672 tui
1741 634 1870 673 non5

429 702 666 765 despicias.
742 701 787 748 T
784 718 872 748 unc
899 709 1102 765 erumpet
1134 709 1471 762 temporaneum
1507 702 1658 750 lumen
1690 709 1831 757 tuum,

428 787 469 827 et
492 781 753 827 vestimenta
783 786 861 826 tua
890 781 980 827 cito
1003 781 1224 836 orientur,
1250 788 1292 828 et
1319 780 1518 843 praeibit
1549 786 1653 827 ante
1677 787 1718 828 te
1729 781 1835 843 jus-

429 860 548 914 titia,
574 865 615 905 et
638 857 826 905 claritas
849 857 945 904 Dei
977 858 1277 905 circumdabit
1311 866 1365 906 te.
1441 858 1573 906 Tunc
1606 857 1835 906 eatclama-

427 935 509 989 bis,
533 942 575 982 et
597 934 727 982 Deus
751 935 966 982 ea‘audiet
996 942 1049 982 te.
1120 935 1248 983 Dum
1279 935 1428 984 adhuc
1460 935 1675 998 loqueris,
1699 935 1833 991 dicet,

427 1014 560 1068 Ecce,
586 1013 760 1060 adsum.
833 1014 1065 1060 Remedia
1099 1014 1404 1075 propitiando
1427 1014 1520 1060 Dei
1555 1014 1707 1074 ipsius
1740 1013 1832 1061 Dei
1850 1032 1898 1058 ιο

430 1091 585 1138 verbis
630 1093 745 1138 data
790 1098 915 1146 sunt,
951 1092 1067 1152 quid
1115 1092 1341 1138 deberent
1386 1092 1539 1138 facere
1587 1101 1833 1152 peccantes

428 1169 704 1232 magisteria
720 1169 887 1215 divina
904 1170 1181 1223 docuerunt,
1199 1169 1554 1229 operationibus
1567 1169 1714 1230 justis
1729 1169 1834 1216 Deo

426 1246 660 1301 satisfieri,
686 1247 1036 1293 misericordiae
1060 1246 1243 1294 meritis
1266 1254 1458 1307 peccata
1480 1247 1692 1309 purgari.
1763 1247 1833 1294 Et

426 1327 556 1385 apud
587 1325 889 1371 Salomonem
920 1324 1139 1387 legimus,
1167 1323 1398 1373 Conclude
1419 1323 1745 1386 eleemosynam
1781 1327 1832 1370 in

427 1402 563 1450 corde
591 1402 828 1465 pauperi&
853 1408 895 1448 et
925 1401 1035 1448 llaec
1054 1418 1143 1464 pro
1167 1408 1208 1448 te
1239 1401 1447 1449 &vorabit
1470 1401 1524 1448 ab
1548 1403 1675 1448 omni
1697 1401 1831 1450 malo.
1850 1422 1896 1461 15

428 1482 496 1527 Et
520 1481 724 1526 iterum:
762 1479 857 1538 Qui
887 1478 1069 1526 obturat
1092 1495 1230 1526 aures
1265 1496 1321 1527 ne
1350 1479 1511 1526 audiat
1545 1479 1831 1535 imbecillum,

425 1564 467 1605 et
491 1558 588 1620 ipse
612 1556 839 1604 invocabit
860 1556 1027 1611 Deum,
1053 1563 1094 1604 et
1125 1574 1217 1604 non
1249 1558 1337 1604 erit
1361 1558 1441 1620 qui
1472 1557 1693 1604 exaudiat
1715 1574 1830 1604 eum.

427 1636 593 1697 Neque
617 1636 746 1682 enim
769 1636 1027 1695 promereri
1052 1635 1424 1683 misericordiam
1442 1636 1637 1682 Domini
1657 1636 1831 1696 poterit

424 1714 507 1774 qui
532 1712 798 1759 misericors
830 1714 931 1772 ipse
963 1729 1059 1759 non
1082 1714 1244 1767 fuerit,
1269 1720 1354 1760 aut
1377 1714 1656 1773 impetrabit
1679 1715 1737 1760 de
1760 1714 1832 1759 di-

425 1792 539 1838 vina
562 1792 740 1851 pietate
763 1790 946 1850 aliquid
976 1790 1027 1836 in
1062 1791 1282 1851 precibus
1306 1791 1391 1851 qui
1415 1793 1474 1837 ad
1504 1806 1691 1851 precem
1714 1806 1832 1851 pau·
1847 1809 1897 1835 20

425 1870 553 1930 peris
584 1884 678 1914 non
711 1868 859 1915 fuerit
887 1868 1142 1915 humanus.
1212 1869 1352 1922 Quod
1388 1868 1502 1914 item
1539 1868 1590 1914 in
1625 1868 1831 1915 Psalmis

426 1947 634 2007 Spiritus
667 1947 870 1992 Sanctus
898 1947 1107 1992 declarat
1147 1953 1194 1992 et
1230 1947 1415 2007 probat,
1445 1946 1621 2002 dicens,
1657 1945 1832 1993 Beatus

425 2026 506 2088 qui
540 2023 754 2087 intelliqit
787 2038 928 2086 super
962 2039 1148 2087 eyenum
1180 2030 1222 2071 et
1246 2038 1512 2086 pauperem,
1537 2024 1587 2069 in
1612 2023 1687 2070 die
1709 2023 1832 2071 mala

423 2101 632 2150 liberabit
646 2118 745 2148 eum
765 2101 1009 2148 Dominus
1040 2103 1257 2156 Quorum
1273 2108 1630 2162 praeceptorum
1649 2117 1831 2148 memor

424 2181 613 2234 Daniel,
635 2195 783 2240 quum
820 2195 902 2225 rex
940 2179 1380 2226 Nabuchodonosor
1413 2181 1612 2226 adverso
1645 2179 1830 2226 somnio
1845 2199 1894 2238 25

424 2259 619 2306 territus
651 2263 904 2310 aestuaret,
938 2272 1025 2316 pro
1048 2256 1319 2303 avertendis
1351 2257 1489 2303 malis
1521 2258 1580 2302 ad
1614 2256 1828 2303 divinam

423 2351 559 2397 opem
599 2334 947 2394 impetrandam
985 2333 1246 2379 remedium
1290 2332 1434 2386 dedit,
1470 2332 1642 2386 dicens,
1676 2331 1831 2395 Prop-

423 2419 560 2467 terea,
584 2428 682 2466 φιν),
708 2409 947 2458 consilium
975 2426 1121 2457 meum
1152 2408 1332 2472 placeat
1361 2408 1458 2464 tibi,
1484 2416 1525 2456 et
1538 2416 1725 2472 peccata
1750 2416 1828 2457 tua

422 2489 715 2551 elecmosynis
750 2487 923 2535 redime
953 2493 1000 2533 et
1039 2486 1291 2548 injustitias
1321 2493 1422 2534 tuas
1458 2484 1829 2534 miserationibus

420 2584 688 2631 pauperum,
724 2572 765 2612 et
802 2567 890 2613 erit
933 2564 1060 2612 Deus
1093 2580 1289 2628 parcens
1324 2565 1520 2627 peccatis
1558 2565 1664 2611 tuis.
1735 2566 1824 2612 Cui
1841 2586 1892 2623 30

424 2663 502 2693 rex
531 2663 623 2692 nou
648 2646 979 2705 obtemperans
1003 2644 1200 2690 adversa
1223 2659 1345 2703 quae
1370 2643 1554 2690 viderat
1577 2649 1624 2689 et
1654 2642 1828 2690 infesta

425 2739 671 2783 1wrpessus
712 2729 798 2775 est,
837 2737 958 2781 (piae
999 2722 1197 2769 evadere
1233 2727 1278 2766 et
1319 2720 1469 2766 vitare
1507 2718 1754 2779 potuisset,
1785 2720 1825 2765 si

425 2808 610 2859 peccatu
637 2816 719 2845 seua
740 2798 1049 2858 eleemosynis
1076 2797 1361 2844 redemisset.
1404 2796 1616 2855 Raphael
1637 2811 1826 2856 quoque
