1988 3216
356 205 414 248 98
791 203 1325 246 TERTULLIANUS.

351 546 354 548 .
411 569 428 588 ⁸
457 561 517 599 De
536 561 694 600 Victore
713 575 748 600 c.
772 574 823 610 34
841 576 851 610 ;
877 563 925 600 de
946 562 1154 613 Apollonio
1174 566 1350 600 senatore
1370 562 1481 600 Rom.
1504 574 1533 599 e.
1558 573 1618 608 42.
1681 559 1768 597 FA-

359 626 594 665 BRICIUS.

332 710 336 713 »
413 690 432 719 b
462 692 651 730 Eusebius
671 691 814 730 Chron.
859 692 959 730 Vide
987 692 1086 729 infra
1114 697 1225 730 notas
1246 692 1299 729 H.
1323 691 1467 730 Gravii.
1509 691 1662 729 Africae
1681 703 1768 740 pro-

358 757 568 795 consularis
586 757 804 808 provinciae
827 762 953 807 caput,
972 762 1018 795 ut
1042 756 1287 795 notissimum
1306 762 1375 804 est,
1396 756 1600 807 Carthago,
1619 755 1770 794 Tertul-

358 822 451 860 liani
470 822 606 873 patria,
625 822 691 860 ubi
720 835 858 873 parens
883 822 964 872 ejus
983 826 1028 860 ut
1047 822 1221 860 centurio
1244 822 1315 860 sub
1334 821 1560 872 proconsule
1579 819 1769 871 stipendia
1783 825 1805 863 5

359 888 512 927 meruit.
546 887 701 925 FABR.

414 960 430 980 ⁰
449 953 606 992 Praeter
619 953 763 1004 scripta
774 953 1012 1000 Tertulliani,
1025 966 1123 1004 quae
1138 958 1303 1000 exstant,
1315 952 1421 990 fuere
1439 951 1536 989 liber
1547 951 1595 989 de
1607 949 1772 988 Animae

361 1018 634 1066 Submissione,
654 1018 751 1056 alius
773 1018 821 1057 de
848 1018 1129 1069 Superstitione
1150 1018 1310 1066 Saeculi,
1330 1023 1370 1056 et
1395 1017 1491 1055 alius
1519 1017 1567 1055 de
1587 1016 1710 1055 Carne
1733 1020 1772 1054 et

360 1083 515 1132 Anima,
535 1097 700 1134 quorum
727 1083 862 1122 titulos
890 1084 931 1121 in
959 1083 1228 1135 antiquissimo
1257 1083 1398 1122 Codice
1426 1081 1677 1134 Agobardino
1705 1080 1772 1118 Ri-

360 1149 502 1201 galtius
521 1149 664 1200 reperit
682 1163 689 1187 ε
718 1154 804 1188 tum
822 1149 920 1188 liber
939 1150 986 1188 de
999 1149 1075 1200 Spe
1091 1149 1294 1196 Fidelium,
1310 1148 1417 1200 cujus
1436 1147 1613 1186 meminit
1632 1147 1771 1185 Hiero·
1789 1164 1836 1188 10

360 1227 511 1265 nymus,
531 1227 657 1264 supra,
677 1226 709 1251 c.
735 1215 794 1261 18,
815 1218 854 1252 et
873 1214 920 1252 de
941 1213 979 1252 S.
1000 1214 1190 1253 Trinitate
1209 1213 1318 1265 Opus
1337 1214 1445 1265 cujus
1469 1213 1663 1264 epitomen
1691 1225 1772 1251 esse

362 1279 573 1318 Novatiani
600 1278 742 1317 librum
771 1279 943 1329 ejusdem
971 1279 1189 1331 argumenti
1219 1279 1394 1327 affirmat,
1415 1292 1448 1317 c.
1472 1288 1534 1328 70,
1555 1283 1594 1317 et
1611 1277 1700 1316 libri
1719 1277 1772 1316 vii

362 1345 411 1384 de
441 1344 601 1393 Ecstasi‚
632 1345 680 1383 de
713 1344 852 1395 quibus
890 1345 1058 1394 inferius,
1089 1345 1161 1384 hoc
1191 1345 1275 1396 ipso
1305 1344 1442 1396 capite.
1501 1345 1561 1383 De
1590 1343 1773 1383 Vestibus

362 1410 539 1457 Aaronis,
560 1423 629 1448 nee
647 1423 725 1448 non
748 1410 795 1448 de
815 1410 1060 1449 Animalibus
1082 1411 1236 1449 mundis
1261 1415 1300 1449 et
1324 1410 1544 1458 immundis,
1564 1414 1603 1449 et
1622 1409 1670 1448 de
1689 1409 1772 1448 Cir-

362 1476 605 1523 cumcisione,
636 1476 703 1525 sed
737 1481 777 1515 et
806 1476 855 1514 de
883 1476 1130 1528 Virginitate,
1159 1489 1324 1528 quorum
1357 1476 1628 1527 opusculorum
1657 1475 1773 1514 variis
1789 1479 1835 1517 15

364 1540 626 1591 Epistolarum
649 1554 806 1579 suarum
828 1541 920 1580 loeis
942 1541 1119 1581 meminit
1142 1541 1245 1580 idem
1271 1541 1546 1591 Hieronymus.
1604 1540 1658 1579 Et
1684 1553 1773 1579 eon-

363 1611 426 1646 tra
454 1606 725 1657 Apellicianos,
750 1607 977 1646 Vincentius
1009 1607 1136 1646 Lerin.
1163 1621 1244 1658 cap.
1277 1619 1327 1654 24
1354 1606 1663 1645 Commonitorii.
1721 1606 1775 1645 Et

364 1672 412 1711 de
432 1671 624 1719 Paradiso,
643 1672 802 1711 Tertull.
825 1686 855 1711 c.
879 1682 930 1722 55
951 1673 998 1711 de
1017 1672 1181 1711 Anima:
1217 1676 1226 1693 ‘
1240 1673 1371 1711 Habes
1391 1672 1507 1711 etiam
1527 1672 1574 1710 de
1593 1671 1774 1710 Paradiso

365 1740 374 1757 ‘
394 1750 417 1775 a
435 1737 545 1775 nobis
564 1737 747 1786 libellum,
767 1751 843 1789 quo
863 1734 1132 1777 constituimus
1155 1751 1308 1777 omnem
1327 1737 1494 1776 animam
1512 1736 1615 1788 apud
1633 1736 1774 1776 inferos

366 1806 375 1822 ‘
396 1803 628 1854 sequestrari
643 1803 682 1841 in
695 1803 798 1842 diem
814 1803 997 1842 Domini.'
1027 1804 1213 1855 Denique,
1228 1808 1273 1842 ut
1285 1803 1387 1842 idem
1399 1803 1480 1854 ipse
1493 1803 1614 1851 testis,
1629 1802 1775 1842 Graeca
1789 1812 1838 1837 20

365 1868 560 1919 opuscula,
579 1869 627 1907 de
648 1868 893 1919 Spectaculis,
909 1869 957 1908 de
979 1869 1190 1921 Baptismo,
1210 1869 1258 1908 de
1277 1868 1460 1908 Velandis
1478 1868 1716 1920 Virginibus,
1736 1872 1775 1907 et

365 1934 415 1973 de
434 1934 587 1973 Corona
605 1934 752 1974 Militis.
794 1935 950 1974 FABR.

421 1998 441 2027 ‘¹
470 2000 551 2039 MS.
570 2000 763 2039 Gemblac.
796 2000 1041 2049 Concordiae,
1056 2001 1195 2051 ορρὶάο
1213 2000 1365 2039 Italiae.
1415 1999 1479 2038 Ad
1498 2000 1599 2038 hunc
1615 1999 1774 2038 Paulum

367 2064 687 2105 concordiensem
709 2066 882 2118 Epistola
902 2066 1130 2117 Hieronymi
1151 2066 1230 2115 xxi,
1249 2067 1314 2105 dte.
1356 2065 1509 2104 FABR.

424 2138 441 2159 ⁶
470 2131 592 2170 Vetus
624 2145 761 2184 nempe
794 2132 895 2171 inter
924 2131 1142 2183 Aquileiam
1181 2136 1219 2171 et
1250 2131 1439 2180 Altinum,
1468 2145 1556 2179 non,
1585 2136 1630 2170 ut
1659 2130 1775 2182 vulgo
1791 2140 1838 2177 25

367 2196 623 2245 existimatur,
643 2197 882 2236 Mirandulae
902 2197 1070 2236 vicinum
1090 2197 1286 2249 oppidum.
1324 2197 1412 2236 Vid.
1434 2196 1557 2248 Epist.
1579 2196 1619 2234 in
1643 2200 1776 2235 nostra

368 2262 587 2301 recensione
602 2276 637 2301 x.
652 2262 1024 2311 VALLARSIUS„
1045 2262 1116 2314 Op.
1136 2263 1172 2302 S.
1192 2262 1420 2314 Hieronymi
1441 2262 1566 2302 editor
1584 2274 1762 2313 nuperus.

423 2327 438 2357 ¹
463 2328 607 2367 Mirum
645 2342 693 2367 ne
725 2329 842 2368 semel
872 2329 1028 2380 quidem
1058 2328 1337 2368 Tertullianum
1374 2328 1484 2367 citari
1521 2328 1561 2366 in
1592 2327 1774 2380 Cypriani

368 2394 522 2446 scriptis
540 2407 637 2446 quae
658 2400 822 2441 exstant,
843 2394 932 2434 lieet
954 2394 1224 2445 Hieronymus,
1246 2394 1421 2445 Epistola
1441 2395 1504 2443 65,
1525 2393 1640 2433 etiam
1661 2398 1774 2434 teste-

370 2464 436 2499 tur
465 2459 648 2511 Cypriani
681 2459 833 2511 scriptis
863 2459 1028 2510 probari,
1059 2459 1162 2511 quod
1194 2458 1431 2498 Tertulliano
1468 2458 1653 2510 magistro
1682 2472 1774 2499 usus
1787 2472 1840 2508 30

369 2524 495 2565 fuerit.
554 2525 628 2564 Pro
648 2525 714 2564 Da
731 2525 972 2575 omino-mm,
994 2524 1125 2563 Codex
1146 2523 1295 2563 Gembl.
1316 2529 1470 2564 tantum
1494 2524 1610 2564 habet
1633 2524 1775 2575 Μαρῶ-

369 2596 487 2638 Orwm,
517 2590 619 2643 quod
654 2590 821 2630 Suffrldo
860 2589 961 2629 Petri
994 2589 1147 2629 videtur
1183 2591 1482 2639 δμφατικώτερονε
1521 2603 1593 2642 ego
1630 2589 1775 2629 librarii

370 2654 568 2695 oscitantis
601 2654 806 2695 omissione
836 2654 1009 2694 voculam
1039 2654 1106 2693 Da
1137 2654 1267 2693 abesse
1304 2666 1381 2693 non
1413 2654 1559 2694 dubito.
1618 2653 1772 2694 FABR.

374 2721 552 2761 Fortasse
583 2721 692 2773 cujus
720 2721 981 2760 delectabatur
1011 2719 1176 2771 ingenio,
1207 2719 1372 2759 nominis
1404 2720 1592 2759 declinare
1624 2720 1774 2761 studuit

373 2785 567 2826 invidiam.
607 2785 868 2826 VALLARS.
1786 2794 1836 2832 35

426 2857 446 2887 t
474 2851 585 2890 Circa
612 2863 754 2889 annum
774 2850 917 2891 Christi
942 2860 1017 2899 205
1038 2856 1150 2891 natus
1176 2863 1296 2889 annos
1324 2850 1409 2902 plus
1437 2850 1563 2889 minus
1592 2851 1641 2889 xl.
1703 2851 1774 2890 Per
