2034 3204
408 227 495 271 394-

957 229 1263 271 CANONES

409 335 746 405 κηρυχθέντας,
774 338 851 388 καὶ
888 335 999 393 τοὺς
1035 336 1153 402 μετὰ
1190 343 1341 390 ταῦτα
1379 336 1460 407 ὑφ’
1487 337 1620 403 ἡμῶν
1645 337 1813 388 ἀναθε-

409 421 744 486 ματισθέντας·
797 420 919 491 πρὸς
957 421 1006 473 δὲ
1041 421 1239 486 τούτοις,
1265 423 1343 474 καὶ
1379 420 1490 478 τοὺς
1525 420 1614 487 τὴν
1650 422 1816 474 πίστιν

409 506 496 572 μὲν
535 506 623 571 τὴν
662 508 769 573 ὑγιῆ
813 505 1252 575 προσποιουμένους
1291 509 1560 573 ὁμολογεῖν,
1604 506 1814 576 ἀποσχί-

410 614 594 647 σαντας
632 591 680 643 δὲ
717 595 796 643 καὶ
833 590 1241 658 ἀντισυνάγοντας
1276 595 1374 647 τοῖς
1399 596 1659 647 κανονικοῖς
1683 592 1818 657 ἡμῶν

415 677 546 750 [fore.
565 680 851 732 κοινωνικοῖς
865 677 976 741 ἡμῖν
990 678 1237 748 Harduinus]
1260 676 1593 732 Ἐπισκόποις.
1613 675 1818 729 Ἔπειτα
1831 698 1854 738 5

411 762 460 815 δὲ
485 764 563 815 καὶ
579 762 622 814 εἴ
635 785 756 818 τινες
780 767 878 815 τῶν
894 764 989 815 ἀπὸ
1014 763 1410 829 τῆςΈκκλησιάς
1435 763 1510 815 ἐπὶ
1534 762 1700 816 αἰτίαις
1718 762 1818 814 τισὶ

409 847 886 917 προκατεγνωσμένοι
916 846 1003 900 εἶεν
1028 851 1105 900 καὶ
1130 846 1533 913 ἀποβεβλημένοι,
1560 845 1591 912 ἢ
1618 845 1816 898 ἀκοινώ-

411 957 558 999 νητοι,
577 933 664 985 εἴτε
683 932 778 985 ἀπὸ
794 933 994 1002 κλήρου,
1012 933 1099 986 εἴτε
1115 932 1211 986 ἀπὸ
1237 938 1406 985 λαϊκοῦ
1426 931 1684 999 τάγματος,
1702 929 1820 997 μηδὲ

409 1017 591 1074 τούτοις
629 1016 798 1086 ἐξεῖναι
839 1024 1118 1087 κατηγορεῖν
1154 1017 1475 1082 Ἐπισκόπου,
1516 1018 1629 1085 πρὶν
1666 1015 1726 1068 ἂν
1763 1014 1819 1069 τὸ

411 1106 578 1155 οἰκεῖον
597 1103 816 1170 ἔγκλημα
833 1101 1065 1172 πρότερον
1081 1102 1437 1156 ἀποδύσωνται·
1480 1101 1651 1167 ὁμοίως
1676 1099 1724 1152 δὲ
1743 1101 1819 1152 καὶ
1837 1125 1885 1150 10

409 1186 521 1243 τοὺς
547 1187 638 1241 ὑπὸ
665 1189 954 1257 κατηγορίαν
969 1193 1325 1256 προλαβοῦσαν
1341 1186 1481 1242 ὄντας
1505 1184 1571 1252 μὴ
1590 1185 1822 1255 πρότερον

411 1272 601 1329 δεκτοὺς
619 1277 682 1329 εὶς
696 1273 999 1326 Ἐπισκόπου
1025 1272 1316 1342 κατηγορίαν
1331 1271 1360 1338 ὴ
1382 1272 1551 1341 ἑτέρων
1567 1275 1820 1340 κληρικῶν,

409 1361 523 1428 πρὶν
547 1359 607 1411 ἂν
633 1358 816 1414 ἀθώους
844 1356 1038 1414 ἑαυτοὺς
1067 1363 1164 1411 τῶν
1189 1357 1489 1428 ἐπαχθέντων
1514 1358 1672 1412 αὐτοῖς
1697 1357 1818 1409 ἀπο-

411 1443 634 1513 δείξωσιν
652 1443 987 1511 ἐγκλημάτων.
1043 1447 1103 1496 Εὶ
1121 1443 1208 1509 μέν
1224 1466 1296 1496 τοι
1321 1442 1440 1499 τινὲς
1465 1441 1583 1508 μήτε
1602 1442 1822 1510 αἱρετικοὶ

411 1528 527 1595 μήτε
547 1529 853 1595 ἀκοινώνητοι
873 1526 975 1593 εἶεν,
991 1527 1108 1595 μήτε
1127 1527 1508 1595 κατεγνωσμένοι
1526 1526 1556 1593 ἢ
1576 1549 1818 1595 προκατη-
1838 1552 1885 1591 15

411 1614 663 1684 γορημένοι
700 1616 780 1667 ἐπί
811 1638 911 1668 τισι
947 1613 1354 1680 πλημμελήμασι,
1388 1619 1577 1680 λέγοιεν
1615 1610 1664 1663 δὲ
1701 1611 1821 1682 ἔχειν

411 1699 518 1753 τινὰ
535 1698 941 1766 ἐκκλησιαστικὴν
956 1698 1077 1751 κατὰ
1094 1705 1180 1751 τοῦ
1199 1697 1501 1751 Ἐπισκόπου
1518 1697 1820 1765 κατηγορίαν,

411 1784 608 1840 τούτους
641 1783 815 1836 κελεύει
840 1784 868 1849 ἡ
895 1785 1010 1851 ἁγία
1038 1782 1246 1839 Σύνοδος
1281 1788 1474 1853 πρῶτον
1502 1782 1590 1849 μὲν
1614 1782 1690 1834 ἐπὶ
1727 1786 1823 1834 τῶν

413 1873 498 1936 τῆς
515 1870 742 1940 ἐπαρχίας
768 1868 961 1922 πάντων
975 1867 1289 1922 Ἐπιο-κόπων
1304 1869 1585 1922 ἐνίστασθαι
1605 1865 1690 1923 τὰς
1706 1890 1819 1919 κατ-

414 2059 525 2110 ejecti
545 2062 646 2105 sunt,
666 2062 704 2096 et
724 2057 789 2108 qui
809 2062 899 2095 sunt
918 2061 1051 2108 postea
1069 2070 1092 2095 a

415 2113 526 2151 nobis
554 2111 891 2150 anathematizati:
926 2112 975 2149 ad
1000 2111 1091 2149 haec

415 2173 543 2206 autem
583 2171 622 2205 et
659 2179 734 2212 008,
773 2165 839 2216 qui
877 2179 918 2203 se
960 2179 1091 2203 sanam

414 2222 570 2273 quidem
593 2221 709 2258 fidem
735 2220 907 2258 confiteri
936 2233 1026 2271 prae
1052 2233 1092 2258 se

414 2277 553 2322 ferunt,
590 2274 711 2313 avulsi
754 2280 883 2312 autem
924 2279 1015 2313 sunt
1052 2279 1091 2312 ct

415 2330 582 2377 abscissi,
611 2334 650 2367 ct
680 2328 862 2366 adversus
890 2328 1091 2366 canonicos

415 2390 567 2423 nostros
606 2382 816 2434 Episcopus
853 2382 1091 2434 congregati-

416 2453 527 2477 onem
549 2437 701 2476 facium„
744 2437 943 2474 Praeterea
961 2442 1089 2475 autem

415 2500 454 2532 ct
483 2493 513 2531 si
544 2492 659 2543 aliqui
689 2504 821 2529 corum
847 2491 895 2528 al)
924 2490 1092 2529 Ecclesia

416 2548 465 2585 ol»
503 2547 648 2598 aliquas
686 2558 816 2583 causas
858 2545 964 2596 prius
1003 2558 1090 2583 con-

416 2601 597 2648 demnati,
627 2604 666 2638 ct
696 2599 817 2650 ejecti,
847 2599 905 2637 vcl
939 2613 1090 2638 excom-

417 2655 599 2694 municati
624 2654 777 2700 suerint,
797 2653 876 2691 sive
903 2667 952 2691 ex
978 2654 1090 2700 clcro,

416 2711 495 2747 nive
534 2723 581 2747 cx
619 2708 801 2746 laicorum
840 2707 984 2754 ordine,
1024 2721 1092 2746 nce

416 2764 470 2801 cia
502 2763 612 2801 liccrc
646 2762 877 2813 Episcopum
905 2775 1091 2809 accusare,

418 2818 637 2868 prinsquam
695 2816 891 2867 proprium
949 2816 1090 2854 crimen

417 2871 673 2909 ul·nm·1·m·=·int.
740 2869 925 2907 similitor
962 2875 1090 2909 mitem

1148 2061 1187 2095 et
1224 2069 1288 2095 eos
1327 2055 1392 2107 qui
1431 2056 1501 2094 sub
1538 2055 1666 2106 priore
1699 2055 1822 2094 adhuc

1147 2110 1386 2149 accusatione
1413 2110 1599 2157 laborant,
1619 2123 1696 2148 non
1716 2109 1822 2161 prius

1147 2165 1195 2203 ad
1225 2164 1405 2215 Episcopi
1432 2164 1491 2202 vel
1524 2164 1687 2202 aliorum
1715 2164 1823 2202 cleri-

1147 2233 1280 2257 corum
1326 2219 1605 2257 accusationem
1656 2218 1822 2266 admitti,

1146 2287 1262 2324 quam
1281 2286 1320 2311 se
1340 2274 1578 2323 objectorum
1603 2272 1675 2311 sibi
1696 2272 1822 2311 crimi-

1147 2341 1239 2365 num
1259 2327 1428 2365 insontes
1448 2327 1696 2366 ostenderint.
1747 2326 1822 2365 Sed

1146 2382 1178 2420 si
1199 2381 1371 2420 nonnulli
1388 2395 1456 2419 nec
1472 2380 1651 2419 haeretici
1671 2394 1740 2419 nec
1756 2394 1821 2419 ex—

1146 2435 1415 2474 connnunicati
1441 2435 1594 2483 fuerint,
1619 2448 1688 2473 nec
1716 2434 1822 2486 prius

1147 2490 1328 2537 damnati,
1358 2489 1418 2527 vcl
1448 2489 1664 2541 aliquorum
1695 2488 1821 2527 crimi-

1146 2558 1238 2582 num
1267 2544 1443 2590 accusati,
1466 2543 1596 2582 dicant
1623 2547 1753 2582 autem
1781 2556 1821 2582 se

1147 2598 1284 2637 habore
1345 2598 1616 2636 ecclesiasticas
1676 2597 1822 2648 aliquas

1145 2653 1327 2691 advorsus
1365 2652 1599 2703 Episcopum
1645 2651 1822 2689 crimina-

1148 2707 1282 2753 tiones,
1312 2720 1376 2745 cos
1401 2707 1513 2757 jubet
1541 2710 1672 2744 sancta
1701 2705 1822 2756 Syno-

1147 2762 1229 2806 ‹lus‚
1250 2761 1417 2812 primum
1436 2760 1591 2811 quidem
1610 2760 1711 2810 apud
1734 2771 1821 2810 pro-

1149 2815 1292 2853 vinciae
1314 2815 1522 2866 Episcopos
1542 2814 1819 2853 accusationem

1148 2869 1355 2913 intendet-c,
1376 2874 1414 2907 et
1437 2869 1537 2919 apud
1568 2881 1631 2906 cos
1659 2868 1820 2919 probaro
