1988 3216
425 267 481 307 40
642 267 937 310 ANNOTAT.
970 269 1034 310 IN
1066 269 1282 311 FRAGM.
1317 269 1621 312 EPISTOLAE

425 379 434 395 ‘
457 373 605 429 quibus
644 374 780 430 potior
818 376 935 425 fides,
983 376 1254 418 consentiunt.
1332 376 1546 433 Quidquid
1594 376 1660 426 sit,
1707 375 1837 418 Flori-

424 436 435 453 ‘
457 445 534 473 nus
569 431 733 474 Irenaei
767 433 996 475 rationibus
1030 440 1073 475 et
1111 433 1367 490 argumentis
1401 434 1546 486 victus,
1583 449 1666 475 non
1696 439 1836 476 tamen

424 495 433 511 ‘
456 488 677 539 convictus,
710 505 763 532 ne
803 491 898 533 hinc
938 492 1073 533 Deum
1113 491 1246 548 ipsum
1282 497 1493 534 auctorem
1533 491 1631 534 mali
1664 491 1834 541 faceret,

424 553 434 569 ⁶
456 546 566 588 illinc
590 562 690 590 vero
713 563 740 590 a
768 549 975 605 μοναρχίᾳ,
1004 563 1128 605 quam
1161 549 1360 591 hactenus
1389 555 1742 606 propugnaverat,
1763 549 1835 591 de-

423 611 432 627 ‘
455 603 607 657 ficiens,
638 620 731 648 cum
764 607 954 649 Cerdone
985 613 1028 649 et
1062 605 1276 648 Marcione
1306 607 1510 663 duplicem
1546 608 1683 649 Deum
1716 607 1835 649 indu·
1849 617 1872 655 5

422 667 434 686 ‘
457 668 584 712 ceret,
621 663 812 713 mediam,
844 670 891 706 ut
925 664 1002 706 sibi
1036 664 1267 715 videbatur,
1298 664 1409 706 inter
1443 670 1665 721 utrumque
1697 669 1834 706 extre-

423 725 433 743 ‘
454 734 566 762 mum
613 720 824 764 Valentini
873 722 1120 764 sententiam
1163 721 1390 778 amplexuS,
1431 737 1524 764 cum
1564 736 1613 764 eo
1652 722 1834 764 insanire

422 783 433 800 ‘
454 777 614 828 maluit,
634 793 759 835 quam
780 794 873 821 cum
895 779 1118 822 Catholicis
1137 794 1297 836 sapere.
1345 780 1487 831 Quare
1508 780 1706 822 Irenaeus
1725 779 1833 822 illius

421 841 431 858 ‘
453 835 597 878 salutis
626 851 789 893 semper
814 837 1021 887 sollicitus,
1043 851 1219 893 eumque
1240 851 1264 879 e
1283 852 1389 879 novo
1408 837 1490 887 illo,
1511 837 1555 879 in
1575 837 1687 893 quod
1712 852 1833 894 prae-

421 898 433 918 ‘
455 907 551 949 ceps
572 908 616 935 se
630 894 816 943 dederat,
834 895 1034 937 barathro
1055 895 1278 937 extrahere
1298 894 1482 947 studens,
1498 894 1661 952 scripsit
1680 894 1830 938 librum
1849 912 1898 943 ιο

418 955 430 974 ⁶
452 952 542 1004 περὶ
571 951 800 1005 Ὀγδοάδος,
822 954 875 995 de
905 953 1120 1008 quoade,
1142 952 1221 1003 vel,
1246 958 1292 994 ut
1323 952 1451 994 habet
1476 951 1760 1009 Hieronymus
1788 952 1832 995 in

419 1013 430 1032 ‘
453 1008 668 1065 Catalog0‚
689 1010 742 1051 de
767 1010 947 1059 Octa-va,
970 1010 1085 1066 cujus
1114 1009 1336 1052 clausulam
1363 1009 1568 1052 duntaxat
1597 1010 1728 1052 refert
1748 1010 1831 1053 Eu-

417 1072 428 1089 ‘
450 1065 614 1108 sebius?
675 1066 795 1109 Haec
830 1067 1182 1110 MASSUETUS
1215 1067 1256 1110 S.
1276 1067 1440 1109 Irenaei
1470 1067 1618 1117 editor,
1654 1067 1831 1110 Dissert.

416 1137 460 1165 11.
482 1123 612 1166 Artic.
633 1123 689 1165 iii.
713 1139 824 1167 num,
845 1126 918 1181 58,
951 1125 1211 1167 Dodwellum
1243 1130 1407 1167 secutus
1436 1124 1479 1166 in
1509 1124 1685 1167 Dissert.
1707 1139 1762 1167 vl.
1788 1125 1830 1168 in

418 1181 649 1224 Irenaeum.
1848 1199 1895 1238 15

475 1239 522 1280 P.
544 1252 618 1295 35.
655 1239 681 1281 l.
705 1253 770 1293 14.
811 1245 1000 1294 λαμπρῶς
1039 1241 1261 1295 πράττοντα
1298 1242 1343 1283 ἐν
1382 1243 1429 1298 τῇ
1469 1242 1664 1293 βασιλικῇ
1705 1240 1825 1295 αὐλῇ]

417 1295 593 1340 Difficile
622 1297 805 1340 indicatu
835 1313 986 1341 nomen
1015 1304 1078 1341 est
1108 1298 1382 1355 imperatoris,
1405 1313 1487 1354 quo
1516 1303 1722 1355 regnante
1751 1298 1830 1340 hoc

416 1354 571 1397 factum
602 1355 669 1404 sit,
691 1370 763 1398 seu
786 1355 1028 1399 Hadrianus
1056 1356 1198 1406 fuerit,
1220 1370 1346 1412 quum
1366 1355 1450 1407 ille,
1471 1361 1579 1398 teste
1600 1355 1828 1412 Xiphilino,

415 1411 458 1455 in
481 1413 626 1455 Dionis
646 1413 852 1470 Epitome,
873 1428 913 1470 p.
938 1415 1034 1467 246,
1056 1414 1121 1456 ed.
1144 1414 1290 1470 Steph.
1313 1413 1474 1470 imperii
1505 1413 1567 1455 sui
1597 1412 1829 1469 provincias

415 1476 541 1526 atque
571 1471 695 1514 urbes
723 1471 966 1527 frequenter
993 1471 1200 1522 inviseret,
1223 1471 1308 1513 sive
1328 1471 1375 1521 is,
1397 1471 1468 1528 qui
1500 1470 1718 1513 Hadriano
1739 1485 1828 1514 suc·
1844 1478 1892 1503 20

414 1528 548 1578 cessit,
591 1529 824 1573 Antoninus
866 1529 980 1578 Pius,
1021 1537 1068 1572 ut
1108 1530 1342 1572 Massuetus
1387 1535 1532 1571 contra
1567 1528 1827 1572 Dodwellum

413 1587 593 1642 probare
632 1592 803 1629 conatus
841 1594 918 1636 est,
956 1587 1131 1630 Dissert.
1168 1602 1243 1629 sua
1273 1601 1316 1628 11.
1349 1586 1480 1629 Artic.
1510 1586 1534 1627 i.
1570 1601 1680 1628 num.
1714 1600 1750 1628 1.
1783 1599 1824 1630 2.

416 1644 554 1695 Quum
585 1659 685 1687 vero
715 1651 858 1688 notum
886 1645 950 1695 sit,
985 1645 1090 1702 Imp.
1124 1645 1242 1687 Pium
1274 1660 1325 1686 ex
1358 1644 1481 1687 Italia
1510 1658 1720 1700 nunquam
1755 1659 1827 1686 ex-

412 1701 518 1752 iisse,
552 1703 788 1747 Massuetus
823 1703 901 1746 hoc
939 1703 1102 1746 Irenaei
1137 1703 1226 1745 loco
1256 1702 1299 1745 id
1334 1708 1495 1745 tantum
1528 1701 1616 1744 vult
1650 1701 1823 1752 ostendi,

414 1760 449 1802 F
450 1759 626 1802 lorinum
661 1761 837 1803 aulicum
873 1761 1108 1818 quempiam
1141 1760 1277 1810 fuisse,
1314 1760 1384 1817 qui
1415 1774 1574 1802 summa
1607 1759 1719 1816 apud
1751 1759 1825 1801 im-
1841 1770 1888 1806 25

412 1824 648 1873 peratorem
679 1819 818 1876 gratia
838 1819 1038 1868 valuerit;
1069 1834 1144 1861 nec
1165 1818 1389 1875 quidquam
1411 1817 1586 1874 amplius
1612 1823 1752 1860 censet
1771 1832 1824 1860 ex

412 1890 461 1918 co
482 1876 770 1934 colligendum.
834 1876 963 1919 Haud
991 1877 1209 1927 assentior,
1230 1890 1356 1932 quum
1384 1875 1468 1918 aiat
1490 1875 1703 1923 benacus,
1724 1889 1750 1917 a
1780 1890 1824 1918 sc

412 1941 510 1976 tunc
540 1934 739 1991 temporis
767 1935 880 1991 apud
910 1933 1049 1977 Asiam
1081 1940 1233 1992 agente
1265 1933 1395 1976 visum
1425 1947 1514 1975 esse
1539 1932 1751 1974 Florinum
1779 1932 1822 1975 in

411 1990 674 2048 imperatoris
702 1992 799 2035 aula
824 1992 1039 2049 splendide
1060 1992 1276 2035 viventem.
1329 1992 1460 2034 Porro
1480 1990 1580 2033 satis
1601 1990 1705 2033 bene
1727 2005 1821 2033 con-

411 2049 524 2093 venit
544 2065 635 2092 cum
656 2050 790 2107 primo
812 2050 977 2093 Irenaei
998 2056 1200 2107 tempore,
1220 2050 1268 2106 τῇ
1290 2050 1420 2106 πρώτῃ
1443 2048 1553 2100 ἡλικί
1578 2079 1589 2098 ,
1611 2047 1708 2090 dum
1729 2052 1821 2092 παῖς
1833 2062 1884 2098 3ο

410 2113 503 2150 crat
532 2122 558 2150 a
590 2108 644 2150 ud
672 2108 861 2160 Asianos,
882 2122 1015 2152 annus
1044 2108 1113 2151 ille
1145 2106 1299 2151 Christi
1329 2117 1419 2162 127,
1441 2120 1522 2162 quo
1601 2105 1820 2148 adrianum

410 2180 486 2221 per
507 2166 564 2209 At
595 2181 694 2209 enas
714 2172 758 2208 ct
778 2166 916 2209 Asiam
950 2165 1117 2224 Syriam
1148 2180 1290 2208 versus
1320 2164 1400 2207 iter
1431 2163 1586 2212 fecisse,
1609 2178 1661 2205 ex
1694 2163 1820 2220 Spar-

410 2222 522 2265 tiano
551 2230 678 2280 atquo
709 2224 885 2266 nummis
915 2224 1107 2282 probavit
1137 2222 1302 2280 Pagius,
1327 2222 1429 2265 Crit.
1452 2221 1495 2263 in
1525 2220 1707 2263 Annales
1737 2221 1817 2264 Ba-

409 2281 531 2330 ronii,
561 2282 615 2324 ad
645 2296 775 2324 annos
801 2294 894 2336 127.
916 2288 959 2325 et
988 2283 1077 2325 ¹28.
1099 2281 1176 2323 vol.
1200 2295 1226 2323 1.
1259 2295 1300 2337 p.
1326 2293 1419 2335 125.
1481 2279 1557 2321 Est
1587 2293 1685 2321 vero
1715 2293 1818 2335 opus

409 2338 509 2381 illud
536 2339 588 2382 de
615 2339 883 2390 Haercsibus‚
909 2339 977 2382 ubi
1007 2339 1060 2383 de
1092 2339 1323 2395 Polycarpo
1356 2337 1554 2380 Irenaeus
1583 2335 1737 2388 scribit,
1769 2335 1817 2378 ὃν
1829 2346 1879 2384 35

409 2396 472 2438 καὶ
498 2396 610 2449 ἡμεῖς
635 2396 862 2450 ἑωράκαμεν
882 2398 926 2440 ἐν
945 2398 991 2454 τῇ
1020 2398 1152 2453 πρώτῃ
1181 2396 1290 2448 ἡμῶν
1315 2396 1458 2450 ἡλικίᾳ.
1485 2393 1555 2436 lib.
1579 2407 1637 2435 111.
1660 2408 1749 2450 cap.
1770 2406 1813 2448 3.

417 2455 476 2494 16.
539 2454 604 2497 Ibi
640 2454 805 2511 quidem
841 2454 971 2497 tradit
1006 2453 1068 2496 vir
1103 2459 1282 2503 sanctus,
1319 2451 1423 2494 πάνυ
1458 2450 1656 2504 γηραλέον
1691 2450 1814 2493 fuisse

408 2510 696 2569 Polycarpum.
718 2526 809 2555 oum
831 2512 901 2568 qui
921 2518 984 2555 tot
1003 2526 1132 2554 annos
1162 2516 1255 2568 post
1279 2524 1421 2567 passus
1442 2515 1520 2558 ost,
1541 2508 1613 2551 sod
1644 2523 1724 2550 non
1746 2508 1814 2550 illo

406 2568 696 2626 imperatoriae
718 2569 982 2627 profectionis
1002 2574 1269 2626 tempore,·ut
1291 2567 1378 2610 vult
1404 2566 1649 2618 Massuetus,
1671 2573 1814 2623 postea

406 2641 518 2679 voro,
552 2642 676 2684 quum
720 2627 922 2685 martyrio
956 2633 1175 2670 coronatus
1219 2625 1356 2668 suerit.
1419 2623 1680 2666 Hadrianum
1716 2622 1814 2666 dicit
1828 2637 1878 2671 40

410 2684 574 2734 Fronto,
597 2701 671 2743 por
699 2686 904 2744 Angelum
927 2685 1081 2728 Maium
1113 2698 1246 2741 nuper
1277 2681 1497 2731 redivivus,
1522 2687 1531 2704 ‘
1546 2681 1656 2723 orbis
1681 2688 1812 2724 torra-

406 2754 521 2785 ·rum
551 2758 632 2786 non
661 2744 833 2801 regendi
855 2750 1029 2793 tantum,
1051 2743 1125 2786 sod
1152 2741 1275 2785 etiam
1305 2738 1617 2798 perambulandi
1639 2738 1812 2795 diligen-

405 2804 540 2843 ‘toin.'
595 2802 660 2844 Dc
684 2801 813 2845 Feriis
835 2801 1103 2852 Alsiensibus,
1126 2815 1214 2858 cap.
1228 2812 1269 2855 3.
1292 2814 1332 2855 p.
1354 2799 1445 2854 138.
1468 2796 1530 2839 ed.
1557 2796 1737 2839 Borolin.

465 2858 507 2900 Ρ.
530 2861 600 2913 36.
634 2859 657 2901 Ι.
684 2871 743 2902 10.
781 2863 859 2903 τῶν
890 2860 1093 2902 αὐτοπτῶν
1127 2861 1194 2910 τῆς
1226 2856 1320 2909 ζωῆς
1350 2858 1418 2898 τοῦ
1452 2853 1595 2909 λόγου]
1636 2853 1809 2897 Ircnaoo

406 2917 508 2959 vonit
536 2915 573 2958 in
598 2925 773 2960 montom
798 2917 897 2960 initii
924 2916 1130 2973 Epistoluo
1152 2914 1307 2972 prinmo
1331 2911 1573 2956 §.dommim
1825 2924 1873 2962 453
