2034 3204
402 211 486 253 190
836 211 1361 254 ANNOTATIONES

400 317 621 359 ‘haereses
636 332 776 360 omnes
789 318 841 360 de
862 318 1093 361 testimonio
1110 325 1340 376 temporum
1359 318 1642 384 compendium
1659 318 1801 384 figere,

401 375 607 431 priorem
630 375 840 418 vindicans
869 377 1055 433 regulam
1086 383 1214 419 nostr
1213 392 1268 419 im
1301 377 1408 418 omni
1430 376 1640 418 haeretica
1667 376 1803 432 pravi-

402 436 542 475 ‘Jtate
563 433 632 475 lib.
651 447 691 475 V.
713 448 747 475 c.
767 447 830 488 19.
891 434 1039 490 Neque
1059 434 1181 476 aliter
1197 435 1249 476 de
1270 435 1348 476 hac
1367 450 1415 476 re
1435 434 1589 476 sentire
1606 433 1724 475 video
1746 433 1803 475 vi-

400 505 493 532 rum
523 491 731 532 eruditum
755 491 959 533 Joannem
983 492 1105 548 Kaye
1127 492 1451 534 Lincolniensem
1482 492 1729 548 Episcopum
1760 491 1802 532 in

399 563 537 614 opere·
546 548 721 603 Anglica
740 548 882 614 lingua
902 549 1145 605 conscripto,
1167 550 1232 591 cui
1252 549 1408 599 titulus,
1426 550 1535 592 Hist..
1554 549 1665 591 Eecl.
1685 550 1801 592 Saec.
1817 563 1839 600 5

400 606 442 647 ii.
465 611 508 647 et
527 605 582 648 iii.
605 621 656 648 ex
679 605 852 662 Scriptis
872 606 1118 648 Tertulliani
1137 606 1355 654 illustrata,
1376 622 1417 663 p.
1433 621 1507 672 50.

459 663 654 706 Ceterum
684 663 718 704 si
749 663 840 719 quis
874 669 1046 720 propter
1076 663 1237 706 initium
1271 664 1393 719 hujus
1433 664 1560 720 ipsius
1593 664 1645 706 de
1677 664 1802 706 Prae-

398 720 621 786 scriptione
651 721 967 762 Haereticorum
997 721 1163 763 libelli
1153 736 1286 778 1psum
1315 721 1522 775 ἀκέφαλον
1550 727 1670 778 putet
1700 736 1802 771 esse,

398 777 515 843 quasi
550 778 646 820 olim
681 778 979 834 praecesserint
1011 779 1207 821 nonnulla
1241 785 1385 821 contra
1420 779 1614 821 haereses
1647 779 1804 835 aliquot

398 836 565 892 scripta,
597 836 692 878 huic
723 836 890 892 quidem
919 836 1139 892 suspicioni
1169 836 1321 902 opponi
1352 842 1488 893 potest
1517 836 1608 878 finis
1637 842 1681 879 et
1710 851 1804 878 con·
1821 853 1868 878 10

398 893 525 935 clusio
556 893 672 950 ejus:
714 893 833 936 ‘Sed
866 909 974 935 nunc
1008 894 1200 950 quidem,'
1235 895 1294 937 ait
1323 901 1481 944 auctor,
1520 894 1804 960 ‘generaliter

400 957 568 993 ‘actum
600 957 663 994 est
682 965 709 993 a
729 951 845 993 nobis
869 951 1066 994 adversus
1091 953 1284 994 haereses
1311 967 1451 994 omnes
1471 952 1595 994 certis
1616 959 1658 994 et
1682 952 1805 1009 justis

400 1008 823 1065 ‘praescriptionibus
861 1009 1122 1066 repellendas
1160 1025 1186 1052 a
1225 1010 1440 1052 collatione
1482 1009 1804 1066 Scripturarum.

401 1067 500 1108 ‘De
518 1066 690 1122 reliquo,
706 1066 740 1108 si
761 1066 841 1109 Dei
862 1067 1000 1123 gratia
1019 1067 1224 1116 annuerit,
1239 1068 1363 1110 etiam
1386 1067 1618 1124 specialiter
1638 1067 1805 1124 quibus-

401 1124 530 1166 ‘dam
548 1124 918 1190 respondebimus?
979 1125 1035 1167 Et
1057 1125 1281 1182 Catalogus
1301 1125 1466 1182 quidem
1488 1125 1803 1167 Haereticorum
1821 1138 1867 1177 15

400 1182 496 1224 huic
530 1181 636 1224 libro
669 1182 918 1248 quandoque
952 1188 1148 1239 tanquam
1190 1198 1287 1240 pars
1327 1198 1361 1240 eJ
1370 1198 1415 1224 us
1454 1183 1647 1239 subjungi
1683 1183 1802 1226 solet

401 1239 518 1282 Idem
538 1255 637 1282 vero
657 1254 750 1282 cum
769 1240 813 1282 in
835 1240 926 1283 aliis
950 1241 1266 1298 exemplaribus,
1288 1246 1376 1283 tum
1397 1255 1496 1283 vero
1523 1241 1566 1282 in
1587 1241 1806 1298 Hirsaugi-

400 1297 488 1339 ensi
511 1297 662 1340 Codice
683 1297 720 1340 ei
741 1298 1030 1354 praecedebat.
1073 1299 1157 1341 Sed
1177 1298 1229 1341 de
1249 1299 1328 1340 hoc
1348 1298 1556 1355 opusculo,
1570 1299 1682 1355 quod
1701 1299 1805 1342 alius

400 1355 586 1412 profecto
605 1370 632 1398 a
651 1355 908 1398 Tertulliano
930 1356 1141 1413 scriptoris
1161 1356 1326 1399 videtur
1347 1371 1448 1405 esse,
1470 1356 1561 1413 plus
1581 1356 1703 1399 infra.

461 1414 506 1455 P.
538 1425 627 1456 122.
658 1413 684 1455 l.
712 1426 775 1456 12.
816 1413 929 1470 quod
967 1419 1128 1456 tantum
1165 1414 1357 1456 haereses
1391 1414 1568 1463 valeant,
1604 1420 1802 1471 quantum
1819 1428 1869 1454 20

399 1470 504 1527 sint]
528 1471 645 1513 Istud
694 1479 875 1514 uantum
903 1472 992 1514 sint
1021 1471 1211 1514 editionis
1240 1471 1436 1528 principis
1465 1471 1586 1514 lectio
1607 1478 1682 1522 est,
1709 1487 1804 1529 pro-

400 1529 527 1571 bante
548 1486 755 1577 Pamezw,
766 1528 908 1571 itidem
928 1529 958 1571 J
960 1544 1056 1571 unlo
1076 1529 1118 1571 in
1147 1530 1254 1572 notis
1278 1529 1447 1572 editioni
1470 1529 1805 1573 Franckerianae

399 1586 586 1636 adnexis
608 1585 679 1628 ubi
698 1586 772 1636 ait,
795 1587 967 1639 Recte,
989 1602 1084 1629 nam
1112 1588 1157 1630 τὸ
1183 1587 1286 1630 εἶναι
1306 1588 1534 1630 haereseon
1555 1588 1693 1631 valere
1713 1594 1804 1638 est;

465 1659 561 1686 uum
597 1643 774 1700 primum
810 1644 961 1694 valent,
997 1651 1119 1688 sunt:
1160 1659 1285 1702 quum
1321 1645 1500 1702 primum
1535 1660 1618 1688 non
1652 1645 1804 1696 valent,

463 1701 627 1744 esinunt
650 1702 765 1744 esse?
826 1702 998 1744 Exstitit
1024 1709 1067 1745 et
1096 1703 1199 1745 haec
1224 1702 1346 1745 lectio
1372 1703 1581 1746 referente
1609 1703 1804 1754 Pamelio,
1819 1715 1868 1754 25

398 1760 512 1816 apud
544 1759 788 1811 Quintinum
827 1759 870 1802 in
910 1759 1088 1803 editione
1121 1761 1243 1818 hujus
1271 1766 1488 1810 tractatus,
1521 1761 1806 1827 Gallicumque

399 1817 584 1874 ejusdem
614 1817 886 1874 interpretem
917 1818 1159 1861 Macerium.
1225 1819 1442 1870 Quantum
1471 1827 1584 1870 sant,
1609 1818 1806 1862 exhibent

401 1875 647 1925 Delacerda‚
687 1875 758 1932 qui
798 1875 1099 1918 Tertullianum
1149 1875 1278 1919 edidit
1318 1875 1486 1918 Parisiis
1527 1891 1636 1918 anno
1682 1877 1804 1933 1630,

402 1932 745 1989 Christianusque
776 1933 917 1990 Lupus
947 1933 990 1975 in
1019 1934 1116 1976 edit.
1149 1934 1271 2000 hujus
1301 1933 1426 1976 libelli
1457 1934 1665 1977 Bruxellis
1696 1949 1805 1977 anno

408 1992 512 2046 1675
550 1990 662 2048 typis
702 1990 911 2033 mandata.
983 1991 1065 2034 Hic
1104 1991 1214 2034 enim
1254 1992 1468 2035 lectionem
1501 1991 1803 2058 Rigaltianam,
1818 2006 1870 2044 30

404 2049 625 2100 Quantum
637 2050 677 2091 si
688 2050 993 2105 nonfaiesent.
988 2050 1006 2079 Ρ
1034 2049 1292 2106 repudiavit;
1314 2050 1430 2107 cujus
1442 2049 1607 2106 quidem
1621 2049 1805 2093 lectionis

399 2106 518 2172 origo
549 2106 652 2148 hacc
682 2106 773 2149 fuit.
835 2106 901 2149 Ad
937 2107 1166 2165 marginem
1198 2107 1351 2150 scilicet
1386 2107 1576 2150 editionis
1609 2107 1805 2166 principis

398 2164 452 2206 ab
474 2179 561 2220 ipso
582 2164 741 2207 editore
763 2164 894 2207 Beato
917 2165 1120 2208 Rhenano
1141 2165 1316 2222 positum
1339 2171 1414 2214 est,
1432 2166 1574 2215 Aliam,
1595 2174 1805 2222 quantum

398 2223 725 2277 sint,fi1issent.
788 2222 842 2265 Et
870 2222 924 2265 ad
955 2223 1121 2266 tertiam
1154 2223 1375 2265 editionem
1406 2237 1520 2266 suam
1551 2238 1660 2266 anno
1697 2225 1803 2279 1528

401 2279 508 2322 idem
532 2279 759 2322 Rhenanus
783 2279 860 2322 hoc
887 2281 1147 2331 annotavin‘
1168 2281 1413 2337 Scripsimus
1433 2290 1642 2337 quantum
1661 2282 1701 2323 si
1720 2296 1804 2323 non
1817 2294 1867 2333 35

401 2338 627 2392 ‘sulliacum
672 2336 1022 2380 consentientibus
1070 2338 1374 2395 exemplaribus
1428 2338 1639 2395 plurimis.
1715 2339 1804 2381 Me-

400 2401 617 2451 moratque
646 2394 687 2436 in
719 2395 796 2437 hac
855 2401 947 2438 arte
968 2395 1214 2439 Vaticanum
1243 2396 1433 2438 Codicem
1467 2396 1559 2439 MS.
1583 2396 1803 2439 l’amelius.

400 2452 506 2494 Tum
529 2467 627 2495 vero
651 2452 693 2495 in
713 2451 812 2495 edit.
870 2452 966 2496 aris.
994 2454 1101 2509 1556
1122 2468 1286 2502 excusa,
1309 2468 1416 2510 quae
1437 2454 1616 2510 quidem,
1637 2460 1684 2497 ut
1704 2454 1803 2504 dixi,

400 2509 652 2553 (nclenianae
674 2509 866 2567 repetitio
886 2517 962 2561 est,
984 2510 1062 2553 hoc
1082 2518 1231 2563 exstat,
1258 2512 1475 2563 Quantum
1496 2526 1580 2554 non
1599 2513 1802 2561 valerent,

398 2569 439 2610 ,vi
459 2570 755 2624 nonfaissent.
805 2568 934 2610 Immo
950 2575 1115 2611 exstare
1136 2569 1242 2611 hanc
1263 2569 1475 2613 lectionem
1498 2584 1605 2612 nunc
1622 2569 1770 2612 video
1760 2585 1801 2612 in
1817 2586 1867 2621 40

399 2625 579 2668 editione
613 2625 741 2668 Paris.
762 2640 871 2668 anno
899 2639 911 2668 ι
921 2637 1006 2692 545
1036 2642 1062 2669 a
1093 2626 1325 2693 (langneio.
1349 2634 1394 2670 ut
1418 2627 1565 2678 fertur,
1586 2627 1689 2670 adm
1691 2633 1800 2677 nata

398 2683 579 2740 quinque
620 2698 749 2726 annos
795 2691 893 2727 ante
940 2683 1068 2740 ipsam
1111 2684 1379 2727 Gelenianam
1430 2684 1541 2742 typis
1588 2685 1799 2751 impressa.

404 2740 591 2797 Denique
631 2756 709 2799 ope
749 2756 845 2784 usus
877 2741 1172 2808 exemplarium
1208 2742 1420 2809 Agobardi
1461 2749 1504 2785 et
1546 2742 1801 2784 Divionensis

404 2798 620 2855 Rigaltius.
652 2805 792 2855 spreto
817 2798 972 2855 judicio
1006 2800 1038 2841 Ρ
1037 2800 1173 2842 amelii
1209 2807 1251 2842 et
1283 2799 1412 2846 dunii.
1445 2799 1556 2848 illud,
1594 2808 1798 2857 quantum

398 2857 438 2897 ai
474 2870 556 2899 non
579 2857 785 2910 lid-tacut,
821 2872 913 2899 cum
954 2857 1288 2914 interrogationis
1328 2858 1458 2915 signo,
1500 2857 1541 2900 in
1582 2857 1864 2910 editionem4,
