1988 3216
485 251 547 294 IN
579 251 621 294 S.
650 249 981 294 POLYCAR-PI
1014 246 1362 290 EPISTOLAM.
1571 245 1628 285 23

215 355 370 412 judicio
401 356 621 414 Polycarpi
651 355 958 413 permittebant.
1020 353 1129 396 Vide
1157 352 1319 395 Vindio.
1350 351 1438 408 ejus
1472 351 1627 409 Ignati-

221 428 334 463 anas,
357 421 465 470 part.
483 429 527 455 11.
549 429 639 471 cap.
657 427 721 470 13.
742 428 784 470 p.
802 414 896 469 169.

281 472 327 513 P.
357 484 418 515 12.
453 472 479 514 l.
506 485 547 527 3.
580 473 626 524 τῇ
662 473 788 527 σοφίᾳ
818 474 888 512 τοῦ
921 469 1112 523 μακαρίου
1144 468 1208 510 καὶ
1242 466 1404 519 ἐνδόξου
1441 466 1624 519 Παύλου]

222 528 380 586 Insigni
405 529 538 586 elogio
560 529 815 586 Polycarpus
841 527 1083 570 cohonestat
1111 526 1154 569 S.
1178 524 1353 567 Paulum
1381 525 1432 566 ob
1458 524 1629 588 sapien-

185 598 207 636 5
223 587 332 628 tiam
343 602 359 635 ‚·
390 600 473 642 qua
497 601 595 628 voce
624 587 666 629 S.
682 587 832 629 Petrus
859 585 912 628 de
939 584 1083 627 eodem
1108 582 1253 632 utitur,
1277 595 1301 624 2
1325 582 1455 638 Epist.
1478 581 1533 646 ni.
1561 593 1626 636 ¹5·

221 643 262 685 h.
295 657 330 685 e.
362 644 414 685 ob
449 643 662 686 scientia-m
701 642 936 686 coelestium
975 655 1220 684 arcanorum
1255 646 1299 682 et
1333 645 1627 695 mysteriorum

222 700 462 758 Evangelii:
493 716 615 757 quem
639 707 782 757 patres
809 700 940 743 omnis
963 700 1052 742 fere
1079 698 1182 747 aevi,
1201 696 1468 740 accumulatis
1493 695 1628 738 istius-

220 757 331 800 modi
366 758 430 800 elo
462 758 522 809 iis,
556 765 717 801 secutos
749 773 837 800 esse
873 757 1008 800 notius
1039 762 1114 805 est,
1147 770 1272 813 quam
1304 760 1351 797 ut
1385 753 1629 798 testimoniis

219 773 491 873 congerendis
512 816 617 859 citra
636 815 922 858 necessitatem
941 814 1136 857 insistam.
1171 813 1370 856 SMITH.

160 888 207 913 10
279 872 384 916 Ibid.
406 873 432 915 l.
457 885 495 927 7.
517 873 747 930 ἐπιστολὰς]
779 873 896 915 Infra
921 887 1010 930 cap.
1031 871 1086 914 xi.
1109 873 1186 937 qui
1205 872 1306 914 estis
1331 872 1380 913 in
1402 870 1628 926 principio

219 932 424 986 epistolae
444 932 545 987 ejus.
590 931 798 988 Epistolas
817 937 860 974 et
881 931 933 972 de
954 944 1036 973 una
1056 944 1079 972 e
1109 929 1230 972 istola
1249 927 1342 977 dici,
1363 928 1627 971 observatum

218 987 350 1030 doctis
373 989 462 1031 Scri
494 995 682 1031 turarum
710 987 1007 1046 interpretibus
1114 986 1241 1029 libros
1261 986 1624 1028 Machabaeorum.

220 1045 447 1088 COTELE
494 1047 602 1090 IUS.
666 1047 731 1089 De
751 1060 834 1088 una
853 1051 1014 1089 tantum
1043 1044 1218 1102 epistola
1238 1043 1410 1086 Paulina
1431 1042 1627 1099 Polycar-

218 1117 315 1160 pum
337 1103 403 1145 hic
423 1104 548 1160 loqui,
569 1103 668 1146 satis
687 1103 842 1146 indicat
862 1104 974 1145 locus
993 1103 1100 1146 alter
1120 1117 1147 1144 a
1168 1101 1374 1145 Cotelerio
1395 1100 1610 1142 indicatus.

159 1175 204 1212 15
278 1160 381 1203 Ibid.
404 1161 429 1202 l.
450 1164 488 1203 8.
507 1162 590 1214 ἥτις
617 1162 704 1204 ἐστὶ
729 1161 853 1215 μήτηρ
881 1160 1041 1203 πάντων
1067 1160 1194 1216 ἡμῶν]
1232 1160 1369 1211 Quum
1397 1158 1439 1200 in
1470 1158 1625 1214 pleros-

218 1232 299 1274 que
327 1218 453 1261 libros
474 1219 605 1261 editos
630 1219 862 1275 irrepsisset
881 1220 1003 1271 ὑμῶν,
1024 1218 1155 1259 locum
1177 1217 1388 1273 corrigere
1408 1216 1627 1258 voluerunt

216 1276 245 1318 J
249 1275 381 1327 unius,
418 1276 659 1324 Cotelerioe,
697 1276 895 1325 Smithus,
933 1276 1106 1332 Freyus,
1139 1275 1249 1328 ἡμῶν
1278 1274 1499 1331 legendum
1536 1288 1626 1315 esse

217 1338 330 1376 recte
349 1339 575 1376 monentes.
629 1334 727 1376 Jam
749 1347 847 1375 vero
867 1347 955 1374 com
987 1332 1048 1374 eri
1069 1332 1287 1380 exstitisse,
1309 1338 1352 1374 et
1371 1333 1563 1374 nostram
1584 1331 1626 1372 in

216 1390 395 1434 editione
434 1391 620 1448 principe
661 1390 908 1448 Interpretis
949 1347 1099 1439 Iliatini,
1135 1396 1178 1431 et
1216 1390 1326 1442 ἡμῶν
1365 1389 1407 1430 in
1447 1388 1626 1431 editione

155 1464 204 1490 20
219 1447 368 1492 Graeci
403 1448 651 1506 exemplaris
685 1448 886 1515 principe,
919 1462 1042 1504 quam
1079 1462 1130 1489 ex
1162 1446 1407 1504 apographo
1441 1446 1625 1489 Sirmon-

216 1505 339 1548 diano
370 1506 602 1549 Halloixius
630 1506 862 1549 adornavit.
926 1505 1041 1548 Idem
1072 1518 1249 1561 quoque,
1280 1512 1327 1547 ut
1359 1504 1501 1546 Codex
1533 1504 1626 1546 Flo·

215 1563 416 1615 rentinus‚
445 1564 503 1607 sic
529 1579 631 1621 prae
658 1579 702 1606 se
728 1564 811 1607 fert
830 1562 1033 1606 Aldrichii
1060 1562 1201 1614 editio,
1229 1562 1302 1605 sed
1333 1562 1455 1618 hujus
1485 1567 1623 1604 tamen

216 1635 314 1664 orae
343 1622 534 1679 adposita
562 1628 624 1665 est
654 1621 892 1679 conjectura
919 1623 1040 1673 ὑμῶν.
1101 1620 1164 1662 At
1191 1635 1290 1662 vero
1321 1626 1532 1662 mutuatus
1562 1626 1625 1662 est

217 1679 473 1736 Polycarpus
508 1680 635 1722 verba
672 1679 856 1737 Apostoli
892 1679 935 1721 in
975 1677 1107 1735 Epist.
1142 1678 1209 1720 ad.
1249 1678 1435 1730 Galatas,
1467 1678 1522 1720 iv·
1552 1680 1623 1720 26.

154 1751 202 1789 25
215 1737 298 1789 ἥτις
318 1738 402 1779 ἐστὶ
427 1737 552 1790 μήτηρ
579 1736 738 1780 πάντων
763 1737 884 1790 ἡμῶν.
946 1737 1011 1778 De
1031 1736 1109 1778 hoc
1132 1735 1293 1778 interea
1314 1736 1422 1778 vocis
1448 1734 1623 1784 πάντων,

215 1808 322 1850 quae
356 1795 468 1851 apud
503 1795 675 1838 Paulum
711 1794 920 1837 interdum
956 1793 1173 1843 omittitur,
1208 1793 1469 1836 firmamento
1501 1792 1625 1836 silent

215 1851 344 1894 critici
369 1853 423 1895 ad
448 1852 591 1895 locum.
653 1853 774 1895 Nunc
804 1852 912 1894 adde
939 1866 991 1894 ex
1022 1851 1070 1894 cl.
1087 1851 1309 1894 Jacobsoni
1336 1851 1516 1894 editione
1538 1851 1622 1893 ΡΡ.

215 1910 545 1966 Apostolicorum
585 1910 892 1968 patrocinantes
925 1908 1090 1952 lectioni
1124 1910 1234 1962 ἡμῶν
1265 1908 1425 1951 codices
1456 1908 1623 1951 Vatica-

215 1982 312 2010 num
334 1973 376 2010 et
397 1968 642 2011 Parisinum.

150 2042 202 2078 30
275 2025 380 2068 Ibid.
409 2025 433 2067 l.
456 2039 472 2068 1
487 2039 521 2068 1.
542 2025 645 2068 Ἐὰν
664 2025 740 2080 γάρ
761 2042 819 2070 τις
842 2026 992 2068 τούτων
1018 2025 1132 2068 ἐντὸς
1158 2022 1198 2077 ᾖ,
1224 2024 1485 2078 πεπλήρωκεν
1512 2025 1621 2066 ἔντο-

214 2082 292 2135 λὴν
312 2083 574 2156 δικαιοσύνηῖ]
604 2083 847 2140 Legendum
876 2082 974 2125 mihi
995 2082 1227 2131 videbatur,
1251 2084 1324 2124 ἐὰν
1350 2082 1427 2136 γάρ
1452 2099 1510 2126 τις
1535 2083 1623 2124 τού-

214 2155 294 2182 των
309 2140 418 2185 ἐντὸς
436 2138 461 2192 ᾖ
480 2147 643 2194 πληρης,
660 2140 921 2193 πεπλήρωκεν
941 2141 973 2182 ε’.
990 2143 1025 2182 δ.
1043 2153 1136 2181 cum
1152 2153 1232 2182 vox
1252 2139 1404 2193 πλήρης
1422 2144 1622 2196 sequente

214 2197 411 2254 absorpta
440 2204 560 2240 esset.
621 2199 760 2254 Atque
789 2197 848 2240 ita
877 2197 1093 2254 Anglicam
1124 2196 1353 2239 versionem
1388 2211 1504 2239 suam
1538 2196 1621 2239 for-

215 2269 347 2296 masse
374 2255 425 2296 cl.
443 2255 614 2298 Gavium
641 2261 735 2312 post
761 2254 858 2298 vidi.
918 2255 975 2297 At
1002 2269 1135 2312 nuper
1161 2255 1211 2297 cl.
1227 2255 1497 2306 Jacobsonus,
1523 2254 1622 2296 scri-

150 2331 172 2367 3
177 2329 200 2367 5
215 2312 315 2354 bens
344 2312 399 2355 ad
429 2312 505 2355 loc.
536 2313 694 2355 nescire
729 2327 786 2365 se,
818 2327 872 2355 an
905 2312 1206 2369 quodammodo
1240 2312 1492 2370 patrocinari
1525 2312 1622 2354 huic

213 2369 473 2427 conjecturae
508 2370 698 2413 videatur
734 2370 949 2427 Interpres
978 2371 1124 2419 Vetus,
1154 2384 1318 2413 sensum
1351 2376 1492 2413 tamen
1522 2370 1622 2412 satis

213 2428 364 2471 bonum
395 2429 598 2485 praebere
629 2427 775 2471 statuit
803 2428 1033 2471 versionem
1065 2427 1274 2477 Cotelerii,
1307 2429 1348 2470 εἰ
1378 2429 1477 2484 quis
1507 2429 1622 2470 enim

213 2487 335 2528 intra
354 2487 611 2542 haecfiaeerit
623 2502 639 2535 ‚·
670 2500 805 2542 neque
824 2500 994 2543 prorsus
1013 2484 1215 2528 absimilia
1232 2485 1293 2528 ait
1318 2485 1475 2528 habere
1497 2485 1621 2544 Igna-

213 2543 315 2585 tium
342 2543 397 2585 ad
427 2543 578 2601 Ephes.
609 2547 642 2601 §.
662 2557 704 2600 5.
728 2543 829 2586 Ἐὰν
856 2543 910 2597 μή
940 2560 997 2588 τις
1026 2541 1051 2596 ᾖ
1082 2543 1195 2588 ἐντὸς
1224 2546 1295 2585 τοῦ
1325 2543 1618 2596 θυσιαστηρίου,

149 2618 201 2652 4ο
213 2602 432 2654 ὖστερεΐται
453 2605 521 2644 τοῦ
541 2602 660 2656 ἄρτου
680 2604 750 2643 τοῦ
770 2604 891 2644 Θεοῦ.

272 2657 378 2700 Ibid.
401 2658 428 2699 l.
451 2671 514 2711 14.
535 2658 743 2714 χαλεπῶν]
772 2657 1008 2715 Hesychius
1030 2657 1075 2699 in
1096 2657 1261 2707 Lexim,
1282 2659 1489 2700 Χαλεπόν·
1527 2658 1620 2700 δύσ-

213 2732 345 2770 εργον,
368 2715 557 2769 σκληρὸν,
580 2717 723 2758 δεινόν.

270 2773 316 2815 Ρ.
343 2786 409 2829 13.
440 2773 467 2815 l.
493 2787 526 2815 1.
550 2775 619 2816 τὰς
638 2776 825 2827 γυναῖκας
850 2772 977 2828 ὑμῶν]
1010 2771 1138 2815 Junio
1157 2774 1264 2825 ὑμῶν
1284 2786 1376 2814 cum
1396 2772 1506 2825 ἡμῶν
1533 2787 1621 2815 mu·

211 2830 318 2874 tanti
338 2830 426 2887 jam
447 2836 560 2873 recte
578 2830 835 2872 Jacobsonus
854 2829 1044 2886 opposuit
1065 2830 1160 2874 Vet.
1183 2830 1342 2887 Interp.
1367 2829 1621 2887 Oodicesque

148 2911 170 2944 4
176 2908 198 2944 5
212 2888 400 2944 scriptos
