2034 3204
411 221 500 263 380
965 217 1266 261 CANONES

919 381 1191 431 ΚΑΝΩΝ
1237 382 1308 436 Ις.

478 477 633 532 ‘'Ocroc
677 478 1024 549 ῥιψοκινδύνως
1064 478 1183 545 μήτε
1226 477 1311 532 τὸν
1355 476 1515 549 φόβον
1557 483 1642 531 τοῦ
1688 481 1814 531 Θεοῦ

408 563 506 632 πρὸ
556 566 826 635 ὀφθαλμῶν
868 564 1071 632 ἔχοντες,
1116 563 1235 630 μήτε
1283 563 1367 617 τὸν
1413 562 1816 629 ἐκκλησιαστικὸν

410 647 587 701 κανόνα
609 648 778 704 εἰδότες
803 647 1177 718 ἀναχωρήσουσι
1201 652 1286 715 τῆς
1305 648 1618 714 Ἐκκλησίας,
1648 653 1812 716 Πρεσ-

409 733 600 802 βύτεροι
625 732 655 799 ἢ
683 733 931 798 Διάκονοι,
958 732 988 799 ἢ
1020 734 1147 791 ὅλως
1179 738 1229 788 ἐν
1253 737 1321 805 τῷ
1353 731 1513 786 κανόνι
1542 732 1812 802 ἐξεταζόμε-
1829 753 1852 793 5

413 842 503 883 voc,
537 819 665 871 οὗτοι
703 819 920 884 οὐδαμῶς
954 821 1106 872 δεκτοὶ
1143 820 1423 890 ὀφείλουσιν
1453 816 1568 870 εἶναι
1603 819 1653 870 ἐν
1685 820 1818 890 ἑτέρᾳ

412 902 701 973 Ἐκκλησία,
735 902 870 954 ἀλλὰ
906 908 1074 956 πᾶσαν
1109 905 1268 960 αὐτοῖς
1305 902 1519 971 ἀνάγκην
1555 902 1817 971 ἐπάγεσθαι

412 986 525 1058 χρὴ,
560 987 876 1059 ἀναστρέφειν
912 992 975 1045 εἶς
1012 988 1098 1045 τὰς
1135 990 1313 1042 ἑαυτῶν
1349 989 1612 1057 παροικίας·
1653 987 1683 1055 ἢ
1715 990 1815 1042 ἐπι-

410 1073 651 1140 μένοντας,
689 1073 1031 1140 ἀκοινωνήτους
1066 1072 1181 1127 εἶναι
1222 1074 1471 1143 προσήκει.
1552 1077 1612 1127 Εἰ
1653 1073 1701 1126 δὲ
1740 1076 1818 1126 καὶ

412 1158 697 1226 τολμήσειέν
721 1182 792 1215 τις
823 1159 1110 1230 ὑφαρπάσαι
1134 1159 1219 1213 τὸν
1244 1165 1312 1231 τῷ
1344 1159 1484 1232 ἑτέρῳ
1515 1158 1814 1231 διαφέροντα,
1834 1186 1882 1212 10

412 1245 490 1296 καὶ
514 1247 846 1314 χειροτονῆσαι
863 1246 912 1296 ἐν
930 1248 989 1314 τῇ
1009 1246 1154 1298 αὑτοῦ
1171 1245 1456 1316 Ἐκκλησία,
1478 1244 1544 1312 μὴ
1569 1267 1816 1312 συγκατα-

411 1328 651 1395 τιθεμένου
682 1335 768 1382 τοῦ
803 1330 922 1382 ἰδίου
946 1329 1250 1384 Ἐπισκόπου
1289 1331 1344 1383 οὗ
1379 1330 1681 1401 ἀνεχώρησεν
1711 1331 1753 1382 ὃ·
1769 1331 1820 1382 ἐν

410 1417 480 1485 τῷ
505 1413 666 1468 κανόνι
689 1413 1032 1483 ἐξεταζόμενος,
1060 1414 1233 1484 ἄκυρος
1257 1416 1384 1469 ἕστω
1409 1417 1438 1482 ἡ
1462 1415 1740 1486 χειροτονία.

915 1584 961 1633 Κ
974 1583 1183 1633 ΑΝΩΝ
1230 1584 1315 1633 ΙΖ.

490 1675 684 1742 Ἐπειδὴ
728 1678 910 1729 πολλοὶ
953 1679 1004 1729 ἐν
1047 1679 1115 1748 τῷ
1161 1675 1322 1730 κανόνι
1370 1675 1689 1746 ἐξεταζόμενοι
1731 1676 1819 1744 τὴν
1835 1702 1882 1742 15

409 1760 693 1830 πλεονεξίαν
726 1763 805 1814 καὶ
835 1759 925 1828 τὴν
953 1762 1319 1831 αἰσχροκερδίαν
1353 1761 1612 1827 διώκοντες,
1645 1761 1816 1816 ἐπελά-

410 1851 554 1900 θοντο
590 1853 676 1900 τοῦ
713 1847 839 1899 θείου
876 1845 1158 1916 γράμματος
1196 1846 1426 1915 λέγοντος
1466 1855 1482 1880 ‘
1499 1846 1555 1901 τὸ
1592 1847 1820 1918 ἀργύριον

415 1942 429 1965 ‘
451 1934 597 1986 αὑτοῦ
629 1933 714 1985 οὐκ
744 1931 914 1984 ἔδωκεν
938 1933 1012 1985 ἐπὶ
1037 1930 1189 2004 retego}
1216 1934 1294 1986 καὶ
1327 1931 1625 2000 δανείζοντες,
1653 1934 1815 1987 ἑκατο-

582 2086 776 2126 OANON
808 2086 920 2125 XVI.
1142 2086 1401 2137 pertinentem
1425 2087 1605 2126 audacter
1628 2087 1818 2136 invadere,

468 2141 695 2192 Quicunque
731 2146 876 2180 temere
908 2153 952 2179 ac
988 2140 1088 2191 peri·
1143 2146 1182 2180 et
1201 2141 1241 2179 in
1260 2154 1329 2179 sua
1349 2141 1518 2180 Ecclesia
1541 2142 1718 2181 ordinare
1735 2147 1820 2181 ten-

413 2196 553 2244 culoso,
567 2208 690 2246 neque
708 2195 888 2234 timorem
903 2194 976 2233 Dei
996 2208 1087 2245 prae
1142 2195 1293 2243 tavei-it,
1323 2209 1401 2234 non
1433 2196 1694 2236 consentiente
1727 2197 1819 2248 Epi-

413 2250 532 2289 oculis
555 2250 749 2297 habentes,
769 2262 838 2287 nec
863 2248 1086 2287 ecclesiasti·
1142 2262 1257 2300 scopo
1282 2263 1305 2287 a
1326 2263 1403 2301 quo
1426 2250 1599 2290 discessit
1622 2250 1654 2289 is
1673 2251 1738 2302 qui
1761 2265 1820 2290 re-

413 2318 497 2343 cam
524 2303 697 2355 regulam
724 2308 984 2353 agnoscentes,
1013 2303 1088 2341 dis·
1143 2303 1254 2354 gulae
1274 2304 1524 2355 mancipatur,
1539 2305 1731 2344 ordinatio
1750 2305 1819 2344 hu-

412 2359 555 2398 cedunt
583 2358 632 2396 ab
662 2357 840 2405 Ecclesia,
871 2357 1088 2407 Presbyteri
1138 2358 1352 2409 juscelnodi
1372 2358 1482 2397 irrita
1501 2360 1782 2410 comprobetur.

412 2418 481 2452 aut
504 2411 677 2460 Diaconi,
697 2412 756 2450 vel
776 2411 992 2463 quicunque
1017 2411 1088 2450 sub

413 2467 546 2517 regula
572 2478 729 2518 prorsus
753 2466 934 2513 existunt,
958 2465 998 2504 hi
1023 2478 1087 2504 ne·
1302 2445 1496 2486 CANON
1524 2446 1657 2486 XVII·

413 2534 605 2573 quaquam
635 2520 776 2559 debent
806 2520 844 2558 in
873 2520 987 2558 aliam
1017 2520 1088 2558 Ec·
1205 2516 1397 2566 Quoniam
1429 2517 1553 2565 multi,
1583 2518 1654 2557 sub
1687 2518 1820 2569 regula

413 2576 567 2614 ciceiam
595 2574 724 2626 recipi,
750 2574 816 2612 scd
842 2587 995 2613 omnem
1024 2587 1088 2613 nc·
1143 2571 1354 2619 constituti,
1385 2572 1586 2611 avaritiam
1619 2578 1658 2611 et
1689 2573 1819 2624 turpia

413 2630 630 2669 cessitatem
656 2629 835 2668 convenit
863 2628 938 2667 illis
966 2628 1088 2679 impo-
1143 2625 1249 2664 lucra
1276 2631 1481 2674 sectantur,
1509 2626 1694 2678 oblitique
1722 2627 1818 2665 ‹livi-

414 2684 466 2731 ni,
491 2689 536 2723 ut
559 2684 607 2722 ad
631 2696 719 2722 suas
743 2682 940 2734 parochias
965 2697 1089 2721 rever·
1145 2692 1214 2718 nae
1231 2679 1461 2732 Scripturae,
1479 2681 1651 2729 dicentis,
1667 2681 1819 2732 Quipe-

414 2744 557 2785 unitur,
594 2737 696 2789 quod
734 2737 766 2775 si
804 2750 880 2776 non
919 2737 1088 2785 fecerint,
1144 2734 1304 2773 cum‘wm
1318 2735 1646 2774 mumnnondedit
1660 2736 1716 2774 ad
1726 2749 1819 2774 usu-

414 2798 568 2843 nportvt
605 2806 669 2830 eos
706 2791 974 2830 communione
1010 2790 1088 2842 pri-
1143 2802 1242 2836 ram,
1276 2794 1455 2828 mutuum
1492 2789 1626 2829 dmitos
1659 2789 1818 2829 centesi-

414 2846 504 2885 vnri.
566 2845 694 2897 Siquis
726 2850 855 2885 nutem
888 2845 936 2884 ad
969 2845 1087 2884 alium
1143 2843 1416 2893 musexigunt:
1432 2843 1537 2895 juste
1552 2842 1699 2883 censuit
1713 2857 1817 2883 sanc-
