2034 3204
432 261 514 302 DE
558 258 1152 301 PRAESCRIPTIONE
1196 258 1387 299 llAER.
1530 259 1604 298 131

209 372 301 417 isti.
376 372 518 417 Hunc
554 371 643 416 tibi
680 371 874 415 modum
911 370 1081 414 statuit
1113 369 1296 414 fructus
1334 368 1434 427 ipse
1470 383 1613 427 quae-

209 449 356 494 rendi.
430 449 568 494 Hanc
605 448 693 494 tibi
729 447 906 493 fossam
942 446 1281 492 determinavit
1318 446 1418 505 ipse
1446 446 1528 505 qui
1566 453 1612 490 te

209 541 303 572 non
338 528 442 572 vult
477 526 607 572 aliud
643 527 844 577 credere,
881 539 1026 584 quam
1063 525 1189 584 quod
1227 524 1452 575 instituit,
1487 524 1613 569 ideo-

208 619 301 664 que
325 619 408 650 nec
432 618 671 663 quaerere.
743 602 983 651 Ceterum,
1001 602 1040 646 si
1065 601 1181 660 quia
1204 608 1251 646 et
1275 601 1370 646 alia
1394 608 1529 647 tanta
1553 602 1613 647 ab

171 681 316 730 5aliis
354 687 467 726 sunt
502 680 739 732 instituta,
776 686 1025 739 propterea
1066 679 1114 724 in
1159 686 1347 724 tantum
1386 695 1613 738 quaerere

208 759 446 812 debemus,
489 758 538 804 in
575 764 810 818 quantum
854 773 1106 817 possumus
1154 757 1380 809 invenire,
1428 772 1614 816 semper

208 853 504 897 quaeremus,
541 843 590 883 et
634 851 898 896 numquam
945 835 1139 881 omnino
1184 837 1443 882 credemus.
1516 835 1611 881 Ubi

209 915 336 960 enim
361 915 452 961 erit
475 913 583 960 finis
607 914 865 974 quaerendi
885 914 908 959 ἶ)
956 913 1040 959 ubi
1065 914 1210 959 statio
1232 914 1492 959 credendi?
1531 914 1611 959 ubi

210 991 466 1051 expunctio
500 990 820 1036 inveniendi?
880 990 1025 1050 Apud
1066 990 1403 1037 Marcionem?
1450 993 1531 1037 sed
1568 999 1615 1037 et

151 1085 198 1109 10
211 1067 497 1114 Valentinus
535 1068 758 1127 proponit
795 1066 1025 1126 Quaerite,
1067 1074 1108 1112 et
1144 1068 1396 1114 z‘nrenietis.
1467 1069 1611 1128 Apud

210 1145 520 1192 Valentinum
539 1146 561 1191 ἶ)
598 1146 679 1191 sed
704 1152 752 1191 et
777 1145 972 1205 Apelles
996 1146 1086 1191 hac
1115 1161 1190 1191 me
1222 1147 1615 1205 pronunciatione

210 1222 455 1282 pulsabit;
510 1228 559 1267 et
603 1222 808 1274 Hebion,
844 1229 892 1268 et
930 1221 1108 1273 Simon,
1148 1230 1195 1267 et
1240 1238 1403 1280 omnes
1450 1223 1615 1268 ordine

212 1315 306 1345 non
342 1300 520 1345 habent
554 1299 682 1345 aliud
709 1315 817 1358 qu0‚
851 1315 900 1345 se
932 1300 1052 1345 mihi
1082 1300 1392 1352 insinuantes,
1419 1315 1494 1346 me
1523 1300 1613 1346 sibi

209 1377 445 1422 addicant.
482 1377 612 1422 vEro
651 1376 814 1436 itaque
852 1392 1101 1437 nusquam.
1131 1378 1245 1422 dum
1288 1377 1465 1437 ubique
1505 1394 1614 1423 con-

149 1464 196 1503 ¹5
210 1454 349 1500 venio
369 1453 597 1512 Quam-ite,
623 1459 664 1499 et
688 1454 948 1500 invenietis.-
978 1462 1026 1500 et
1054 1455 1195 1500 velim
1225 1453 1609 1515 [subandiendmn

209 1530 400 1585 videtur,
446 1532 615 1578 dicere.
688 1530 790 1578 Vid.
831 1532 1008 1593 notam]
1066 1533 1135 1578 sic
1183 1549 1432 1593 nusquam,
1474 1535 1612 1594 quasi

208 1610 293 1670 qui
339 1625 584 1670 nunquam
623 1611 1013 1670 apprehenderim
1054 1612 1185 1662 illud,
1222 1613 1347 1670 quod
1390 1612 1614 1658 Christus

210 1686 433 1741 instituit,
466 1689 590 1748 quod
633 1688 798 1747 quaeri
839 1696 1038 1748 oportet,
1079 1690 1204 1748 quod
1253 1690 1379 1735 credi
1429 1705 1615 1736 necesse

208 1771 293 1810 est.

147 1860 197 1884 ²0
279 1852 480 1912 Impune
504 1859 702 1903 erratur,
729 1853 822 1899 nisi
847 1854 1184 1914 delinquatur;
1211 1854 1431 1914 quamvis
1455 1868 1612 1899 errare
1626 1868 1734 1899 CAP.
1767 1868 1832 1899 xl.

210 1930 484 1989 delinquere
518 1936 616 1976 est:
653 1930 860 1991 impune,
896 1932 1104 1991 inquam,
1131 1939 1346 1993 vagatur,
1371 1931 1454 1991 qui
1491 1931 1613 1977 nihil

210 2007 398 2053 deserit.
469 2007 538 2053 At
567 2007 693 2053 enim
724 2008 763 2054 si
789 2010 915 2068 quod
948 2009 1091 2055 debui
1124 2011 1324 2062 credere,
1348 2009 1541 2060 credidi,
1566 2016 1613 2054 et

211 2085 340 2130 aliud
365 2086 520 2130 denuo
543 2092 660 2144 puto
684 2085 1036 2144 requirendum,
1061 2102 1198 2146 spero
1221 2086 1388 2146 utique
1412 2093 1459 2131 et
1482 2086 1612 2132 aliud

210 2178 311 2208 esse
357 2162 731 2208 inveniendum:
784 2165 916 2209 nullo
964 2165 1102 2209 modo
1147 2170 1423 2223 speraturus
1470 2164 1612 2215 istud,

148 2252 196 2290 25
211 2239 304 2285 nisi
328 2239 444 2300 quia
466 2246 550 2285 aut
582 2256 676 2285 non
700 2241 991 2286 credideram
1016 2241 1099 2300 qui
1125 2241 1322 2286 videbar
1343 2241 1612 2294 credidisse,

210 2323 294 2362 aut
339 2316 458 2362 desii
505 2317 773 2363 credidisse.
868 2318 944 2363 Ita
990 2317 1128 2364 fidem
1178 2333 1332 2363 meam
1380 2319 1612 2370 deserens,

210 2400 409 2456 negator
453 2394 683 2440 invenior.
772 2395 926 2441 Semel
973 2395 1191 2448 dixerim,
1234 2411 1373 2441 nemo
1413 2395 1613 2455 quaerit,

211 2471 304 2517 nisi
338 2471 422 2531 qui
458 2478 542 2517 aut
577 2488 671 2518 non
704 2473 888 2526 habuit,
920 2480 1004 2519 aut
1038 2473 1261 2533 perdidit.
1334 2473 1614 2519 Perdiderat
1629 2487 1709 2518 Luc.
1727 2497 1780 2518 xv.

152 2550 154 2552 ’
210 2563 357 2594 unam
395 2564 453 2594 ex
488 2551 647 2595 decem
684 2550 925 2596 drachmis
961 2566 1081 2596 anus
1118 2551 1212 2603 illa,
1249 2558 1296 2596 et
1332 2551 1437 2596 ideo
1471 2566 1614 2610 quae-

145 2644 196 2680 30
211 2626 372 2671 rebat:
410 2626 492 2671 ubi
529 2632 687 2672 tamen
725 2627 922 2680 invenit,
947 2644 1172 2688 quaerere
1204 2628 1358 2674 desiit.
1432 2629 1610 2674 Panem
1627 2639 1707 2671 Luc.
1726 2641 1770 2671 xi.

211 2702 396 2748 vicinus
432 2719 527 2748 non
563 2704 781 2756 habebat,
811 2712 859 2750 et
894 2705 1000 2751 ideo
1034 2706 1285 2765 pulsabat:
1333 2706 1416 2752 ubi
1452 2712 1611 2752 tamen

212 2787 426 2839 apertum
462 2787 533 2826 est
566 2781 622 2833 ei,
648 2790 695 2826 et
726 2783 921 2842 accepit,
946 2784 1135 2842 pulsare
1166 2784 1380 2829 cessavit.
1452 2783 1614 2830 Vidua
1626 2798 1707 2829 Luc.
1726 2798 1816 2828 xviii.

213 2872 240 2902 a
266 2857 429 2918 judice
455 2859 644 2917 petebat
669 2859 838 2907 audiri,
863 2859 977 2918 quia
1002 2875 1094 2904 non
1122 2860 1493 2914 adn-›ittebatur;
1531 2862 1611 2906 sed

962 2949 985 2975 K
1009 2937 1035 2974 ⁰2
