2034 3204
442 202 529 245 364
797 199 1083 243 VETERUM
1115 198 1491 242 TESTIMONIA.

624 342 884 382 CANONES
911 340 1174 380 AELFRIOI
1203 340 1279 378 AD
1309 337 1663 386 WULFSINUM‚

493 430 609 469 Anno
629 430 774 469 Christi
795 439 873 479 970
893 428 1049 476 condit-i,
1069 442 1090 467 e
1108 428 1240 479 lingua
1259 426 1449 466 Saxonica
1467 425 1604 464 Latine
1622 422 1803 463 conversi.

1017 498 1115 537 Sect.
1138 497 1271 536 xxxiii.

496 589 654 631 ——HAn
674 594 850 644 quatuor
877 587 1036 644 Synodi
1067 587 1348 629 observandae
1378 592 1486 635 sunt,
1508 585 1647 642 prouti
1667 590 1845 641 quatuor

441 657 596 700 Christi
616 656 710 699 libri
730 656 773 698 in
794 655 979 698 Ecclesia
1000 654 1167 698 Christi.
1223 655 1382 697 Multae
1405 653 1563 711 Synodi
1583 653 1731 696 deinde
1751 668 1845 696 con·
1858 667 1882 706 5

437 726 736 783 gregabantur‚
771 724 846 766 sed
879 730 1058 780 quatuor
1091 723 1186 766 illae
1226 729 1322 766 sunt
1355 722 1616 779 praecipuae,
1652 722 1844 778 quoniam

437 794 728 837 exstinxerunt
763 792 993 835 haereticas
1023 792 1115 835 illas
1142 792 1363 842 doctrinas,
1392 806 1495 848 quas
1515 791 1713 834 haeretici
1732 791 1845 834 inve-

437 868 590 906 nerunt
615 861 824 904 haeretice
853 861 1052 904 adversus
1082 861 1243 911 Deum;
1275 867 1318 903 et
1342 860 1371 903 ii
1398 860 1522 903 etiam
1543 860 1846 904 constituerunt

437 928 752 972 ecclesiasticum
779 927 1064 970 ministerium.
1127 927 1309 971 Concilia
1328 928 1510 985 Magnae
1538 927 1778 970 Britanniae
1801 934 1844 971 et

439 996 667 1040 Hiberniae
686 1011 713 1040 a
732 996 895 1040 Davide
910 996 1088 1040 Wilkins
1108 995 1207 1039 edit.
1229 1002 1328 1039 tom.
1350 1010 1379 1047 1,
1399 1011 1441 1053 p.
1461 1007 1556 1052 254.
1860 1014 1909 1042 10

495 1134 669 1176 Exsm
698 1132 812 1176 aliud
839 1138 1060 1190 praeterea
1078 1132 1355 1176 testimonium
1384 1132 1428 1188 in
1457 1132 1607 1176 Codice
1630 1134 1842 1176 Canonum

439 1203 563 1246 MSto
589 1218 616 1246 a
651 1203 854 1245 Britanno
886 1203 1064 1259 quodam
1089 1203 1154 1245 vel
1181 1202 1384 1256 Hiberno,
1415 1209 1462 1245 ut-
1493 1203 1670 1255 videtur‚
1701 1204 1844 1247 collec-

437 1278 587 1322 torum,
612 1272 727 1330 cujus
745 1272 994 1315 mentionem
1024 1271 1124 1315 facit
1147 1273 1176 1315 J
1178 1287 1331 1315 oannes
1360 1272 1560 1316 Seldenus
1586 1272 1629 1315 in
1657 1272 1844 1316 Historia

438 1342 716 1391 Decimarum,
738 1355 826 1398 cap.
840 1340 920 1392 viii,
940 1355 982 1398 p.
1001 1353 1096 1383 210.

974 1506 1032 1530 ms
1048 1507 1236 1530 annennus
1253 1508 1312 1531 zsr
1859 1502 1907 1542 15

709 1574 735 1613 J
738 1574 954 1614 ACOBUS
983 1575 1092 1614 REX
1121 1576 1570 1625 BRITANNIARUM,

713 1661 762 1701 ln
781 1661 974 1714 Apologia
991 1676 1062 1713 pro
1081 1663 1106 1701 J
1108 1667 1310 1703 uramento
1329 1664 1557 1705 Fidelitatis.

496 1750 636 1790 Pam
668 1754 845 1805 quatuor
876 1749 1089 1805 generalia
1119 1749 1300 1792 Concilia
1333 1756 1530 1807 tanquam
1566 1750 1767 1794 catholica
1798 1757 1840 1794 et

437 1817 559 1860 ortho
575 1817 684 1859 doxa
696 1831 872 1859 veneror
905 1823 1032 1874 atque
1057 1817 1223 1874 recipio,
1249 1832 1354 1875 quae
1385 1825 1428 1862 et
1460 1819 1622 1875 publica
1649 1819 1838 1863 ordinum

438 1891 671 1928 nostrorum
703 1886 912 1929 sanctione
937 1895 1107 1944 recepta
1125 1892 1234 1939 sunt,
1256 1893 1299 1931 et
1322 1889 1376 1931 ab
1398 1887 1582 1931 Ecclesia
1601 1894 1743 1932 nostra
1762 1903 1838 1946 pro
1854 1907 1905 1933 πο

437 1954 678 2031 orthodoxis
718 1955 938 1999 habentur.
989 1970 1029 2013 p.
1062 1956 1132 2013 38,
1173 1954 1271 2000 edit.
1311 1957 1442 2000 Lond.
1478 1971 1545 2000 an.
1581 1959 1688 2013 1609
1728 1956 1839 2015 typis

436 2037 671 2079 impressae.
