1988 3216
396 294 458 334 IN
492 293 533 335 S.
562 290 878 334 HIPPOLYTI
912 288 1148 332 CONTRA
1185 288 1448 330 NOETUM.
1568 290 1624 332 93

280 403 326 444 Ρ.
351 413 416 457 73.
442 401 468 443 l.
493 413 559 442 12.
582 401 646 442 καὶ
666 400 762 452 ἥκω]
798 399 976 440 Exstare
1003 398 1080 439 hoc
1105 396 1432 439 additamentum
1459 396 1501 438 in
1526 397 1627 438 duo-

220 460 298 502 bus
339 459 469 501 Codd.
511 457 686 514 scriptia
726 456 832 499 sicut
870 455 1078 498 invenitur
1117 454 1228 510 apud
1270 454 1626 511 Chrysostomum,

222 516 444 560 ostendunt
464 516 565 558 Var.
589 515 719 557 Lectt.
742 514 854 556 Test.
876 512 984 555 Novi
1006 511 1379 560 Griesbachianae3
1413 512 1454 553 in
1478 512 1628 568 quibus

222 573 442 616 memorari
476 573 678 615 debuerat
708 572 794 628 Hip
824 571 974 628 clytus,
1047 570 1178 611 Porro
1218 569 1415 626 scriptum
1456 584 1545 611 esse
1585 569 1626 610 in

183 642 209 680 5
223 631 361 674 multis
383 630 613 680 Codicibus,
634 587 839 687 quomodb
868 628 980 686 apud
1004 627 1293 685 Hippolytum,
1314 628 1356 668 ἐκ
1377 630 1446 668 τοῦ
1468 627 1629 680 Πατρὸς

222 704 299 747 pro
320 688 493 731 lectione
513 694 681 744 recept-a
696 690 801 740 παρὰ
817 689 886 728 τοῦ
902 685 1071 738 Πατρὸς,
1087 685 1256 727 eaedem
1274 685 1407 726 Lectt.
1424 685 1614 741 probant.

283 747 388 790 Ibid.
409 747 450 788 τί
473 745 516 788 δέ
541 747 653 788 ἐστιν
679 745 737 796 τὸ,
765 744 950 798 ἐξῆλθον]
987 743 1102 785 Fors.
1118 744 1161 785 τί
1184 741 1227 784 δέ
1252 744 1374 791 ἐστιν,
1397 742 1418 783 ὃ
1448 744 1627 794 ἐξῆλθεν.

227 805 349 856 Quod
369 803 571 846 invenisse
592 804 806 859 Interpres
825 801 1000 844 videtur.

284 862 389 904 Ibid.
410 862 436 903 l.
460 875 518 914 ¹4·
548 860 678 912 ἀλλ’ἢ
701 859 885 915 Πνεῦμα]
923 858 1073 900 Divina
1093 857 1249 900 Christi
1279 863 1440 909 natura,
1466 857 1525 900 uti
1552 865 1627 906 est,

165 920 285 963 xoita
311 919 461 976 passim
487 918 610 961 etiam
641 917 790 960 dicitur
813 916 991 974 Spiritus
1018 915 1198 972 antiquis
1218 915 1426 957 Ecclesiae
1453 915 1631 957 doctori-

209 979 302 1020 -bus
337 979 400 1019 διὰ
434 978 480 1019 τὸ
517 975 829 1030 ἀσχημάτιστον,
862 982 908 1017 ut
947 974 1128 1030 loquitur
1160 973 1330 1015 Proclus
1361 973 1625 1015 CPolitanus.

226 1035 333 1079 Vide
355 1035 576 1092 Hugonem
600 1033 788 1076 Grotium
811 1033 865 1074 ad
887 1031 1018 1074 Marci
1039 1046 1126 1088 cap.
1145 1031 1184 1073 ii.
1202 1046 1307 1073 vers.
1325 1032 1364 1072 8.
1397 1031 1566 1072 FABR.

286 1093 331 1134 P.
355 1103 423 1146 74.
445 1092 471 1134 l.
496 1106 510 1132 1
524 1106 557 1133 1.
579 1091 686 1143 πλὴν
706 1092 791 1144 δύο]
826 1090 975 1132 Matth.
994 1096 1036 1132 et
1052 1089 1151 1131 Luc.
1167 1089 1208 1130 in
1227 1089 1427 1145 Evangel.
1461 1089 1629 1130 FABR.

287 1149 390 1192 Ibid.
417 1149 444 1190 l.
470 1162 534 1204 13.
566 1150 862 1191 ἀποκαλύπτειν
892 1148 1056 1199 μέλλων
1087 1146 1195 1204 τότε]
1233 1148 1298 1188 An
1330 1146 1493 1203 legend.
1519 1163 1629 1194 ποτε,

167 1222 181 1247 1
190 1219 212 1257 5
226 1208 467 1264 aliquando
481 1207 504 1249 ,⁹

286 1266 334 1307 P.
359 1276 425 1320 75.
447 1264 474 1306 l.
498 1278 560 1318 19.
582 1263 628 1305 οὗ
649 1263 814 1316 πάρεστι
837 1261 985 1318 Λόγος]
1021 1261 1170 1304 Melius
1192 1261 1355 1303 videtur
1375 1259 1406 1317 ᾧ
1427 1278 1467 1303 π.
1491 1261 1540 1303 A'.

287 1323 334 1364 Ρ.
360 1323 427 1377 76.
449 1322 475 1364 l.
499 1334 538 1363 2.
562 1322 688 1364 καθὼς
708 1322 874 1370 εἴπαμεν
893 1319 1093 1373 ἀνωτέρω]
1124 1319 1252 1375 Capp.
1279 1333 1328 1361 ιο
1347 1327 1390 1361 et
1410 1331 1474 1361 12.

287 1380 393 1423 Ibid.
414 1379 440 1422 l.
464 1392 526 1421 10.
552 1377 657 1421 Θεὸς
678 1378 722 1419 ἐν
742 1378 893 1429 σώματι
915 1375 1168 1433 ἐφανερώθη]
1208 1377 1360 1419 Utrum
1391 1376 1458 1418 hic
1487 1376 1635 1419 affera-

229 1444 298 1480 tur
314 1436 500 1494 Apostoli
520 1435 622 1477 illud
642 1434 684 1476 in
705 1434 834 1491 priori
851 1434 1038 1490 Epistola
1057 1434 1110 1475 ad
1134 1434 1177 1476 S.
1196 1433 1473 1485 Timotheum,
1495 1434 1549 1476 iii.
1573 1435 1633 1482 16,

167 1512 216 1536 20
231 1495 338 1539 Θεὸς
357 1494 588 1548 ἐφανερώθη
608 1494 652 1534 ἐν
668 1492 798 1544 σαρκὶ,
820 1491 956 1533 adhuc
976 1492 1025 1533 lis
1045 1497 1120 1534 est.
1173 1492 1238 1533 De
1259 1492 1403 1533 eadem
1425 1506 1471 1533 re
1491 1506 1634 1549 agens,

230 1554 332 1595 haec
363 1557 426 1594 est
459 1550 687 1592 incarnatio
719 1549 887 1597 Christi,
920 1548 1173 1606 Hippolytus
1202 1549 1243 1590 in
1279 1549 1359 1591 alio
1394 1563 1441 1591 ac
1474 1549 1637 1592 diverso

231 1625 356 1668 opere
391 1608 565 1666 scripsit,
595 1608 734 1656 Οὗτος,
769 1609 790 1647 ὁ
822 1609 1030 1659 προελθὼν
1064 1609 1119 1650 εἰς
1148 1607 1217 1648 τὸν
1250 1608 1401 1659 κόσμον
1432 1607 1539 1651 Θεὸς
1575 1610 1638 1649 καὶ

230 1670 435 1721 ἄνθρωπος
468 1666 711 1719 ἐφανερώθη.
779 1665 911 1707 Locus
941 1670 1079 1707 exstat
1109 1664 1220 1721 apud
1252 1664 1561 1707 Theodoretum
1597 1665 1639 1706 in

231 1725 409 1782 Dialogo
437 1723 478 1766 ii.
506 1738 547 1780 p.
574 1735 666 1778 132,
691 1722 789 1764 edit.
823 1722 1009 1765 Schulze.
1084 1723 1192 1764 Eum
1228 1737 1327 1765 vero
1365 1722 1518 1765 afferre
1556 1737 1639 1765 non

169 1793 217 1832 25
232 1783 410 1826 debebat
436 1780 741 1830 Griesbachius‚
767 1786 963 1836 tanquam
991 1794 1118 1836 quum
1148 1780 1226 1822 hoc
1255 1781 1388 1823 altero
1419 1780 1638 1838 Hippolyti

231 1842 320 1884 loco
350 1840 477 1883 verbo
512 1845 633 1882 tenus
667 1838 982 1895 discrepantem,
1018 1837 1058 1879 in
1093 1852 1175 1894 quo
1207 1838 1243 1880 A
1299 1838 1449 1880 stolum
1488 1837 1639 1881 adduci

230 1897 349 1941 multi
379 1902 571 1946 censent3
603 1895 647 1938 id
667 1895 779 1952 quod
805 1896 959 1938 factum
980 1896 1023 1937 in
1044 1895 1180 1938 verbis
1200 1911 1226 1938 a
1285 1896 1510 1939 beodoreto
1540 1896 1640 1938 alla-

231 1956 284 1999 tis
314 1969 433 1998 nemo
464 1954 641 1996 dixerat.
704 1954 762 1995 At
783 1968 881 1995 vero
911 1952 1012 1994 nihil
1043 1953 1192 2003 obstat,
1214 1953 1313 2010 quin
1343 1960 1521 2010 utroque
1551 1954 1640 1996 loco

234 2013 502 2070 Hippolytus,
524 2011 683 2054 etiamsi
704 2011 815 2068 apud
837 2011 1078 2068 Apostolum
1100 2011 1316 2054 lectionem
1337 2011 1393 2062 ὃς,
1415 2026 1497 2053 non
1519 2013 1640 2063 Θεὸς,

169 2085 221 2122 30
233 2070 451 2120 invenerit,
471 2070 530 2112 ita
558 2075 696 2111 tamen
726 2075 949 2125 propterea
978 2068 1190 2118 scriberet,
1213 2069 1321 2134 quod
1354 2069 1570 2111 relativum
1600 2069 1643 2121 ἃς

233 2144 323 2172 cum
354 2126 692 2170 antecedentibus
717 2129 828 2168 Θεοῦ
852 2130 1007 2176 ζῶντος,
1033 2127 1263 2168 interclus1s
1287 2126 1453 2169 vocibus
1483 2127 1640 2177 mediis,

233 2185 553 2229 construendum
588 2184 810 2226 statuebat.
874 2184 941 2226 Sic
976 2191 1018 2227 et
1053 2184 1224 2226 inferius
1259 2184 1386 2226 habet
1418 2185 1642 2241 Apostolus

233 2259 353 2287 voces
373 2243 537 2286 easdem
567 2242 677 2284 inter
697 2256 741 2284 se
761 2256 978 2284 connexas,
1031 2241 1138 2284 Vide
1159 2242 1211 2284 de
1233 2242 1276 2284 S.
1291 2242 1409 2284 Pauli
1428 2242 1518 2284 loco
1539 2256 1642 2299 opus

234 2301 463 2360 egregium,
489 2299 596 2342 Novi
626 2299 822 2342 Foederis
848 2299 1239 2357 Interpretationem
1266 2299 1497 2357 Anglicam,
1518 2314 1642 2356 quam

172 2370 222 2410 35
235 2374 367 2417 nuper
383 2358 546 2415 scripsit
563 2357 814 2400 Granvillius
830 2358 959 2406 Penn‚
977 2358 1039 2399 vir
1060 2357 1219 2410 nobilis,
1236 2357 1426 2414 idemque
1441 2357 1484 2400 in
1500 2358 1643 2415 primis

235 2423 405 2460 ornatus
426 2422 468 2458 et
487 2415 708 2458 litteratus.

295 2475 400 2518 Ibid.
425 2474 451 2516 l.
475 2487 539 2515 11.
573 2475 672 2515 κατὰ
699 2471 927 2526 φαντασίαν
953 2471 977 2524 ἦ
1004 2471 1174 2530 τροπὴν]
1209 2472 1420 2515 Adversus
1452 2473 1643 2515 haeresin

237 2534 502 2580 Docetarum,
528 2545 635 2587 quae
663 2530 859 2572 latissime
889 2536 1111 2586 serpserat,
1139 2536 1405 2588 propugnata
1430 2545 1456 2572 a
1478 2530 1644 2573 Simone

237 2591 379 2648 Mago,
408 2588 652 2637 Menandro,
680 2587 903 2636 Saturffllo,
934 2587 1152 2640 Gnosticis,
1181 2587 1418 2637 Corinthiis,
1448 2588 1643 2640 Basilide,

175 2663 226 2697 40
238 2646 473 2696 Valentino,
498 2645 700 2698 Secundo,
722 2645 953 2701 Epiphane,
974 2645 1146 2697 Isidoro,
1169 2645 1485 2697 Heracleonitis‚
1508 2646 1645 2688 Ptole-

237 2720 368 2754 maeo,
401 2702 683 2751 Marcosianis,
715 2702 894 2758 Ophitis‚
930 2702 1149 2751 Sethianis,
1182 2703 1388 2753 Cerdone,
1418 2704 1643 2752 Marcione,

241 2763 398 2820 Apelle,
420 2761 672 2810 Bardesane,
699 2760 939 2808 HarmeniO,
960 2760 1022 2802 uti
1049 2760 1241 2817 deinceps
1266 2775 1292 2802 a
1313 2760 1580 2811 Manichaeis‚
1602 2768 1645 2804 et

240 2818 571 2863 Priscillianistis.
606 2817 774 2859 FABR.

303 2879 350 2920 P.
375 2889 442 2933 77.
468 2876 495 2918 l.
515 2888 555 2931 5.
587 2876 609 2916 ὁ
638 2876 830 2928 πρότερον
859 2875 924 2916 ὑπ’
946 2874 1065 2916 αὐτοῦ
1100 2876 1397 2928 ἱερατευόμενος
1430 2877 1482 2920 ὡς
1513 2877 1639 2932 Θεός]

179 2950 228 2987 45
244 2936 352 2988 Quia
366 2934 596 2977 Turrianus
615 2933 692 2974 hoc
714 2931 833 2974 modo
852 2931 986 2974 locum
1003 2932 1140 2982 vertit,
1157 2934 1234 2989 qui
1254 2941 1349 2975 erat
1369 2934 1426 2976 ab
1441 2949 1487 2976 eo
1506 2949 1647 2977 sacer-
