<?xml version="1.0" encoding="UTF-8"?>
<!DOCTYPE html PUBLIC "-//W3C//DTD XHTML 1.0 Transitional//EN"
    "http://www.w3.org/TR/xhtml1/DTD/xhtml1-transitional.dtd">
<html xmlns="http://www.w3.org/1999/xhtml" xml:lang="en" lang="en">
 <head>
  <title>
</title>
<meta http-equiv="Content-Type" content="text/html;charset=utf-8" />
  <meta name='ocr-system' content='tesseract 3.04.00' />
  <meta name='ocr-capabilities' content='ocr_page ocr_carea ocr_par ocr_line ocrx_word'/>
</head>
<body>
  <div class='ocr_page' id='page_1' title='image "./scriptorumeccles01rout_0096.png"; bbox 0 0 1988 3216; ppageno 0'>
   <div class='ocr_carea' id='block_1_1' title="bbox 364 209 1590 254">
    <p class='ocr_par' dir='ltr' id='par_1_1' title="bbox 364 209 1590 254">
     <span class='ocr_line' id='line_1_1' title="bbox 364 209 1590 254; baseline -0.001 -3"><span class='ocrx_word' id='word_1_1' title='bbox 364 213 422 252; x_wconf 84' lang='lat'>80</span> <span class='ocrx_word' id='word_1_2' title='bbox 572 212 613 253; x_wconf 83' lang='lat' dir='ltr'>S.</span> <span class='ocrx_word' id='word_1_3' title='bbox 637 211 956 254; x_wconf 87' lang='lat' dir='ltr'>HIPPOLYTI</span> <span class='ocrx_word' id='word_1_4' title='bbox 990 211 1162 254; x_wconf 82' lang='lat' dir='ltr'><strong>CONT.</strong></span> <span class='ocrx_word' id='word_1_5' title='bbox 1191 211 1366 252; x_wconf 85' lang='lat' dir='ltr'>HAER.</span> <span class='ocrx_word' id='word_1_6' title='bbox 1396 209 1590 252; x_wconf 86' lang='lat' dir='ltr'>NOETI.</span> 
     </span>
    </p>
   </div>
   <div class='ocr_carea' id='block_1_2' title="bbox 363 310 1808 1242">
    <p class='ocr_par' dir='ltr' id='par_1_2' title="bbox 363 310 1808 973">
     <span class='ocr_line' id='line_1_2' title="bbox 363 310 1771 387; baseline -0.001 -19"><span class='ocrx_word' id='word_1_7' title='bbox 363 317 639 387; x_wconf 78' lang='grc' dir='ltr'>εἰσέρχεται,</span> <span class='ocrx_word' id='word_1_8' title='bbox 692 318 769 368; x_wconf 80' lang='grc' dir='ltr'>καὶ</span> <span class='ocrx_word' id='word_1_9' title='bbox 823 315 1105 378; x_wconf 84' lang='grc' dir='ltr'>βλεπόντων</span> <span class='ocrx_word' id='word_1_10' title='bbox 1151 318 1378 380; x_wconf 83' lang='grc' dir='ltr'>μαθητῶν</span> <span class='ocrx_word' id='word_1_11' title='bbox 1427 310 1519 366; x_wconf 78' lang='grc' dir='ltr'>ὑπὸ</span> <span class='ocrx_word' id='word_1_12' title='bbox 1570 311 1771 382; x_wconf 74' lang='grc' dir='ltr'>νεφέλης</span> 
     </span>
     <span class='ocr_line' id='line_1_3' title="bbox 364 395 1772 469; baseline -0.004 -15"><span class='ocrx_word' id='word_1_13' title='bbox 364 401 754 468; x_wconf 81' lang='grc' dir='ltr'>ἀναλαμβάνεται</span> <span class='ocrx_word' id='word_1_14' title='bbox 790 405 854 457; x_wconf 78' lang='grc' dir='ltr'>εἰς</span> <span class='ocrx_word' id='word_1_15' title='bbox 892 398 1135 469; x_wconf 77' lang='grc' dir='ltr'>οὐρανοὺς,</span> <span class='ocrx_word' id='word_1_16' title='bbox 1164 402 1241 452; x_wconf 82' lang='grc' dir='ltr'>καὶ</span> <span class='ocrx_word' id='word_1_17' title='bbox 1278 401 1329 451; x_wconf 89' lang='grc' dir='ltr'>ἐκ</span> <span class='ocrx_word' id='word_1_18' title='bbox 1368 397 1536 467; x_wconf 76' lang='grc' dir='ltr'>δεξιῶν</span> <span class='ocrx_word' id='word_1_19' title='bbox 1576 395 1772 466; x_wconf 82' lang='grc' dir='ltr'>Πατρός</span> 
     </span>
     <span class='ocr_line' id='line_1_4' title="bbox 365 483 1768 554; baseline -0.004 -16"><span class='ocrx_word' id='word_1_20' title='bbox 365 486 610 554; x_wconf 76' lang='grc' dir='ltr'>καθίζεται,</span> <span class='ocrx_word' id='word_1_21' title='bbox 637 489 714 539; x_wconf 83' lang='grc' dir='ltr'>καὶ</span> <span class='ocrx_word' id='word_1_22' title='bbox 753 485 942 553; x_wconf 78' lang='grc' dir='ltr'>ζώντων</span> <span class='ocrx_word' id='word_1_23' title='bbox 979 486 1057 537; x_wconf 81' lang='grc' dir='ltr'>καὶ</span> <span class='ocrx_word' id='word_1_24' title='bbox 1103 489 1278 554; x_wconf 83' lang='grc' dir='ltr'>νεκρῶν</span> <span class='ocrx_word' id='word_1_25' title='bbox 1315 483 1625 552; x_wconf 85' lang='grc' dir='ltr'>παραγίνεται</span> <span class='ocrx_word' id='word_1_26' title='bbox 1668 506 1768 551; x_wconf 88' lang='grc' dir='ltr'>κρι-</span> 
     </span>
     <span class='ocr_line' id='line_1_5' title="bbox 363 567 1767 638; baseline -0.004 -13"><span class='ocrx_word' id='word_1_27' title='bbox 363 571 464 638; x_wconf 81' lang='grc' dir='ltr'>τής.</span> <span class='ocrx_word' id='word_1_28' title='bbox 545 573 705 628; x_wconf 76' lang='grc' dir='ltr'>Οὗτος</span> <span class='ocrx_word' id='word_1_29' title='bbox 732 574 757 624; x_wconf 89' lang='grc' dir='ltr'>ὁ</span> <span class='ocrx_word' id='word_1_30' title='bbox 784 569 921 635; x_wconf 78' lang='grc' dir='ltr'>Θεὸς,</span> <span class='ocrx_word' id='word_1_31' title='bbox 946 573 972 623; x_wconf 85' lang='grc' dir='ltr'>ὁ</span> <span class='ocrx_word' id='word_1_32' title='bbox 1009 569 1261 638; x_wconf 75' lang='grc' dir='ltr'>ἄνθρωπος</span> <span class='ocrx_word' id='word_1_33' title='bbox 1294 569 1349 620; x_wconf 88' lang='grc' dir='ltr'>δι’</span> <span class='ocrx_word' id='word_1_34' title='bbox 1378 569 1500 634; x_wconf 84' lang='grc' dir='ltr'>ἡμᾶς</span> <span class='ocrx_word' id='word_1_35' title='bbox 1537 567 1767 635; x_wconf 78' lang='grc' dir='ltr'>γεγονὼς,</span> 
     </span>
     <span class='ocr_line' id='line_1_6' title="bbox 366 650 1808 725; baseline -0.003 -17"><span class='ocrx_word' id='word_1_36' title='bbox 366 653 405 725; x_wconf 75' lang='grc' dir='ltr'><em>ᾧ</em></span> <span class='ocrx_word' id='word_1_37' title='bbox 429 653 587 708; x_wconf 79' lang='grc' dir='ltr'>πάντα</span> <span class='ocrx_word' id='word_1_38' title='bbox 613 654 844 723; x_wconf 78' lang='grc' dir='ltr'>ὑπέταξεν</span> <span class='ocrx_word' id='word_1_39' title='bbox 863 654 1051 722; x_wconf 79' lang='grc' dir='ltr'>Πατήρ.</span> <span class='ocrx_word' id='word_1_40' title='bbox 1112 655 1254 724; x_wconf 72' lang='grc' dir='ltr'>Αὐτῷ</span> <span class='ocrx_word' id='word_1_41' title='bbox 1280 654 1309 718; x_wconf 88' lang='grc' dir='ltr'>ἡ</span> <span class='ocrx_word' id='word_1_42' title='bbox 1330 651 1451 721; x_wconf 79' lang='grc' dir='ltr'>δόξα</span> <span class='ocrx_word' id='word_1_43' title='bbox 1476 654 1553 704; x_wconf 81' lang='grc' dir='ltr'>καὶ</span> <span class='ocrx_word' id='word_1_44' title='bbox 1578 650 1634 705; x_wconf 78' lang='grc' dir='ltr'>τὸ</span> <span class='ocrx_word' id='word_1_45' title='bbox 1654 651 1768 720; x_wconf 79' lang='grc' dir='ltr'>κρά-</span> <span class='ocrx_word' id='word_1_46' title='bbox 1785 674 1808 712; x_wconf 89' lang='lat'><strong><em>5</em></strong></span> 
     </span>
     <span class='ocr_line' id='line_1_7' title="bbox 364 737 1770 809; baseline -0.001 -19"><span class='ocrx_word' id='word_1_47' title='bbox 364 761 447 794; x_wconf 77' lang='grc' dir='ltr'>τος</span> <span class='ocrx_word' id='word_1_48' title='bbox 484 737 584 804; x_wconf 80' lang='grc' dir='ltr'>ἅμα</span> <span class='ocrx_word' id='word_1_49' title='bbox 612 741 769 807; x_wconf 85' lang='grc' dir='ltr'>Πατρὶ</span> <span class='ocrx_word' id='word_1_50' title='bbox 808 742 884 791; x_wconf 77' lang='grc' dir='ltr'>καὶ</span> <span class='ocrx_word' id='word_1_51' title='bbox 923 740 1045 809; x_wconf 75' lang='grc' dir='ltr'><em>ἁγίῳ</em></span> <span class='ocrx_word' id='word_1_52' title='bbox 1073 737 1331 803; x_wconf 76' lang='grc' dir='ltr'>Πνεύματι,</span> <span class='ocrx_word' id='word_1_53' title='bbox 1355 738 1404 789; x_wconf 83' lang='grc' dir='ltr'>ἐν</span> <span class='ocrx_word' id='word_1_54' title='bbox 1432 739 1491 806; x_wconf 85' lang='grc' dir='ltr'>τῇ</span> <span class='ocrx_word' id='word_1_55' title='bbox 1517 737 1632 806; x_wconf 78' lang='grc' dir='ltr'><em>ἁγίᾳ</em></span> <span class='ocrx_word' id='word_1_56' title='bbox 1653 737 1770 789; x_wconf 88' lang='grc' dir='ltr'>Ἐκ-</span> 
     </span>
     <span class='ocr_line' id='line_1_8' title="bbox 365 819 1774 893; baseline -0.002 -19"><span class='ocrx_word' id='word_1_57' title='bbox 365 824 548 893; x_wconf 77' lang='grc' dir='ltr'>κλησ-ίᾳ</span> <span class='ocrx_word' id='word_1_58' title='bbox 599 827 674 875; x_wconf 78' lang='grc' dir='ltr'>καὶ</span> <span class='ocrx_word' id='word_1_59' title='bbox 717 829 801 876; x_wconf 87' lang='grc' dir='ltr'>νῦν</span> <span class='ocrx_word' id='word_1_60' title='bbox 842 826 918 875; x_wconf 80' lang='grc' dir='ltr'>καὶ</span> <span class='ocrx_word' id='word_1_61' title='bbox 963 825 1032 874; x_wconf 82' lang='grc' dir='ltr'>ἀεὶ</span> <span class='ocrx_word' id='word_1_62' title='bbox 1073 825 1150 874; x_wconf 85' lang='grc' dir='ltr'>καὶ</span> <span class='ocrx_word' id='word_1_63' title='bbox 1190 825 1253 876; x_wconf 80' lang='grc' dir='ltr'>εἰς</span> <span class='ocrx_word' id='word_1_64' title='bbox 1296 819 1407 876; x_wconf 79' lang='grc' dir='ltr'>τοὺς</span> <span class='ocrx_word' id='word_1_65' title='bbox 1455 823 1628 876; x_wconf 76' lang='grc' dir='ltr'>αἰῶνας</span> <span class='ocrx_word' id='word_1_66' title='bbox 1676 825 1774 874; x_wconf 83' lang='grc' dir='ltr'>τῶν</span> 
     </span>
     <span class='ocr_line' id='line_1_9' title="bbox 366 907 814 973; baseline 0 -14"><span class='ocrx_word' id='word_1_67' title='bbox 366 907 563 960; x_wconf 79' lang='grc' dir='ltr'>αἰώνων.</span> <span class='ocrx_word' id='word_1_68' title='bbox 639 907 814 973; x_wconf 85' lang='grc' dir='ltr'>Ἀμήν.</span> 
     </span>
    </p>

    <p class='ocr_par' dir='ltr' id='par_1_3' title="bbox 365 1023 1774 1242">
     <span class='ocr_line' id='line_1_10' title="bbox 367 1023 1772 1080; baseline -0.003 -13"><span class='ocrx_word' id='word_1_69' title='bbox 367 1029 583 1080; x_wconf 79' lang='lat' dir='ltr'>ingreditur</span> <span class='ocrx_word' id='word_1_70' title='bbox 593 1036 620 1067; x_wconf 61' lang='grc' dir='ltr'>ὃ.</span> <span class='ocrx_word' id='word_1_71' title='bbox 698 1029 775 1066; x_wconf 83' lang='lat' dir='ltr'>Hic</span> <span class='ocrx_word' id='word_1_72' title='bbox 825 1028 1044 1067; x_wconf 79' lang='lat' dir='ltr'>videntibus</span> <span class='ocrx_word' id='word_1_73' title='bbox 1099 1033 1174 1074; x_wconf 80' lang='lat' dir='ltr'>tus,</span> <span class='ocrx_word' id='word_1_74' title='bbox 1194 1027 1255 1065; x_wconf 85' lang='lat' dir='ltr'>cui</span> <span class='ocrx_word' id='word_1_75' title='bbox 1275 1026 1404 1064; x_wconf 86' lang='lat' dir='ltr'>omnia</span> <span class='ocrx_word' id='word_1_76' title='bbox 1422 1025 1583 1076; x_wconf 79' lang='lat' dir='ltr'>subjecit</span> <span class='ocrx_word' id='word_1_77' title='bbox 1603 1023 1772 1064; x_wconf 74' lang='lat' dir='ltr'>Paterd:</span> 
     </span>
     <span class='ocr_line' id='line_1_11' title="bbox 367 1079 1774 1134; baseline -0.003 -13"><span class='ocrx_word' id='word_1_78' title='bbox 367 1083 567 1134; x_wconf 77' lang='lat' dir='ltr'>Apostolis</span> <span class='ocrx_word' id='word_1_79' title='bbox 581 1083 717 1121; x_wconf 86' lang='lat' dir='ltr'>anube</span> <span class='ocrx_word' id='word_1_80' title='bbox 736 1083 776 1120; x_wconf 83' lang='lat' dir='ltr'>in</span> <span class='ocrx_word' id='word_1_81' title='bbox 796 1083 945 1121; x_wconf 85' lang='lat' dir='ltr'>coelum</span> <span class='ocrx_word' id='word_1_82' title='bbox 964 1096 1044 1120; x_wconf 85' lang='lat' dir='ltr'><strong>sus·</strong></span> <span class='ocrx_word' id='word_1_83' title='bbox 1099 1081 1173 1132; x_wconf 80' lang='lat' dir='ltr'>ipsi</span> <span class='ocrx_word' id='word_1_84' title='bbox 1210 1081 1332 1132; x_wconf 83' lang='lat' dir='ltr'>gloria</span> <span class='ocrx_word' id='word_1_85' title='bbox 1369 1086 1408 1119; x_wconf 78' lang='lat' dir='ltr'>et</span> <span class='ocrx_word' id='word_1_86' title='bbox 1444 1079 1650 1131; x_wconf 81' lang='lat' dir='ltr'>imperium</span> <span class='ocrx_word' id='word_1_87' title='bbox 1686 1092 1774 1118; x_wconf 84' lang='lat' dir='ltr'>cum</span> 
     </span>
     <span class='ocr_line' id='line_1_12' title="bbox 366 1133 1774 1188; baseline -0.004 -12"><span class='ocrx_word' id='word_1_88' title='bbox 366 1143 501 1188; x_wconf 74' lang='lat' dir='ltr'>ceptus</span> <span class='ocrx_word' id='word_1_89' title='bbox 529 1143 587 1176; x_wconf 80' lang='lat' dir='ltr'>est</span> <span class='ocrx_word' id='word_1_90' title='bbox 598 1136 628 1185; x_wconf 78' lang='lat' dir='ltr'>b,</span> <span class='ocrx_word' id='word_1_91' title='bbox 657 1137 839 1188; x_wconf 76' lang='lat' dir='ltr'>sedetque</span> <span class='ocrx_word' id='word_1_92' title='bbox 869 1137 918 1175; x_wconf 83' lang='lat' dir='ltr'>ad</span> <span class='ocrx_word' id='word_1_93' title='bbox 951 1137 1042 1174; x_wconf 87' lang='lat' dir='ltr'>dex·</span> <span class='ocrx_word' id='word_1_94' title='bbox 1099 1136 1212 1174; x_wconf 81' lang='lat' dir='ltr'>Patre</span> <span class='ocrx_word' id='word_1_95' title='bbox 1263 1140 1302 1173; x_wconf 79' lang='lat' dir='ltr'>et</span> <span class='ocrx_word' id='word_1_96' title='bbox 1350 1135 1490 1173; x_wconf 78' lang='lat' dir='ltr'><strong>Sancto</strong></span> <span class='ocrx_word' id='word_1_97' title='bbox 1538 1133 1696 1185; x_wconf 81' lang='lat' dir='ltr'><strong>Spiritu,</strong></span> <span class='ocrx_word' id='word_1_98' title='bbox 1733 1134 1774 1172; x_wconf 88' lang='lat' dir='ltr'>in</span> 
     </span>
     <span class='ocr_line' id='line_1_13' title="bbox 365 1188 1774 1242; baseline -0.003 -12"><span class='ocrx_word' id='word_1_99' title='bbox 365 1197 490 1231; x_wconf 75' lang='lat' dir='ltr'>teram</span> <span class='ocrx_word' id='word_1_100' title='bbox 528 1192 663 1239; x_wconf 75' lang='lat' dir='ltr'><strong>Patris,</strong></span> <span class='ocrx_word' id='word_1_101' title='bbox 700 1197 886 1230; x_wconf 77' lang='lat' dir='ltr'>venturus</span> <span class='ocrx_word' id='word_1_102' title='bbox 919 1191 1043 1242; x_wconf 86' lang='lat' dir='ltr'>judex</span> <span class='ocrx_word' id='word_1_103' title='bbox 1098 1195 1230 1229; x_wconf 77' lang='lat' dir='ltr'><strong>sancta</strong></span> <span class='ocrx_word' id='word_1_104' title='bbox 1249 1189 1430 1237; x_wconf 80' lang='lat' dir='ltr'>Ecclesia,</span> <span class='ocrx_word' id='word_1_105' title='bbox 1460 1194 1499 1227; x_wconf 73' lang='lat' dir='ltr'>et</span> <span class='ocrx_word' id='word_1_106' title='bbox 1528 1201 1641 1236; x_wconf 87' lang='lat' dir='ltr'><strong>nunc,</strong></span> <span class='ocrx_word' id='word_1_107' title='bbox 1661 1193 1700 1227; x_wconf 80' lang='lat' dir='ltr'>et</span> <span class='ocrx_word' id='word_1_108' title='bbox 1733 1188 1774 1226; x_wconf 90' lang='lat' dir='ltr'>in</span> 
     </span>
    </p>
   </div>
   <div class='ocr_carea' id='block_1_3' title="bbox 365 1242 1716 1351">
    <p class='ocr_par' dir='ltr' id='par_1_4' title="bbox 365 1242 1716 1351">
     <span class='ocr_line' id='line_1_14' title="bbox 365 1242 1716 1285; baseline -0.003 -1"><span class='ocrx_word' id='word_1_109' title='bbox 365 1246 543 1285; x_wconf 84' lang='lat' dir='ltr'>vivorum</span> <span class='ocrx_word' id='word_1_110' title='bbox 567 1251 606 1284; x_wconf 74' lang='lat' dir='ltr'>et</span> <span class='ocrx_word' id='word_1_111' title='bbox 629 1251 870 1284; x_wconf 78' lang='lat' dir='ltr'><strong>mortuorum</strong></span> <span class='ocrx_word' id='word_1_112' title='bbox 881 1253 905 1283; x_wconf 80' lang='lat'>⁰.</span> <span class='ocrx_word' id='word_1_113' title='bbox 966 1246 1043 1283; x_wconf 84' lang='lat' dir='ltr'>Hic</span> <span class='ocrx_word' id='word_1_114' title='bbox 1098 1244 1247 1283; x_wconf 84' lang='lat' dir='ltr'>saecula</span> <span class='ocrx_word' id='word_1_115' title='bbox 1265 1244 1512 1282; x_wconf 82' lang='lat' dir='ltr'>saeculorum.</span> <span class='ocrx_word' id='word_1_116' title='bbox 1552 1242 1679 1281; x_wconf 89' lang='lat' dir='ltr'>Amen</span> <span class='ocrx_word' id='word_1_117' title='bbox 1690 1249 1716 1280; x_wconf 56' lang='lat' dir='ltr'>e,</span> 
     </span>
     <span class='ocr_line' id='line_1_15' title="bbox 368 1299 1043 1351; baseline -0.001 -13"><span class='ocrx_word' id='word_1_118' title='bbox 368 1301 473 1339; x_wconf 75' lang='lat' dir='ltr'>Deus</span> <span class='ocrx_word' id='word_1_119' title='bbox 493 1306 531 1339; x_wconf 84' lang='lat' dir='ltr'>et</span> <span class='ocrx_word' id='word_1_120' title='bbox 559 1300 675 1338; x_wconf 92' lang='lat' dir='ltr'>homo</span> <span class='ocrx_word' id='word_1_121' title='bbox 703 1305 862 1351; x_wconf 80' lang='lat' dir='ltr'>propter</span> <span class='ocrx_word' id='word_1_122' title='bbox 881 1313 950 1338; x_wconf 90' lang='lat' dir='ltr'>nos</span> <span class='ocrx_word' id='word_1_123' title='bbox 969 1299 1043 1337; x_wconf 81' lang='lat' dir='ltr'><strong>fac-</strong></span> 
     </span>
    </p>
   </div>
   <div class='ocr_carea' id='block_1_4' title="bbox 366 1406 1772 1495">
    <p class='ocr_par' dir='ltr' id='par_1_5' title="bbox 366 1406 1772 1495">
     <span class='ocr_line' id='line_1_16' title="bbox 412 1406 1772 1452; baseline -0.003 -11"><span class='ocrx_word' id='word_1_124' title='bbox 412 1416 427 1432; x_wconf 78' lang='lat'><strong>·</strong></span> <span class='ocrx_word' id='word_1_125' title='bbox 448 1410 528 1442; x_wconf 86' lang='lat' dir='ltr'><strong>Joh.</strong></span> <span class='ocrx_word' id='word_1_126' title='bbox 545 1421 600 1441; x_wconf 84' lang='lat' dir='ltr'>xx.</span> <span class='ocrx_word' id='word_1_127' title='bbox 619 1419 666 1452; x_wconf 78' lang='lat'>¹9.</span> <span class='ocrx_word' id='word_1_128' title='bbox 834 1408 850 1430; x_wconf 55' lang='grc' dir='ltr'><strong><em>Β</em></strong></span> <span class='ocrx_word' id='word_1_129' title='bbox 873 1410 991 1441; x_wconf 78' lang='lat' dir='ltr'><strong>Actor.</strong></span> <span class='ocrx_word' id='word_1_130' title='bbox 1008 1409 1030 1441; x_wconf 86' lang='lat' dir='ltr'>i.</span> <span class='ocrx_word' id='word_1_131' title='bbox 1048 1419 1078 1452; x_wconf 89' lang='lat'>9.</span> <span class='ocrx_word' id='word_1_132' title='bbox 1242 1416 1256 1431; x_wconf 72' lang='lat'>‘⁸</span> <span class='ocrx_word' id='word_1_133' title='bbox 1279 1410 1396 1441; x_wconf 76' lang='lat' dir='ltr'><strong>Actor.</strong></span> <span class='ocrx_word' id='word_1_134' title='bbox 1415 1419 1446 1440; x_wconf 91' lang='lat' dir='ltr'>x.</span> <span class='ocrx_word' id='word_1_135' title='bbox 1464 1417 1516 1448; x_wconf 84' lang='lat'>42.</span> <span class='ocrx_word' id='word_1_136' title='bbox 1551 1417 1567 1439; x_wconf 91' lang='lat'>2</span> <span class='ocrx_word' id='word_1_137' title='bbox 1583 1407 1668 1438; x_wconf 82' lang='lat' dir='ltr'><strong>Tim.</strong></span> <span class='ocrx_word' id='word_1_138' title='bbox 1686 1406 1728 1438; x_wconf 90' lang='lat' dir='ltr'>iv.</span> <span class='ocrx_word' id='word_1_139' title='bbox 1746 1415 1772 1438; x_wconf 87' lang='lat'>1.</span> 
     </span>
     <span class='ocr_line' id='line_1_17' title="bbox 366 1453 1093 1495; baseline -0.003 -9"><span class='ocrx_word' id='word_1_140' title='bbox 366 1453 385 1478; x_wconf 74' lang='lat'>‘¹</span> <span class='ocrx_word' id='word_1_141' title='bbox 414 1464 424 1486; x_wconf 85' lang='lat'>¹</span> <span class='ocrx_word' id='word_1_142' title='bbox 445 1454 520 1486; x_wconf 85' lang='lat' dir='ltr'>Cor.</span> <span class='ocrx_word' id='word_1_143' title='bbox 539 1465 590 1485; x_wconf 82' lang='lat' dir='ltr'>xv.</span> <span class='ocrx_word' id='word_1_144' title='bbox 609 1463 660 1494; x_wconf 85' lang='lat'>27.</span> <span class='ocrx_word' id='word_1_145' title='bbox 794 1459 807 1474; x_wconf 72' lang='lat' dir='ltr'>e</span> <span class='ocrx_word' id='word_1_146' title='bbox 831 1453 952 1495; x_wconf 82' lang='lat' dir='ltr'>Ephes.</span> <span class='ocrx_word' id='word_1_147' title='bbox 970 1453 1015 1485; x_wconf 82' lang='lat' dir='ltr'>iii.</span> <span class='ocrx_word' id='word_1_148' title='bbox 1032 1453 1093 1485; x_wconf 82' lang='lat' dir='ltr'><strong>ult.</strong></span> 
     </span>
    </p>
   </div>
  </div>
 </body>
</html>
