2034 3204
604 249 684 290 DE
722 249 884 291 ZELO
922 250 1000 291 ET
1038 250 1300 292 LIVORE.
1565 252 1649 292 325

249 374 397 405 nonne
443 357 648 406 carnales
693 359 799 405 estis
845 365 886 406 et
931 358 1175 406 secundum
1223 357 1449 405 hominem
1497 358 1652 406 ambu-

249 436 356 484 latis
369 438 399 482 ἵ)

316 513 434 561 VII.
471 515 746 561 Obterenda
768 521 896 570 sunt,
919 514 1091 562 fratres
1118 514 1429 569 dilectissimi,
1454 514 1572 560 vitia
1604 521 1652 561 et
1665 525 1744 557 Zelu
1723 536 1796 558 use
1778 529 1813 557 et.
1829 525 1864 557 li-

1664 579 1733 608 VOR',
1751 579 1812 601 ceu

248 599 439 654 peccata
478 593 701 647 carnalia,
742 599 790 639 et
830 593 1006 639 terreni
1045 593 1256 654 corporis
1302 592 1476 640 infesta
1520 592 1699 644 labesce
1702 593 1847 644 „tissima

213 681 235 720 5
249 670 453 732 spiritali
484 670 648 733 vigore
675 671 913 724 calcanda,
937 685 998 716 ne
1031 671 1147 716 dum
1174 670 1351 717 iterum
1385 671 1446 716 ad
1475 670 1650 716 veteris
1662 667 1845 736 οξξηὺξᾞ·

248 749 457 796 hominis
497 749 902 796 conversationem
943 750 1249 803 revolvimur,
1286 748 1544 796 lethalibus
1584 750 1680 795 la-
1663 743 1793 818 ossss‘gul
1774 746 1809 775 et

248 827 384 887 queis
407 826 722 887 implicemur,
746 826 980 887 Apostolo
1001 826 1093 874 hoc
1123 827 1251 873 idem
1279 826 1583 887 providenter
1604 833 1653 873 et
1664 830 1772 907 ffldi‘

247 904 505 950 salubriter
538 909 901 965 praemonente.
942 902 1121 966 Itaque,
1145 904 1318 964 inquit,
1336 902 1535 966 fratres,
1560 919 1653 951 non
1670 884 1763 951 nm
1781 883 1850 907 vm.

248 979 493 1027 secundum
525 995 707 1027 caruem
740 981 958 1027 vivamus.
1029 977 1092 1026 Si
1118 980 1239 1026 euim
1273 980 1519 1027 secundum
1552 996 1655 1028 car·

189 1075 236 1100 10
250 1074 350 1105 uem
397 1057 624 1111 via-eritis,
665 1057 897 1120 incipietis
944 1057 1076 1104 mori.
1163 1055 1224 1105 Si
1269 1063 1418 1104 autem
1465 1055 1655 1120 Spiritu

249 1149 388 1197 opera
416 1134 577 1181 caruis
607 1134 1007 1196 mortificaveritis,
1032 1135 1205 1181 vivetis.
1276 1134 1506 1196 Quotquot
1533 1135 1654 1180 euim

248 1210 438 1274 Spiritu
482 1211 578 1259 Dei
623 1217 837 1277 ayuutur,
883 1210 934 1258 ln·
963 1211 1069 1275 filii
1113 1211 1208 1258 Dei
1261 1218 1380 1259 sunt.
1467 1212 1520 1259 Si
1567 1211 1654 1259 filii

249 1290 342 1336 Dei
383 1306 562 1343 sumus,
598 1290 639 1336 si
680 1291 859 1350 templa
898 1290 1003 1351 ejus
1043 1305 1145 1336 esse
1178 1291 1282 1352 jam
1321 1290 1576 1350 coepimuS,
1614 1290 1654 1336 si

249 1378 440 1428 accepto
480 1367 666 1428 Spiritu
706 1367 881 1414 Sancto
923 1374 1084 1414 sancte
1124 1375 1171 1414 et
1212 1368 1494 1428 spiritaliter
1535 1368 1656 1414 vivi-

191 1461 235 1499 15
249 1461 372 1500 mus,
395 1445 436 1491 si
459 1446 518 1491 de
546 1444 687 1491 terris
714 1445 875 1490 oculos
903 1446 964 1491 ad
987 1446 1170 1491 coelum
1207 1445 1504 1499 sustulimus,
1528 1445 1569 1490 si
1593 1446 1653 1490 ad

249 1538 454 1584 superna
493 1529 541 1568 et
580 1522 743 1569 divina
783 1523 978 1582 plenum
1020 1522 1123 1569 Deo
1158 1528 1206 1568 et
1246 1522 1442 1569 Christo
1488 1529 1653 1582 pectus

247 1600 501 1654 ereximus,
524 1616 619 1646 non
654 1600 747 1646 nisi
782 1615 905 1660 quae
939 1607 1052 1647 sunt
1075 1600 1179 1646 Deo
1206 1606 1252 1646 et
1277 1599 1473 1646 Christo
1506 1600 1654 1662 digna

247 1677 493 1730 faciamus,
517 1677 640 1725 sicut
667 1683 715 1724 et
738 1677 1000 1738 Apostolus
1030 1677 1206 1724 excitat
1238 1683 1285 1723 et
1308 1678 1556 1724 hortatur:
1592 1675 1712 1724 Si00
1715 1682 1746 1714 1>
1735 1694 1789 1714 >ss
1848 1707 1852 1713 -

251 1755 622 1810 consurrexistis,
673 1755 846 1816 inquit,
891 1770 992 1802 cum
1051 1752 1256 1808 Chrzffsto
1303 1769 1419 1815 quae
1467 1737 1679 1800 ,ςτινετιηιι
1690 1752 1696 1758 ’

188 1852 238 1877 20
250 1838 360 1879 suut
399 1833 616 1895 quaerite,
654 1831 732 1879 ubi
775 1831 991 1880 Christus
1027 1838 1092 1879 est
1134 1832 1183 1878 iu
1221 1831 1413 1878 deaetera
1454 1830 1549 1878 Dei
1587 1847 1655 1878 se-

251 1910 394 1963 deus,·
434 1926 549 1973 quae
576 1926 760 1957 sursum
791 1916 898 1957 suut
928 1910 1087 1973 sapite,
1120 1926 1211 1957 nou
1247 1925 1362 1972 quae
1393 1925 1531 1972 super
1564 1916 1654 1956 ter-

251 2005 368 2036 ram.
451 1987 638 2035 Mortui
671 1989 792 2035 euim
829 1989 948 2042 estis,
987 1994 1030 2035 et
1068 1989 1166 2035 vita
1201 1994 1350 2035 vestra
1391 1987 1654 2035 abscondita

252 2072 317 2114 est
346 2083 446 2114 eum
479 2065 667 2116 Christo
698 2067 749 2112 iu
773 2065 889 2114 Deo.
961 2065 1113 2126 Quum
1145 2072 1293 2113 autem
1329 2065 1548 2115 Christus
1573 2083 1655 2130 ap-

244 2145 473 2208 paruerit,
516 2144 610 2191 vita
654 2149 819 2199 vestra,
859 2150 967 2191 tuuc
1011 2150 1053 2191 et
1098 2159 1179 2191 vos
1223 2143 1505 2207 apparebitis
1551 2160 1653 2191 eum

190 2237 237 2276 25
254 2223 353 2286 ipso
390 2223 441 2268 iu
477 2219 643 2286 yloria.
730 2221 829 2276 Qui
869 2238 984 2284 ergo
1022 2223 1071 2268 in
1114 2222 1352 2283 baptismo
1391 2223 1654 2269 secundum

251 2298 459 2346 hominis
498 2297 686 2358 antiqui
726 2304 918 2357 peccata
952 2298 1163 2345 earnalia
1201 2304 1250 2344 et
1290 2298 1467 2344 mortui
1502 2304 1550 2343 et
1585 2312 1656 2343 se-

252 2376 376 2437 pulti
407 2391 589 2431 sumuS‚
613 2375 697 2435 qui
727 2376 1084 2438 regeneratione
1111 2375 1302 2422 coelesti
1326 2374 1522 2422 Christo
1543 2390 1654 2420 con-

253 2452 563 2506 surreximus,
587 2467 709 2512 quae
742 2458 856 2498 sunt
879 2451 1062 2498 Christi
1097 2458 1145 2497 et
1177 2451 1442 2514 cogitemus
1476 2451 1656 2510 pariter

253 2537 301 2577 et
340 2545 579 2593 geramus,
615 2529 738 2576 sicut
771 2529 898 2575 idem
933 2528 1196 2589 Apostolus
1232 2530 1368 2575 docet
1408 2544 1574 2574 rursus
1607 2535 1656 2574 et

190 2629 240 2664 30
255 2613 429 2660 monet,
453 2607 631 2663 dicens,
654 2604 849 2652 Primus
872 2604 1005 2653 homo
1027 2605 1083 2653 de
1106 2612 1257 2653 terrae
1279 2604 1406 2660 limo,
1430 2605 1656 2652 secundus
1671 2624 1683 2646 ι
1703 2614 1778 2646 Cor·
1799 2625 1852 2645 xv-

254 2683 388 2731 homo
418 2683 473 2730 de
507 2682 640 2731 coelo.
713 2681 879 2743 Qualis
914 2682 990 2730 ille
1029 2682 1085 2729 de
1114 2682 1237 2738 limo,
1263 2682 1373 2729 tales
1404 2688 1447 2729 et
1476 2683 1561 2746 qui
1601 2682 1656 2729 de
1667 2665 1720 2698 ⁴⁷‘

254 2761 396 2814 limo;
432 2768 475 2808 et
506 2759 656 2824 qualis
685 2759 895 2814 coelestis,
921 2759 1031 2807 tales
1060 2765 1103 2807 et
1132 2758 1348 2806 coelestes.
1421 2758 1656 2819 Quomodo

252 2840 535 2902 portavimus
572 2839 816 2902 imayinem
852 2838 944 2899 ejus
980 2838 1060 2900 qni
1093 2836 1148 2883 de
1183 2836 1293 2883 limo
1324 2843 1400 2890 est,
1423 2842 1657 2899 portemus
