2034 3204
449 220 511 261 IN
543 220 668 262 CAN.
705 220 868 262 CONC.
905 219 1450 263 CONSTANTINOPOL.
1566 220 1650 263 419

793 364 1012 407 CANON
1047 364 1104 406 II.

306 438 351 481 P.
365 451 465 494 390.
488 438 516 481 l.
539 450 602 480 12.
624 438 727 483 Τοὺς
745 440 842 492 ὑπὲρ
866 440 1061 491 διοίκησιν
1084 438 1374 496 Ἐπισκόπους]
1398 440 1551 482 Sensus
1582 440 1647 483 hic

245 501 322 544 est,
345 496 530 539 Caveant
550 496 756 553 Episcopi,
777 497 888 539 ultra
908 497 972 538 vel
1002 502 1123 539 extra
1149 496 1352 539 dioecesin
1376 497 1556 553 aliquam
1577 513 1648 540 ex-

245 553 428 603 istentes,
449 568 502 596 ne
523 553 726 596 Ecclesias
755 554 863 596 illius
893 553 1090 596 dioecesis
1114 554 1325 597 invadant.
1391 555 1440 596 Iu
1461 555 1538 596 hoc
1559 555 1648 611 qui-

209 618 232 657 5
246 610 340 653 dem
373 611 540 654 Canone
579 618 846 654 recensentur
885 612 1067 668 quinque
1105 618 1267 654 tantum
1307 611 1526 662 dioeceses,
1562 613 1647 654 sive

244 667 423 724 plurium
444 669 564 711 simul
583 669 887 725 provinciarum
907 670 1208 726 praefecturae,
1226 670 1457 726 Aegyptus,
1481 670 1645 718 Oriens,

245 725 411 775 Asiana,
444 727 628 776 Pontica,
661 727 850 769 Thracia.
912 727 1114 783 Reliquae
1146 742 1243 768 vero
1273 727 1436 784 imperii
1468 728 1645 770 Romani

243 782 449 825 dioeceses
467 783 636 826 fuerunt
652 784 908 834 Macedonia,
928 785 1068 832 Dacia,
1087 784 1220 834 Italia,
1244 785 1468 842 Illyricum,
1491 785 1645 835 Africa,

244 839 483 896 Hispaniae,
516 841 689 890 Galliae,
722 842 975 884 Britanniae.
1044 843 1221 884 Cautum
1261 842 1430 899 insuper
1470 849 1533 885 cst
1572 843 1641 884 Ni-

184 910 232 936 10
244 898 381 940 caenis
409 899 655 948 Canonibus,
685 905 808 964 prout
839 900 891 942 de
920 899 1064 942 iisdem
1091 900 1157 942 hic
1190 900 1333 942 Canon
1361 900 1504 949 refert,
1527 906 1573 943 ut
1602 900 1644 942 in

243 969 490 1012 unaquaque
519 956 730 1013 provincia
760 957 954 1014 Synodus
983 957 1283 1014 metropolitica
1311 972 1379 1000 res
1409 957 1644 1014 provinciae

243 1013 536 1056 ecclesiasticas
559 1014 881 1057 administraret.

302 1070 409 1113 Ibid.
431 1071 457 1114 l.
484 1083 544 1125 17.
567 1073 611 1114 ἐν
637 1076 720 1116 τοῖς
746 1074 900 1114 Κανόσι
926 1076 1007 1116 τοῖς
1036 1075 1134 1114 κατὰ
1162 1071 1353 1129 Νικαίαν]
1378 1072 1546 1115 Canone
1570 1073 1644 1116 Ni·

243 1128 359 1170 caeni
380 1128 550 1171 Concilii
569 1135 698 1172 sexto.

182 1195 228 1235 15
301 1185 347 1227 P.
365 1199 462 1241 391.
485 1186 511 1228 l.
528 1200 569 1237 4.
591 1189 658 1238 τῆς
689 1189 897 1242 Θρᾳκικῆς,
918 1189 967 1228 τὰ
994 1189 1060 1238 τῆς
1085 1187 1304 1242 Θρᾳκικῆς]
1339 1187 1509 1229 Habent
1536 1187 1644 1229 Con-

242 1242 335 1285 cilia
354 1243 442 1286 loco
462 1244 591 1300 priori
613 1243 790 1299 Θρᾴκης;
823 1258 948 1300 quum
973 1259 1068 1286 vero
1089 1251 1226 1286 exstet
1247 1247 1444 1300 Θρᾳκικῆς
1466 1251 1644 1301 utroque

240 1300 330 1343 loco
355 1300 399 1343 in
422 1301 609 1343 omnibus
632 1302 721 1343 fere
744 1302 956 1344 Canonum
979 1302 1296 1344 collectionibus
1323 1307 1491 1358 praeter
1513 1302 1644 1344 Beve-

240 1357 346 1415 regii
377 1358 641 1416 Synodicum,
662 1358 706 1400 in
735 1374 817 1415 quo
847 1365 991 1401 contra
1022 1358 1182 1414 Θρᾴκης
1211 1365 1388 1415 utroque
1419 1360 1506 1402 loco
1536 1360 1643 1416 posi-

240 1420 329 1458 tum
359 1422 435 1466 est,
469 1416 767 1472 conveniatque
797 1416 918 1458 lectio
949 1431 1040 1458 cum
1072 1416 1302 1458 nominibus
1338 1417 1641 1473 provinciarum

178 1489 228 1516 20
240 1474 583 1522 antecedentium,
613 1477 810 1529 Θρᾳκικῆς
836 1474 1040 1516 substitui.
1104 1474 1280 1516 Variant
1310 1474 1419 1517 inter
1446 1490 1491 1517 se
1521 1475 1641 1518 Codi-

240 1544 308 1574 ces
326 1531 469 1588 scripti
489 1531 716 1574 Bodleiani.

298 1587 404 1631 Ibid.
425 1588 452 1632 l.
478 1602 539 1632 10.
574 1590 672 1631 κατὰ
701 1591 749 1631 τὰ
777 1590 822 1631 ἐν
853 1591 999 1645 Νικαίᾳ
1029 1588 1245 1645 ὡρισμένα]
1280 1590 1448 1632 Canone
1483 1590 1640 1646 quinto,

238 1645 293 1688 ad
313 1659 435 1702 quem
456 1646 606 1690 videsis
625 1652 836 1689 annotata.
897 1647 963 1689 Ita
978 1661 1076 1689 vero
1097 1662 1185 1688 rem
1206 1647 1296 1702 geri
1317 1648 1540 1690 secundum
1564 1649 1643 1691 Ca-

238 1717 379 1754 nones,
401 1710 448 1747 ut
473 1704 590 1747 aiunt
616 1703 706 1760 ipsi,
727 1703 944 1753 Nicaenos,
973 1704 1162 1747 referunt
1188 1704 1381 1761 Episcopi
1410 1705 1568 1748 CPtani
1598 1706 1641 1748 in

177 1766 226 1806 25
241 1760 428 1818 Epistola.
456 1762 578 1804 modo
608 1768 954 1811 commemorata3
998 1762 1096 1815 Περὶ
1123 1763 1166 1803 δὲ
1197 1767 1275 1804 τῶν
1301 1764 1534 1814 οἰκονομιῶν
1562 1767 1642 1805 τῶν

241 1820 339 1860 κατὰ
361 1819 480 1873 μέρος
500 1820 544 1861 ἓν
563 1823 648 1863 ταῖς
665 1818 930 1870 Ἐκκλησίαις,
952 1820 1124 1862 παλαιός
1143 1836 1201 1868 τε,
1223 1820 1273 1862 ὡς
1293 1821 1390 1868 ἴστε,
1413 1820 1561 1871 θεσμὸς
1581 1837 1642 1863 κε-

241 1876 419 1928 κράτηκε,
439 1877 502 1918 καὶ
525 1880 602 1919 τῶν
628 1876 754 1930 ἁγίων
783 1877 828 1918 ἑν
854 1878 999 1932 Νικαίᾳ
1022 1875 1210 1929 Πατέρων
1229 1878 1331 1929 ὅρος,
1356 1877 1440 1918 καθ’
1470 1877 1643 1930 ἑκάστην

239 1933 436 1988 ἐπαρχίαν
455 1933 546 1978 τοὺς
575 1936 643 1987 τῆς
672 1935 877 1988 ἐπαρχίας,
908 1933 972 1976 καὶ
1003 1934 1111 1986 εἴπερ
1140 1935 1285 1975 ἐκεῖνοι
1313 1935 1542 1985 βούλοιντο,
1565 1936 1641 1978 σὺν

239 1989 371 2034 αὐτοῖς
399 1991 488 2035 τοὺς
517 1991 681 2046 ὁμόρους
715 1990 810 2044 πρὸς
843 1991 889 2032 τὸ
923 1991 1129 2044 σ-ύμφερον
1164 1995 1366 2034 ποιεῖσθαι
1400 1994 1470 2036 τὰς
1505 2010 1638 2048 χειρο-

173 2057 226 2094 30
239 2047 379 2092 τονίας.
411 2062 453 2104 p.
472 2049 569 2091 826.

297 2105 401 2147 Ibid.
426 2105 452 2147 l.
473 2119 490 2147 1
504 2119 537 2148 Ι.
561 2107 630 2149 τὰς
656 2106 700 2148 δὲ
726 2107 771 2148 ἐν
795 2109 875 2149 τοῖς
898 2110 1158 2160 βαρβαρικοῖς
1178 2106 1312 2148 ἔθνεσι
1332 2109 1400 2148 τοῦ
1422 2110 1532 2149 Θεοῦ
1564 2110 1640 2149 Εκ-

238 2163 422 2220 κλησίας]
456 2162 586 2205 Haud
617 2163 819 2212 obstante,
850 2163 909 2205 ait
943 2163 985 2204 in
1020 2164 1061 2205 Ν
1063 2178 1311 2206 omocanone
1345 2178 1419 2205 suo
1451 2164 1638 2214 Photius,

236 2220 395 2276 regula,
416 2235 468 2262 ne
497 2220 625 2277 possit
654 2220 745 2277 quis
765 2235 853 2263 esse
875 2220 1099 2277 Episcopus
1128 2221 1171 2262 in
1201 2221 1360 2263 duabus
1390 2221 1638 2273 civitatibus,

237 2277 450 2320 Tomensis
471 2278 698 2334 Episcopus
716 2279 792 2320 reli
822 2293 968 2320 uarum
984 2278 1259 2321 Ecclesiarum
1278 2278 1476 2335 Scythiae
1496 2294 1637 2322 curam

172 2346 224 2385 35
237 2334 359 2392 gerit,
391 2341 434 2378 et
464 2335 727 2392 Leontopolis
755 2293 855 2378 utils
886 2335 1069 2378 Isauriae
1099 2336 1174 2378 sub
1205 2336 1444 2393 episcopatu
1475 2337 1637 2379 Isauro-

237 2392 341 2448 polis
370 2399 444 2436 est.
505 2393 643 2436 Photii
672 2394 952 2442 Nomocanon,
983 2393 1047 2436 tit.
1068 2393 1095 2442 i,
1126 2408 1214 2450 cap.
1235 2407 1301 2444 20,
1333 2409 1428 2450 pag.
1450 2407 1515 2450 15,
1537 2395 1635 2437 edit.

237 2450 369 2493 Paris.
440 2450 571 2493 Porro
603 2451 672 2493 diu
704 2457 801 2493 ante
837 2451 974 2494 Photii
1005 2457 1206 2507 tempora,
1238 2466 1290 2493 ex
1321 2451 1437 2494 Actis
1468 2452 1638 2494 Concilii

237 2507 436 2564 Ephesini
466 2514 639 2557 constat,
673 2523 799 2564 quum
834 2515 951 2551 vetus
985 2523 1073 2550 mos
1108 2508 1306 2566 viguisset
1340 2509 1382 2551 in
1417 2509 1638 2566 provinciis

238 2565 466 2622 Europaeis
496 2567 630 2608 Ponto
659 2566 812 2615 vicinis,
843 2571 891 2608 ut
920 2565 1069 2621 singuli
1101 2566 1293 2622 Episcopi
1323 2567 1426 2608 duas
1455 2567 1521 2609 vel
1550 2573 1637 2610 tres

172 2636 224 2670 40
237 2623 312 2664 sub
333 2637 376 2664 se
396 2624 600 2666 haberent
619 2623 817 2673 civitates,
834 2624 886 2666 ab
907 2624 1051 2666 eodem
1072 2623 1281 2680 Ephesino
1304 2624 1485 2667 Concilio
1506 2624 1634 2681 ipsam

236 2680 343 2723 hanc
373 2681 706 2723 consuetudinem
741 2681 946 2723 firmatam
982 2695 1084 2723 esse.
1151 2681 1257 2724 Vide
1292 2682 1415 2724 finem
1450 2683 1636 2724 Actionis

236 2751 310 2787 vn,
331 2752 372 2794 p.
395 2740 514 2791 1678,
537 2738 614 2780 vol.
636 2752 664 2788 1,
687 2739 840 2781 Concil.
863 2738 1070 2781 Harduin.
1130 2739 1268 2781 Adisis
1291 2754 1398 2796 quae
1426 2741 1478 2782 de
1506 2740 1635 2797 priori

237 2795 384 2852 regula
408 2796 463 2838 ad
491 2796 717 2852 Epistolam
742 2796 889 2839 Vienn.
912 2803 954 2839 et
984 2796 1118 2851 Lugd.
1146 2797 1257 2854 apud
1279 2798 1490 2854 Reliquias
1519 2799 1631 2841 Sacr.

237 2853 313 2895 vol.
334 2867 360 2895 1.
382 2868 422 2909 p.
440 2855 538 2910 336,
560 2853 823 2896 adnotantur.

986 2926 1010 2952 E
1033 2929 1054 2955 c
1080 2926 1101 2955 2
