1988 3216
887 481 949 522 IN

402 622 454 676 S.
492 621 940 675 POLYCARPI
980 620 1434 675 EPISTOLAM

515 769 1310 836 ANNOTATIONES.

270 1003 316 1046 P.
339 1018 377 1059 9.
410 1002 436 1045 l.
458 1016 497 1056 9.
529 1004 574 1060 τῇ
605 1005 847 1060 παροικούσῃ
877 1004 1118 1058 Φιλίππους]
1153 1003 1291 1060 Vulgo
1315 1004 1543 1051 Φιλίπποις,
1565 1003 1619 1046 ad

177 1075 334 1118 5quam
362 1076 502 1103 vocem
530 1067 648 1103 notat
672 1061 720 1103 cl.
740 1061 938 1111 Smithus‚
959 1061 1103 1104 deesse
1122 1061 1299 1104 fortasse
1318 1062 1376 1110 ἐν,
1399 1060 1463 1102 vel
1483 1060 1620 1119 potius

210 1118 493 1176 reponendum
533 1133 622 1160 esse
662 1119 897 1169 Φιλίππους,
934 1124 981 1161 ut
1010 1119 1138 1162 habet
1169 1119 1310 1162 Codex
1343 1118 1619 1171 Florentinus,

210 1183 254 1219 ct
273 1176 439 1232 quidem
463 1176 627 1218 rectius.
691 1176 957 1233 Quapropter
978 1176 1056 1218 hoc
1075 1176 1226 1234 recepi.
1289 1177 1356 1219 Ita
1378 1176 1493 1219 initio
1522 1176 1620 1242 Epi-

210 1234 341 1277 stolae
378 1233 704 1290 Smyrnensium,
742 1247 850 1289 quae
884 1240 948 1276 est
983 1234 1035 1276 de
1072 1235 1115 1277 S.
1138 1233 1359 1291 Polycarpi
1396 1235 1618 1290 Martyr10‚

210 1291 313 1334 haec
343 1297 534 1340 exstant3
563 1289 619 1333 ‘H
645 1290 836 1342 ἐκκλησία
864 1294 933 1332 τοῦ
954 1294 1064 1333 Θεοῦ
1094 1292 1118 1344 ἡ
1148 1295 1394 1344 παροικοῦσα
1418 1293 1618 1344 Σμύρναν,

152 1366 199 1392 10
211 1348 283 1390 διο.
347 1350 463 1391 Haec
498 1347 592 1390 olim
629 1347 782 1390 notavi.
844 1347 893 1389 In
926 1348 1077 1390 Codice
1142 1363 1239 1391 orro
1269 1349 1392 1405 hujus
1422 1349 1620 1406 epistolae

211 1405 414 1449 Vaticano
441 1420 579 1448 vocem
601 1406 826 1449 Φιλίππους
851 1405 1029 1462 conspici
1058 1363 1190 1448 τοξή
1219 1406 1267 1448 cl.
1289 1407 1547 1449 Jacobsonus
1576 1406 1620 1448 in

210 1463 389 1506 editione
413 1478 488 1506 sua
508 1464 681 1506 Patrum
702 1462 1032 1519 Apostolicorum
1062 1464 1170 1506 bono
1197 1463 1360 1520 publico
1388 1479 1496 1506 nunc
1524 1478 1620 1521 pro-

211 1521 377 1564 deunte.
449 1521 565 1563 Idem
605 1526 744 1563 autem
784 1520 837 1562 de
871 1520 1022 1563 Codice
1061 1535 1225 1578 quoque
1257 1521 1510 1570 Florentino,
1545 1537 1619 1564 seu

212 1578 478 1628 Laurentino,
508 1584 687 1621 testatur
722 1592 805 1620 non
836 1578 1022 1621 Smithus
1051 1585 1227 1628 tantum,
1258 1579 1332 1622 sed
1362 1586 1405 1622 et
1435 1579 1618 1636 ejusdem

150 1650 196 1690 15
212 1636 373 1679 Codicis
387 1652 515 1694 penes
535 1651 600 1678 me
615 1635 848 1701 exemplum
865 1651 917 1678 ex
935 1636 1065 1680 Isaaci
1078 1637 1214 1679 Vossii
1233 1638 1477 1695 apographo
1493 1652 1618 1680 manu

211 1694 381 1737 Hem-ici
403 1694 605 1737 Dodwelli
625 1693 889 1750 descriptum.

269 1752 373 1795 Ibid.
402 1753 428 1795 l.
452 1766 515 1808 13.
546 1751 776 1804 δεξαμένοις
802 1752 850 1793 τὰ
875 1750 1078 1804 μιμήματα
1110 1755 1176 1805 τῆς
1204 1753 1376 1806 ἀληθοῦς
1403 1754 1618 1807 ἇγαπῆς-

209 1810 388 1866 δεσμοῖς]
417 1817 426 1834 ‘
446 1811 562 1852 Haec
588 1809 718 1852 verba
744 1823 870 1864 quum
898 1824 973 1852 nec
999 1816 1113 1853 recte
1143 1810 1317 1876 legeret,
1347 1825 1422 1852 nec
1452 1811 1617 1852 omnino

211 1873 221 1890 ‘
242 1866 495 1926 intelligeret
514 1868 647 1911 Vetus
676 1867 902 1923 Interpre8‚
924 1866 983 1909 ita
1010 1868 1236 1919 transtulit,
1256 1869 1493 1924 mascipiens
1519 1870 1618 1911 imi-

147 1942 196 1968 20
211 1931 221 1948 ‘
244 1925 403 1968 tabilia
423 1926 553 1970 verba
573 1925 816 1968 dilectionis
836 1928 1236 1981 quam—connexis.
1269 1925 1336 1968 Ita
1362 1925 1430 1967 ille
1458 1925 1618 1978 δεξάμε-

210 1989 220 2006 ‘
243 1999 311 2026 νος
330 1997 407 2040 pro
423 1982 647 2036 δεξαμένοις
664 1981 820 2039 legens,
833 1988 959 2039 atque
974 1982 1067 2025 ideo
1086 1983 1248 2040 reliqua
1267 1983 1404 2025 omnia
1422 1983 1616 2026 aliorsum

209 2047 219 2063 ‘
242 2040 438 2092 trahensJ
466 2047 512 2083 tu
533 2046 684 2090 vertas,
706 2041 970 2095 Gonyavieue
988 2055 1083 2082 sum
1102 2042 1233 2090 vobis,
1254 2043 1331 2097 qm·
1349 2056 1454 2083 vera
1472 2042 1618 2083 chari·

210 2104 219 2121 ‘
243 2099 350 2141 tatis
376 2098 630 2155 exemplaria
655 2098 880 2154 excepistis
905 2106 945 2140 et
970 2099 1225 2150 deduxistis,
1247 2107 1295 2140 ut
1322 2104 1460 2141 vestro
1487 2098 1616 2141 officio

211 2162 220 2178 ‘
243 2155 511 2198 conveniebat
545 2156 757 2199 involutos
787 2156 985 2205 vinculis,
1017 2171 1127 2212 quae
1165 2157 1330 2199 sanctis
1368 2165 1617 2200 ornamento

147 2226 195 2265 25
211 2219 222 2237 ‘
242 2221 354 2255 sunt.
406 2212 650 2264 Halloixius,
672 2213 724 2256 ὡς
750 2211 955 2264 ἐπέβαλεν
980 2214 1084 2265 ὑμῖν,
1106 2213 1302 2263 reddidit,
1322 2222 1371 2256 at
1390 2215 1508 2257 vobio
1526 2215 1617 2257 Do-

210 2277 220 2293 ‘
242 2271 386 2313 minus
405 2272 643 2326 inspiravit
656 2286 670 2312 .·
691 2285 770 2328 ego
790 2269 938 2327 potius,
955 2278 1004 2312 ut
1023 2279 1160 2314 vestro
1180 2272 1313 2328 officio
1328 2273 1614 2322 conveniebat,

209 2334 220 2351 ‘
241 2327 339 2384 quia
364 2328 468 2370 haec
495 2328 623 2370 multo
650 2326 896 2385 simpliciora
922 2334 1032 2379 sunt,
1054 2335 1097 2372 et
1117 2329 1195 2371 hoc
1214 2344 1336 2371 sensu
1355 2330 1462 2372 bene
1484 2329 1615 2372 Grae-

210 2392 219 2409 ‘
242 2389 314 2428 ea!
388 2386 505 2428 Haec
535 2385 598 2428 vir
628 2400 803 2443 magnus
833 2385 1080 2428 Pearsonius
1107 2386 1150 2429 in
1177 2386 1377 2430 vindiciis
1409 2387 1614 2444 Epistola,

207 2458 300 2485 rum
323 2443 364 2486 S.
385 2443 552 2501 Ignatii,
580 2449 701 2501 parte
721 2457 747 2486 1.
770 2458 859 2500 cap.
882 2458 918 2485 v.
945 2458 986 2501 p.
1005 2455 1073 2498 72.
1094 2444 1193 2488 edit.
1217 2444 1336 2487 Cant.
1396 2445 1550 2488 Confer
1571 2451 1615 2488 et

143 2517 194 2553 30
208 2507 315 2558 part.
333 2502 390 2543 ΙΙ.
412 2516 446 2543 c.
470 2515 535 2554 14.
554 2516 596 2558 p.
614 2501 708 2556 198.
769 2502 923 2543 Vocem
946 2503 995 2544 τὰ
1013 2502 1216 2555 μιμήματα
1234 2503 1505 2545 simulachra
1528 2503 1614 2545 sive

207 2560 474 2615 exemplaria
493 2558 658 2601 omnino
684 2559 864 2616 probant
887 2574 979 2601 cum
1008 2559 1206 2610 Smithus,
1227 2566 1315 2602 tum
1343 2560 1392 2602 cl.
1408 2561 1437 2602 J
1440 2560 1615 2602 eremias

207 2616 482 2659 Marklandus
511 2616 566 2658 ad
600 2631 715 2659 oram
750 2616 928 2673 exempli
962 2630 1088 2673 penes
1122 2631 1189 2659 me
1223 2617 1414 2660 editionis
1450 2618 1614 2675 Episto-

205 2673 339 2716 larum
367 2674 443 2716 SS.
463 2673 616 2730 Ignatii
636 2679 679 2717 et
699 2673 920 2730 Polycarpi
946 2689 974 2716 a
995 2674 1144 2717 Carolo
1164 2674 1351 2717 Aldrich.
1371 2675 1612 2726 adornatae,

208 2731 344 2774 Oxon.
372 2731 492 2786 1708.
561 2731 782 2774 Caeterum
818 2731 1092 2782 deduxerant,
1125 2738 1172 2774 ut
1205 2731 1265 2774 ait
1298 2732 1451 2775 ibidem
1486 2734 1613 2776 Pear-

142 2803 192 2841 35
206 2788 356 2839 sonius,
377 2803 403 2830 a
424 2788 754 2845 Philippensibus
775 2788 885 2831 missi
911 2788 1038 2846 aliqui
1059 2789 1268 2847 Ignatium
1290 2789 1469 2833 vinctum
1491 2791 1614 2834 comi-

207 2853 350 2903 tesque
370 2846 459 2904 ejus
480 2861 555 2903 per
576 2846 874 2889 Macedoniam.

266 2905 312 2946 P.
337 2917 398 2946 10.
428 2904 454 2945 l.
475 2917 510 2946 2.
535 2905 576 2956 ἐξ
598 2905 774 2959 ἀρχαίων
803 2904 1154 2958 καταγγελλομένη
1183 2906 1357 2960 χρόνων]
1397 2906 1514 2957 Quae
1546 2906 1612 2948 hic
