2034 3204
187 535 229 566 In
246 535 299 566 die
311 536 363 577 ju-

185 579 262 610 dicii
278 590 338 620 pro

186 623 370 654 beneficen-

185 667 253 697 tiae
264 667 393 698 ratione

185 711 351 741 sententia

183 753 299 785 fertur.

185 1086 288 1117 Matt.
306 1096 383 1117 xxv.

188 1139 224 1170 3¹
234 1155 240 1160 .

407 198 493 238 312
902 200 944 243 S.
985 200 1307 243 CYPRIANI

407 306 535 352 tione
570 323 847 370 purgamus,
872 309 956 368 qui
991 309 1168 355 diaboli
1204 310 1352 355 servis
1388 310 1595 356 minores
1629 327 1807 366 sumus,

406 390 462 428 ut
485 383 681 430 Christo
714 400 802 444 pro
835 387 990 445 pretio
1023 386 1256 445 passionis
1291 393 1339 432 et
1372 387 1622 450 sanguinis
1658 388 1808 434 vicem

408 476 492 506 nec
517 461 567 507 in
592 462 789 508 modicis
813 464 1129 522 rependamus
1145 463 1167 508 ἶ)

474 536 644 583 XVII.
671 537 930 598 Praecepta
951 539 1031 584 ille
1054 538 1191 584 nobis
1223 539 1367 594 dedit,
1392 540 1509 600 quid
1539 540 1692 587 facere
1715 557 1810 587 ser-

407 630 491 660 vos
520 631 629 661 suos
654 622 893 674 oporteret
920 616 1171 670 instruxit3
1213 618 1520 677 operantibus
1544 618 1808 678 praemium
1823 635 1846 673 5

406 693 660 751 pollicitus,
685 700 734 738 et
765 693 1054 753 supplicium
1087 694 1329 741 sterilibus
1352 696 1682 750 comminatus,
1706 713 1811 743 sen-

406 771 605 815 tentiam
648 786 783 816 suam
830 771 1044 830 protulit,
1083 772 1200 832 quid
1240 773 1545 833 judicaturus
1591 774 1655 820 sit
1699 780 1811 820 ante

405 847 656 906 praedixit.
728 849 863 901 Quae
887 856 1042 908 potest
1065 851 1309 896 excusatio
1332 867 1432 896 esse
1455 852 1672 905 cessanti,
1688 867 1811 912 quae

404 926 616 972 defensio
651 927 817 980 sterili,
852 927 946 972 nisi
981 929 1108 987 quod
1144 944 1239 973 non
1274 928 1477 974 faciente
1511 945 1648 975 servo
1682 930 1811 990 quod

406 1003 710 1063 praecipitur,
735 1004 972 1050 Dominus
1003 1005 1147 1051 faciet
1177 1007 1303 1066 quod
1339 1006 1592 1053 minatur?
1644 1007 1729 1067 qui
1763 1014 1811 1053 et
1827 1035 1877 1061 10

405 1080 537 1135 dicit,
566 1079 716 1139 Quum
741 1082 914 1128 venerit
937 1081 1094 1128 Filius
1117 1081 1318 1129 hominis
1342 1083 1392 1129 in
1417 1082 1622 1130 claritate
1646 1100 1746 1139 sua,
1770 1090 1812 1131 et

406 1171 558 1202 omnes
592 1157 765 1220 Anyeli
802 1174 902 1204 cum
943 1174 1005 1212 eo,
1043 1165 1150 1206 tune
1186 1159 1353 1206 sedebit
1388 1161 1438 1206 in
1475 1160 1638 1209 throno
1673 1161 1811 1208 clari-

407 1235 514 1280 tatis
560 1251 681 1289 suae,
721 1242 763 1282 et
801 1235 1070 1300 colligentur
1105 1243 1209 1283 ante
1238 1253 1338 1284 eum
1377 1254 1529 1286 omnes
1559 1245 1728 1303 yeme-5⁸,
1771 1244 1813 1286 et

405 1311 654 1375 seqreyabit
711 1329 784 1359 eos
842 1313 896 1360 ab
954 1312 1159 1369 invicem,
1219 1315 1596 1378 quemadmodum
1645 1322 1811 1380 pastor

404 1397 607 1452 seqreyat
642 1406 741 1437 oves
777 1390 832 1437 ab
866 1390 1037 1445 haedis,
1074 1398 1116 1438 et
1149 1398 1313 1439 statuet
1347 1409 1446 1440 oves
1480 1393 1544 1439 ad
1576 1394 1810 1441 deoeteram
1827 1417 1876 1457 15

403 1483 546 1522 suam,
579 1466 746 1525 haedos
781 1474 929 1514 autem
966 1468 1029 1514 ad
1060 1469 1313 1516 sinistram.
1389 1469 1436 1516 Τ
1432 1486 1520 1516 unc
1555 1469 1673 1518 dicet
1703 1471 1813 1519 Rea·

406 1544 468 1590 iis
502 1545 583 1607 qui
619 1545 682 1591 ad
719 1544 952 1592 dexteram
998 1562 1129 1592 suam
1176 1553 1323 1601 erunt,
1375 1546 1542 1603 Venite,
1590 1547 1812 1597 benedieti

405 1621 570 1668 Patris
613 1625 715 1678 mei,
755 1624 981 1686 percipite
1026 1640 1214 1688 reqnum
1262 1625 1384 1688 quod
1428 1614 1551 1672 vobis
1588 1633 1810 1689 paratum

406 1706 470 1746 est
499 1699 553 1746 ab
587 1701 767 1764 oriyine
799 1701 960 1747 mundi
976 1719 990 1754 ;
1037 1703 1208 1749 esurivi
1231 1703 1366 1756 enim,
1392 1710 1434 1750 et
1469 1703 1660 1750 dedistis
1694 1703 1812 1752 milti

405 1779 684 1825 manducare
701 1796 716 1830 ;
765 1779 903 1831 sitivi,
946 1786 987 1826 et
1028 1780 1224 1842 potastis
1270 1796 1376 1833 me;
1433 1779 1592 1844 hospes
1621 1781 1723 1844 fui,
1770 1789 1812 1831 et
1826 1816 1877 1842 20

405 1854 669 1902 addaaeistis
716 1872 817 1909 me,·
869 1856 1031 1911 nudus,
1073 1863 1115 1903 et
1160 1859 1355 1904 vestistis
1401 1874 1470 1905 me
1487 1876 1502 1911 ,·
1550 1859 1811 1921 infirmatus

405 1949 521 1987 sum,
549 1940 590 1979 et
625 1934 846 1981 visitastis
882 1950 951 1981 me
968 1951 983 1987 ;
1034 1935 1082 1980 in
1118 1950 1299 1982 carcere
1318 1934 1420 1998 sui,
1453 1941 1496 1983 et
1528 1937 1715 1984 venistis
1749 1937 1813 1985 ad

405 2026 488 2057 me.
564 2009 695 2057 Tunc
730 2011 1062 2074 respondebunt
1102 2013 1146 2058 ei
1171 2013 1306 2074 justi,
1345 2012 1557 2069 dicente-9,
1592 2014 1808 2071 Domine,

406 2087 588 2151 quando
624 2094 664 2135 te
699 2089 898 2136 vidimus
934 2091 1204 2137 esurientem
1246 2096 1289 2137 et
1322 2091 1548 2154 pavimus,
1584 2092 1810 2140 sitientem

405 2172 446 2213 et
480 2167 785 2229 potavimus?
830 2167 1013 2230 quando
1057 2174 1097 2214 te
1134 2167 1333 2215 vidimus
1372 2167 1611 2231 hospitem,
1651 2176 1694 2217 et
1730 2169 1811 2217 ad·
1826 2189 1876 2237 25

406 2244 670 2290 cludimus?
722 2244 908 2300 nudam,
945 2251 986 2291 et
1020 2246 1326 2292 vestivimus?
1370 2246 1552 2309 quando
1587 2254 1733 2295 autem
1771 2254 1812 2295 te

405 2320 605 2368 vidimus
642 2321 875 2383 infirmari
910 2328 950 2368 et
986 2322 1036 2368 in
1073 2338 1266 2377 earcere,
1302 2329 1343 2370 et
1378 2324 1582 2371 venimus
1624 2324 1687 2372 ad
1725 2325 1812 2372 te?

411 2398 543 2446 Tune
587 2398 863 2462 respondeus
907 2399 1015 2447 Rem
1052 2399 1169 2447 dicet
1206 2401 1286 2454 eis,
1326 2401 1478 2448 Amen
1525 2401 1629 2449 dico
1674 2402 1810 2459 vobis,

407 2476 627 2540 quamdiu
643 2476 831 2540 see-istis
867 2477 951 2523 nni
983 2475 1145 2523 lterum
1182 2494 1241 2524 ea·
1259 2477 1500 2539 putribus
1532 2480 1643 2526 meis
1674 2481 1812 2527 mini-

407 2555 507 2609 mis,
533 2554 649 2601 milei
667 2554 869 2618 ficis-tis,
947 2553 1076 2602 Tunc
1111 2554 1228 2602 dicet
1262 2561 1303 2602 et
1339 2554 1435 2602 illis
1462 2558 1543 2619 qui
1577 2557 1640 2604 ad
1671 2558 1811 2605 sinis·
1823 2589 1876 2626 30

407 2638 526 2679 tram
561 2633 655 2694 ejus
690 2638 835 2685 erunt.
861 2631 1098 2679 Dis-cedite
1121 2648 1149 2679 a
1182 2649 1262 2687 me,
1295 2632 1540 2691 maledicti,
1575 2636 1624 2683 in
1661 2635 1809 2700 iynem

407 2717 637 2757 aeternum
664 2726 791 2773 quem
820 2711 1008 2773 paravit
1033 2709 1178 2757 Pater
1203 2726 1325 2758 meus
1358 2709 1537 2759 diabolo
1566 2718 1607 2759 et
1638 2712 1810 2777 anyelis

407 2789 532 2849 eyes.-
581 2788 753 2835 esurivi
784 2789 921 2842 enim,
947 2794 987 2835 et
1022 2803 1112 2834 non
1142 2787 1332 2835 dedistis
1357 2787 1474 2836 mihi
1503 2789 1809 2844 manducare:
