2034 3204
420 243 506 284 430

419 351 568 388 dacium
597 351 645 389 de
673 351 757 389 Deo
780 351 841 389 vel
869 351 973 389 natio
1002 364 1093 400 quo-

418 405 624 443 dammodo
643 418 753 446 sexus
772 411 831 443 est
849 405 939 443 idol.

473 459 517 497 P.
538 460 626 508 156,
647 460 672 497 1.
693 471 756 502 21,
775 459 936 497 fortasse
956 472 1016 498 an.

473 514 516 551 P.
541 525 625 563 157,
645 514 670 551 l.
683 515 723 559 6,
743 520 782 551 et
800 513 917 563 loqui.

473 568 514 605 P.
530 589 583 596 —
601 568 626 605 l.
649 580 706 616 13,
731 581 809 605 11011
837 573 971 617 parent
1001 566 1093 603 scis·

418 627 532 665 mata,
553 628 612 659 est
631 622 732 659 enim
752 622 877 658 unitas
897 622 991 670 ipsa.

476 676 518 713 Ρ.
531 697 586 704 -
600 676 626 714 1.
641 688 706 724 23,
722 675 802 713 sine
814 676 911 720 Deo,
928 687 998 725 pro
1013 675 1095 712 sine

418 729 520 767 sede.

473 783 515 820 P.
537 805 591 812 —
618 783 643 821 L
671 794 734 831 24,
773 783 804 820 si
843 783 968 820 sibilat
1006 796 1093 821 eva-

417 842 544 887 gatur.

474 892 522 930 P.
535 913 590 919 --
609 892 634 929 1.
652 902 715 940 27,
736 891 866 928 dediti.

476 946 518 983 P.
538 945 626 994 158,
646 945 671 983 l.
693 945 754 988 16,
776 945 910 983 saevis.

474 1000 515 1037 P.
553 1010 637 1049 159,
671 1000 697 1037 l.
730 1012 768 1044 2,
807 1000 875 1037 sed
911 1012 979 1036 vos
1019 1011 1096 1036 non

419 1054 637 1096 crederetis.
677 1053 826 1091 omissis
866 1059 1021 1103 propter
1057 1055 1097 1089 τὸ

417 1109 672 1154 ὁμοιοτελευτὸν
705 1108 859 1145 vocibus
897 1107 1095 1157 prioribus,

420 1163 538 1200 semel
549 1183 639 1190 ——-
649 1162 926 1212 delegaveram.

474 1218 581 1255 P.—
600 1216 624 1254 1.
646 1228 659 1253 1
672 1229 704 1260 1,
724 1216 935 1254 veritatem.

476 1272 517 1309 P.
530 1292 576 1299 -
603 1271 628 1307 l.
651 1271 711 1314 16,
729 1271 832 1309 Haec
852 1271 890 1308 in
911 1270 984 1308 fide
997 1270 1092 1308 veri-

644 242 843 310 LECTT.
876 242 1372 286 TERTULLIANEAE
1404 243 1529 285 MSS.
1553 242 1628 283 810.

1152 350 1242 387 tatis
1375 350 1413 387 in
1447 356 1655 388 aeternum.
1714 351 1828 388 Haud

1151 409 1279 441 exstat
1308 404 1402 442 haec
1430 403 1598 442 clausula
1628 405 1665 441 in
1686 404 1828 443 Codice

1151 458 1352 501 Leidensi;
1382 471 1544 508 eamque
1558 471 1660 495 nunc
1676 459 1828 508 quidem

1151 512 1326 549 novimus
1354 525 1402 550 ex
1433 513 1549 550 Msto
1584 513 1779 562 Agobardi
1807 526 1830 550 a

1152 565 1320 615 Rigaltio
1353 566 1590 615 desumptam
1625 579 1719 604 esse.
1782 567 1828 604 Iu

1151 619 1364 669 colophone
1401 626 1529 658 autem
1567 621 1679 670 hujus
1711 621 1828 658 libelli

1151 674 1188 711 in
1228 674 1371 712 Codice
1408 674 1514 711 Leid.
1552 682 1591 713 et
1635 675 1673 712 111
1715 675 1828 712 titulo

1151 728 1233 776 ejus
1274 728 1313 764 in
1351 728 1493 765 Codice
1532 729 1746 779 Agobardi,
1783 731 1829 767 de

1152 782 1739 831 PraescriptioneHaereticorum
1753 783 1828 820 hoc

1151 849 1246 885 opus
1283 836 1505 885 inscxiptum
1544 844 1614 880 est,
1646 837 1825 886 quemad-

1151 891 1305 927 modum
1358 891 1397 927 in
1450 897 1609 940 utraque
1661 891 1827 929 editione

1153 944 1320 994 Rigaltii.
1396 946 1536 982 Verum
1596 945 1635 982 in
1685 946 1827 984 Codice

1151 998 1329 1036 Leideusi
1378 1005 1546 1048 praestat
1595 999 1682 1037 libri
1733 1000 1826 1037 titu-

1150 1052 1210 1090 lus
1247 1053 1422 1090 usitatius
1460 1053 1565 1097 illud,
1608 1056 1669 1091 De
1706 1054 1827 1091 Prae.

1151 1107 1404 1156 scriptionibus
1430 1108 1715 1150 naereticorum,
1737 1108 1826 1145 dum

1152 1161 1215 1198 alii
1229 1161 1383 1203 habent,
1400 1163 1460 1199 De
1476 1162 1828 1211 Praescriptionibus

1152 1217 1323 1253 adversus
1341 1216 1566 1254 Haereticos.

456 1641 512 1682 In
533 1641 701 1684 Libello
721 1642 940 1683 Adversus
966 1641 1118 1684 Omnes
1138 1641 1392 1683 Haereticos
1418 1640 1588 1683 Codicis
1607 1641 1785 1697 Luydu-

770 1710 913 1752 nensis
932 1711 1205 1751 Batavorum
1225 1708 1475 1764 Scriptura.

471 1801 511 1838 P.
545 1800 631 1844 161,
670 1801 696 1838 1.
730 1813 791 1844 21,
830 1800 1014 1838 daemone
1051 1813 1092 1838 se

415 1861 577 1899 errante,
609 1855 672 1905 qui
707 1855 822 1892 etiam
856 1869 889 1894 s.
910 1855 948 1893 d.
978 1868 1091 1904 quae-

417 1910 587 1947 rendam.

471 1965 511 2001 P.
531 1964 617 2006 162,
638 1963 660 2001 1.
682 1975 711 2007 1,
732 1969 818 2013 post
837 1963 950 2002 hunc.

471 2018 510 2055 P.
526 2038 581 2046 —
600 2018 623 2055 l.
638 2030 674 2065 4,
693 2017 904 2056 inferiores.

472 2072 575 2110 P.—
589 2071 613 2109 1.
633 2073 672 2117 6,
696 2072 786 2110 Post
808 2071 1090 2110 similitudinem

415 2126 523 2164 abest
558 2125 717 2175 Rigaltii
754 2126 858 2171 illud,
890 2126 991 2163 illam
1026 2138 1089 2163 eu-

417 2181 601 2230 periorem
622 2187 788 2231 propter.

468 2235 512 2273 1’.
534 2233 623 2282 163,
645 2235 669 2272 1.
692 2246 834 2286 13-15‚
855 2234 1003 2273 Desunt
1022 2247 1088 2272 vo-

414 2288 932 2331 ces,fuisse—-obscoena.
976 2290 1088 2327 Prox-

415 2343 488 2380 ime
508 2343 687 2392 sequitur,
709 2356 841 2381 omncs
860 2342 974 2381 enim.

470 2397 508 2434 P.
530 2396 616 2445 164.
637 2396 660 2434 1.
681 2408 739 2446 13,
759 2403 798 2435 at
818 2397 1032 2435 medietate.

469 2451 510 2488 P.
541 2472 595 2480 —
633 2450 659 2488 1.
696 2463 756 2501 15,
802 2451 1088 2489 Ialdabaothum

413 2511 540 2543 tamen
561 2504 726 2543 inferius.

469 2559 509 2597 Ρ.
530 2559 613 2609 165,
636 2558 661 2597 1.
678 2571 743 2609 32,
765 2565 885 2598 morte
909 2558 1086 2597 nascitur.

468 2613 508 2651 P.
535 2615 618 2658 166,
640 2613 663 2651 1.
682 2614 717 2657 8,
737 2613 873 2652 Chain.

469 2667 506 2704 1⁹.
524 2688 577 2695 —
602 2667 626 2705 1.
647 2679 709 2718 25,
740 2674 778 2706 ct
807 2681 882 2719 quo
910 2667 1088 2717 colligere

412 2727 649 2772 temptatam.

1205 1799 1251 1837 P.
1274 1799 1360 1849 167,
1380 1799 1405 1837 1.
1426 1811 1466 1848 4,
1486 1798 1612 1850 legem
1632 1812 1716 1838 esse
1734 1813 1821 1851 pro-

1148 1854 1266 1904 ponit.

1201 1909 1242 1946 P.
1255 1929 1306 1939 -
1327 1907 1352 1945 1.
1369 1920 1406 1957 9,
1426 1907 1712 1946 circumcidens.

1202 1963 1242 2000 P.
1255 1983 1310 1990 —
1329 1963 1353 2000 1.
1373 1963 1435 2006 26,
1457 1962 1560 2000 dicto
1580 1962 1667 2001 hoc.

1204 2017 1244 2054 P.
1259 2036 1309 2045 —
1329 2016 1354 2053 1.
1374 2015 1434 2060 28,
1453 2016 1492 2054 in
1512 2016 1725 2055 dilectione.

1202 2071 1243 2108 P.
1258 2091 1308 2099 —
1328 2070 1352 2108 l.
1370 2082 1432 2119 31,
1453 2071 1699 2109 contristatus
1718 2076 1789 2109 est.

1202 2125 1241 2162 P.
1261 2124 1347 2175 169,
1363 2125 1385 2162 1.
1406 2134 1466 2175 17,
1486 2130 1525 2163 et
1544 2124 1714 2175 ineptum
1733 2125 1793 2163 sit.

1203 2180 1245 2218 P.
1269 2189 1353 2230 170,
1374 2179 1400 2217 1.
1419 2179 1456 2223 8,
1477 2179 1632 2217 diceret.

1202 2232 1247 2270 P.
1278 2245 1364 2283 ¹72·
1394 2233 1417 2270 1.
1444 2245 1477 2277 2,
1517 2233 1712 2271 Christum
1751 2245 1820 2282 pro

1146 2287 1297 2326 nomine
1319 2287 1599 2337 appraehensus
1619 2287 1786 2337 negavit.

1200 2342 1307 2379 P.—
1325 2341 1348 2379 1.
1374 2353 1409 2390 7,
1431 2342 1535 2379 nullo
1555 2341 1639 2379 alio.

1201 2395 1274 2433 Hic
1294 2395 1438 2439 Codex,
1458 2402 1540 2433 tum
1570 2396 1608 2433 in
1637 2395 1744 2433 initio
1773 2395 1816 2433 li·

1144 2450 1231 2488 belli
1265 2456 1346 2488 tum
1379 2449 1416 2487 in
1450 2450 1674 2500 colophone,
1704 2450 1817 2487 istum

1144 2504 1309 2547 titulum,
1365 2504 1584 2542 Tertulliani
1644 2505 1820 2542 adversus

1145 2571 1268 2596 omnes
1287 2558 1488 2602 Haereses,
1510 2558 1728 2608 inscriptum
1750 2558 1816 2595 liu-

1144 2613 1208 2651 bct
1229 2628 1238 2656 ;
1295 2613 1403 2662 cujus
1455 2612 1580 2662 operis
1626 2612 1729 2650 nullo.
1776 2613 1818 2649 fit

1145 2667 1286 2705 mentio
1307 2667 1343 2704 in
1365 2667 1428 2705 illo
1449 2666 1657 2717 Agoburdi.
