1950 3210
374 245 414 285 vi
923 246 1223 288 LECTORI.

428 360 577 409 Certe
595 361 647 407 in
666 361 844 423 primis
863 362 1079 409 saeculis
1099 361 1238 409 haud
1255 374 1514 423 quaquam
1531 358 1780 407 Orientali

371 447 464 489 aut
505 443 661 491 etiam
697 443 1011 492 Occidentali
1046 444 1301 492 Ecclesiae
1341 443 1547 506 placuit,
1587 446 1646 490 ut
1683 441 1780 488 Ro-

369 540 555 574 manae
608 527 862 575 Ecclesiae
909 528 990 575 vel
1046 527 1325 575 dominatio
1382 527 1436 574 in
1494 530 1779 574 ceterarum

369 608 536 666 fidem,
562 610 643 657 vel
678 610 980 658 immunitas
1015 610 1080 658 ab
1105 625 1270 658 errore
1302 610 1450 672 quasi
1478 624 1510 656 a
1534 609 1640 657 Deo
1664 622 1780 655 con-

369 706 512 740 cessa
535 693 914 741 attribueretur.
953 693 1297 755 Quaecunque
1321 693 1458 740 enim
1481 707 1619 739 nunc
1643 694 1777 746 sunt,

367 776 449 823 vel
475 791 702 838 unquam
733 776 955 833 fuerunt,
983 778 1105 839 jura
1139 777 1334 839 primae
1365 775 1499 824 sedis
1533 789 1592 822 ac
1626 773 1779 836 privi-

366 857 513 919 legia,
533 858 705 906 omnia
729 873 789 906 ea
813 859 955 905 nullo
978 859 1079 906 alio
1102 859 1199 906 niti
1223 858 1559 906 fundamento
1577 859 1779 919 praeter

366 943 626 986 vetustam
669 940 1091 988 consuetudinem
1130 945 1182 987 et
1223 940 1492 1002 synodicas
1532 938 1778 987 constitu-

364 1021 542 1078 tiones,
552 1021 828 1070 Orientalis
852 1023 1035 1071 saltem
1051 1023 1278 1070 Ecclesia
1296 1022 1571 1070 statuebat.
1613 1021 1776 1068 Immo

364 1108 506 1153 totus
547 1105 683 1152 orbis
724 1105 776 1152 in
814 1105 1036 1153 Concilio
1073 1105 1293 1153 Nicaeno
1315 1105 1435 1166 jura
1472 1103 1676 1151 nonnisi
1711 1117 1776 1150 ex

362 1187 524 1234 veteri
548 1201 688 1234 more
713 1192 824 1235 orta
849 1187 1013 1235 eidem
1039 1187 1160 1244 sedi,
1179 1187 1358 1236 aliisve
1381 1186 1661 1249 majoribus
1684 1185 1776 1233 Ec-

363 1269 543 1326 clesiis‚
569 1269 852 1318 adscribit&
924 1271 989 1318 Et
1013 1275 1468 1334 quantumcunque
1501 1270 1597 1318 sibi
1620 1269 1775 1316 hono-

361 1367 470 1400 rem
507 1368 573 1401 ex
608 1353 947 1416 amplitudine
977 1355 1336 1417 Apostolorum
1366 1354 1505 1402 Petri
1535 1357 1588 1402 et
1612 1352 1773 1408 Pauli,

362 1437 451 1499 qui
476 1437 755 1485 Ecclesiam
790 1438 1076 1486 Romanam
1113 1438 1486 1495 stabiliverunt,
1510 1437 1651 1485 urbis
1676 1436 1775 1484 Ro-

361 1533 477 1567 mae
508 1519 742 1582 Episcopi
780 1521 875 1568 sibi
911 1523 1330 1584 comparaverint,
1364 1521 1444 1569 his
1477 1525 1665 1576 tamen,
1690 1521 1774 1582 ju-

360 1603 471 1651 dice
497 1603 721 1652 Concilio
756 1606 980 1667 generali
1005 1606 1417 1662 Chalcedonensi‚
1455 1605 1522 1652 διὰ
1559 1605 1615 1653 τὸ
1639 1606 1774 1663 βασι-

359 1688 494 1733 λεύειν
518 1688 596 1742 τὴν
620 1688 752 1735 πόλιν
776 1689 930 1743 ἐκείνην
954 1691 997 1735 οἱ
1032 1689 1231 1755 Ila-repes·
1266 1690 1438 1739 εἰκότως·
1473 1688 1769 1735 ἀποδεδώκασι

358 1768 420 1816 τὰ
443 1768 704 1833 πρεσβεῖαι).
769 1769 846 1818 Ex
872 1785 986 1832 que,
1011 1772 1107 1819 etsi
1133 1771 1387 1819 Ecclesiae
1413 1769 1772 1831 Hierosolymi-

359 1856 513 1900 tanae
549 1852 711 1900 honor
747 1853 929 1902 solitus
960 1858 1012 1901 et
1044 1854 1290 1916 antiquus
1320 1853 1525 1902 Canone
1554 1851 1770 1914 septimo

360 1935 581 1984 Nicaeno
605 1936 938 1984 confirmatus
970 1941 1061 1994 est,
1086 1937 1364 1986 Caesareae
1387 1941 1562 1984 tamen
1585 1938 1771 1983 metro-

357 2019 474 2081 poli,
515 2020 692 2068 eodem
731 2020 936 2069 Canone
968 2021 1198 2084 jubente,
1234 2021 1378 2069 salva
1412 2020 1656 2068 manebat
1693 2033 1770 2067 ec-

357 2101 643 2151 clesiastica
697 2117 792 2151 sua
838 2103 1073 2165 dignitaS‚
1122 2104 1268 2167 cujus
1314 2102 1519 2166 quidem
1567 2101 1770 2150 institu-

357 2183 519 2231 endae
551 2184 908 2247 praerogativa
942 2186 1106 2233 civilis
1138 2186 1307 2235 fuerat
1335 2185 1556 2234 initium.
1627 2184 1770 2241 Quae

357 2279 506 2327 porro
531 2265 893 2315 deferebantur
923 2267 988 2315 ad
1025 2268 1329 2331 Episcopum
1366 2268 1655 2316 Romanum
1681 2280 1769 2329 ap-

355 2347 433 2409 pel
442 2347 672 2405 latione&
692 2364 821 2412 quas
845 2349 1023 2398 favens
1046 2351 1105 2406 ci,
1131 2355 1183 2399 et
1206 2350 1258 2398 iu
1283 2350 1527 2399 honorem
1552 2348 1600 2398 S.
1617 2348 1767 2405 Petri,

355 2436 676 2479 concesserat
735 2431 1031 2480 Sardicense
1077 2431 1372 2489 Concilium,
1419 2435 1479 2479 ut
1524 2430 1767 2478 nimirum

355 2527 541 2562 causae
574 2516 862 2571 nonnullae,
900 2516 996 2565 etsi
1032 2516 1174 2579 prius
1200 2498 1476 2578 judicatae,
1513 2515 1556 2564 si
1592 2519 1766 2563 tamen

357 2595 595 2645 Pontifex
636 2597 721 2646 ille
758 2598 830 2646 ita
858 2599 1077 2662 juberet,
1115 2600 1163 2647 in
1201 2599 1378 2648 eadem
1414 2598 1619 2662 quidem
1655 2612 1767 2660 pro-

356 2677 524 2727 vincia
565 2685 978 2738 retractarentur,
1019 2682 1112 2731 has
1159 2683 1336 2745 utique
1383 2681 1765 2744 provocationes

573 2813 590 2831 ¹¹
611 2806 765 2842 (Pnnouv
785 2811 894 2843 next«.
918 2804 1096 2843 Nimwno.

575 2869 593 2896 b
614 2871 767 2907 (lunone
789 2870 967 2907 viem-simo
988 2877 1121 2907 ‹wrm-n
1143 2870 1450 2909 (ffmlvedom-nni.
