1988 3216
526 284 762 327 CONTRA
795 283 1100 326 HAERESIM
1138 283 1177 324 N
1182 281 1334 324 OETI.

1581 284 1636 325 65

229 389 471 456 λάβωμεν.
544 390 632 458 Μὴ
659 391 759 445 κατ’
782 384 904 444 ἰδίαν
928 392 1225 460 προαίρεσιν,
1255 389 1372 456 μηδὲ
1397 390 1499 443 κατ’
1521 391 1638 444 ἴδιον

228 480 353 540 νοῦν,
392 476 511 542 μηδὲ
553 475 820 544 βιαζόμενοι
857 475 918 530 τὰ
959 475 1052 530 ὑπὸ
1092 481 1178 528 τοῦ
1217 479 1345 528 Θεοῦ
1391 475 1634 541 δεδομένα,

226 561 340 612 ἀλλ’
369 561 423 614 ὃν
447 562 626 630 τρόπον
659 561 801 619 αὐτὸς
835 560 1075 628 ἐβουλήθη
1110 560 1187 612 διὰ
1217 564 1314 613 τῶν
1338 560 1487 626 ἁγίων
1512 583 1633 628 γρα-

225 648 335 714 φῶν
359 644 523 714 δεῖξαι,
549 648 698 703 οὕτως
727 646 912 713 ἴδωμεν.

189 751 213 789 5
301 727 347 781 ι’.
390 729 512 787 Θεὸς
553 730 699 797 μόνος
742 731 969 802 ὑπάρχων
1011 733 1087 783 καὶ
1131 728 1278 797 μηδὲν
1321 729 1444 800 ἔχων
1486 730 1638 801 ἑαυτῷ

224 812 518 884 σύγχρονον,
545 816 786 883 ἐβουλήθη
812 815 998 882 κόσμον
1020 816 1198 868 κτίσαι.
1256 816 1321 868 Ὁ
1347 813 1534 880 κόσμον
1558 817 1633 867 ἐν·

225 902 420 964 νοηθεὶς,
466 900 680 967 θελήσας
725 925 775 955 τε
820 903 896 954 καὶ
941 899 1273 972 φθεγξάμενος
1315 902 1553 967 ἐποίησεν,
1597 899 1636 973 ᾧ

222 985 489 1052 παραυτίκα
512 986 732 1055 παρέστη
757 985 814 1039 τὸ
839 986 1089 1054 γενόμενον
1107 974 1173 1042 'cbs-
1197 986 1451 1052 ἠθέλησεν.
1504 988 1632 1040 Αὐτ-

223 1068 360 1137 αρκὲς
399 1071 483 1122 οὖν
522 1071 634 1136 ἡμῖν
674 1072 807 1124 ἐστιν
846 1070 994 1136 μόνον
1031 1070 1195 1123 εἰδέναι
1240 1071 1310 1124 ὅτι
1356 1070 1635 1142 σύγχρονον

163 1179 212 1205 ιο
225 1156 351 1206 Θεοῦ
377 1154 510 1208 οὐδὲν
533 1154 666 1221 πλὴν
691 1155 832 1213 αὐτὸς
856 1154 932 1222 ἦν,
961 1155 1103 1212 αὐτὸς
1133 1156 1182 1208 δὲ
1214 1156 1360 1221 μόνος
1384 1155 1452 1208 ὧν
1476 1155 1633 1214 πολὺς

221 1237 294 1304 ἧν·
339 1242 445 1293 οὔτε
481 1241 577 1310 γὰρ
610 1242 808 1309 ἄλογος,
850 1244 955 1295 οὔτε
992 1242 1199 1313 ἅσοφος,
1241 1245 1344 1295 οὔτε
1382 1241 1629 1307 ἀδύνατος,

222 1326 328 1378 οὔτε
361 1325 651 1389 ἀβούλευτος
682 1325 756 1392 ἦν·
798 1326 956 1380 πάντα
986 1327 1035 1379 δὲ
1067 1326 1127 1393 ἧν
1150 1329 1200 1379 ἐν
1229 1330 1375 1398 αὐτῷ,
1407 1327 1549 1384 αὐτὸς
1584 1327 1632 1380 δὲ

221 1407 282 1475 ἦν
304 1410 360 1464 τὸ
398 1416 510 1464 πᾶν.
562 1410 684 1466 Ὅτε
714 1412 970 1478 ἠθέλησεν,
1010 1411 1166 1468 καθὼς
1198 1412 1451 1478 ἠθέλησεν,
1488 1411 1632 1482 ἔδειξε

221 1493 305 1548 τὸν
335 1495 499 1564 Λόγον
536 1499 682 1551 αὐτοῦ
715 1501 893 1566 καιροῖς
931 1498 1211 1566 ὡρισμένοις
1247 1498 1358 1566 παρ’
1387 1498 1534 1568 αὐτῷ,
1573 1500 1630 1551 δι’

162 1608 209 1647 15
222 1581 278 1635 οὗ
310 1581 370 1636 τὰ
402 1582 560 1636 πάντα
596 1584 835 1649 ἐποίησεν.
879 1582 1000 1636 Ὅτε
1034 1581 1119 1647 μὲν
1143 1582 1283 1647 θέλει,
1311 1587 1448 1645 ποιεῖ,
1478 1584 1553 1636 ὅτε
1582 1585 1631 1637 δὲ

219 1667 494 1732 ἐνθυμεῖται,
539 1673 677 1733 τελεῖ,
728 1668 804 1721 ὅτε
859 1668 907 1720 δὲ
957 1668 1236 1738 φθέγγεται,
1291 1668 1501 1731 δεικνύει,
1557 1669 1631 1721 ὅτε

219 1751 458 1815 πλάσσει,
489 1753 752 1824 σοφίζεται·
794 1754 952 1806 πάντα
977 1753 1073 1822 γὰρ
1097 1752 1158 1806 τὰ
1183 1752 1411 1820 γενόμενα
1437 1753 1512 1805 διὰ
1539 1753 1625 1806 λό-

221 1859 311 1903 γου
344 1840 420 1890 καὶ
454 1839 633 1909 σοφίας
669 1837 951 1909 τεχνάζεται,
978 1838 1113 1909 λόγῳ
1147 1838 1232 1903 μὲν
1263 1838 1447 1905 κτίζων,
1477 1841 1632 1909 σοφίᾳ

220 1922 270 1974 δὲ
305 1928 518 1989 κοσμῶν.
584 1924 846 1990 Ἐποίησεν
881 1924 965 1976 οὖν
993 1926 1057 1980 ὡς
1091 1923 1344 1990 ἠθέλησεν,
1374 1923 1497 1979 Θεὸς
1535 1923 1631 1992 γὰρ

220 2099 415 2150 cipiamuS.
471 2100 509 2138 Ν
513 2114 562 2138 011
581 2101 790 2138 secundum
809 2114 896 2151 pro-

220 2153 344 2204 priam
382 2153 630 2200 voluntatem,
671 2167 793 2205 neque
840 2167 896 2192 se-

220 2207 388 2245 cundum
416 2208 614 2258 proprium
644 2221 808 2255 sensum,
833 2221 896 2246 ne-

219 2275 294 2312 que
312 2261 392 2299 vim
420 2262 624 2301 inferentes
652 2262 692 2300 in
721 2276 776 2310 ea,
799 2276 895 2313 quae

218 2316 268 2354 ab
291 2329 336 2354 eo
359 2316 449 2354 data
471 2322 561 2355 sunt
577 2330 588 2363 3
616 2316 683 2354 sed
702 2317 894 2367 quomodo

217 2370 299 2420 ipse
327 2383 396 2421 per
418 2376 567 2409 sanctas
587 2370 804 2421 Scripturas
828 2371 894 2409 do-

217 2437 302 2462 cere
320 2424 454 2471 voluit,
473 2425 527 2463 sic
546 2425 814 2476 intelligamus.

273 2477 319 2516 X.
353 2478 458 2517 Deus
495 2479 598 2518 solus
630 2492 750 2530 quum
783 2485 892 2526 esset,

217 2532 387 2583 nihilque
411 2533 483 2571 sibi
513 2546 695 2572 coaevum
722 2533 891 2579 haberet,

216 2586 339 2624 voluit
400 2587 587 2625 mundum
642 2587 799 2634 efficere,
853 2594 892 2626 et

217 2641 404 2679 mundum
448 2641 631 2692 cogitans,
669 2655 712 2680 ac
749 2642 891 2688 volens,

217 2699 256 2733 et
287 2694 417 2733 dicens
449 2695 599 2743 effecit3
635 2695 893 2746 continuoque

215 2748 367 2788 exstitit
399 2749 433 2787 ei
470 2749 603 2796 factus,
641 2750 739 2788 sicut
769 2750 892 2788 voluit

215 2802 383 2853 perfecit.
443 2803 544 2842 Satis
566 2803 686 2854 igitur
704 2804 814 2842 nobis
833 2810 891 2842 est

215 2856 311 2895 scire
339 2857 474 2903 solum,
498 2858 593 2895 nihil
617 2871 697 2896 esse
722 2858 805 2896 Deo
830 2871 890 2895 co-

215 2923 360 2948 aevum.
421 2911 529 2949 Nihil
554 2918 635 2950 erat
659 2918 810 2962 praeter
833 2913 890 2962 ip-

272 2989 352 3016 voL
391 2990 415 3016 1.

952 2113 1063 2138 sum:
1099 2100 1179 2151 ipse
1217 2100 1319 2138 solus
1358 2100 1502 2139 multu}
1535 2106 1627 2138 erat.

952 2154 993 2192 N
995 2167 1037 2192 ec
1080 2154 1181 2192 enim
1219 2160 1301 2192 erat
1341 2154 1423 2192 sine
1469 2154 1628 2201 ratione,

951 2208 1032 2246 sine
1079 2209 1277 2259 sapientia,
1316 2209 1397 2246 sine
1444 2209 1627 2259 potentia,

950 2263 1031 2301 sine
1056 2263 1223 2300 consilio,
1285 2263 1426 2300 Omnia
1454 2269 1562 2301 erant
1587 2263 1626 2300 in

949 2330 1006 2363 eo,
1040 2317 1121 2367 ipse
1154 2323 1236 2355 erat
1266 2317 1405 2354 omnia.
1464 2317 1628 2365 Quando

949 2371 1083 2418 voluit,
1112 2377 1151 2410 et
1179 2371 1372 2422 quomodo
1404 2371 1537 2418 voluit,
1569 2385 1628 2410 os-

948 2425 1074 2464 tendit
1102 2426 1273 2463 Verbum
1302 2438 1415 2463 suum
1444 2426 1627 2476 tempori—

949 2480 1020 2518 bus
1057 2480 1160 2531 apud
1194 2493 1281 2518 eum
1314 2479 1511 2526 defiuitis;
1558 2493 1627 2530 pei·

947 2547 1061 2584 quern
1090 2534 1218 2572 omnia
1247 2533 1346 2572 fecit.
1406 2533 1482 2582 Qui
1506 2547 1625 2584 quum

947 2588 1042 2635 vult,
1057 2588 1147 2626 facit
1164 2601 1174 2634 ;
1198 2588 1350 2638 quando
1370 2587 1526 2638 cogitat,
1541 2601 1625 2638 per-

948 2642 1027 2680 ficit
1046 2656 1057 2689 5
1100 2642 1253 2692 quando
1286 2642 1467 2692 loquitur,
1498 2648 1624 2681 osten-

947 2696 1006 2734 dit
1022 2710 1032 2742 ;
1061 2696 1214 2746 quando
1233 2696 1383 2742 format,
1396 2696 1623 2746 sapientiam

946 2750 1036 2788 edit.
1096 2750 1237 2788 Omnia
1266 2749 1369 2788 enim
1397 2763 1494 2800 quae
1524 2750 1624 2789 faeta

946 2808 1047 2850 sunt,
1072 2804 1219 2842 ratione
1242 2804 1398 2855 quidem
1427 2810 1540 2851 creat,
1565 2818 1623 2843 sa-

946 2858 1090 2908 pientia
1116 2872 1206 2896 vero
1234 2863 1356 2896 ornat.
1416 2858 1523 2897 Fecit
1552 2859 1623 2910 igi-

945 2918 1010 2950 tur
1047 2913 1143 2950 sicut
1185 2913 1331 2958 voluit:
1377 2914 1481 2951 Deus
1519 2914 1621 2951 enim

1003 2992 1026 3017 F
