2034 3204
158 354 263 385 Marc.
283 355 349 385 xiv.

161 1445 264 1477 Matt.
279 1445 333 1477 vii.

166 1488 215 1521 16.

166 2301 251 2333 Aeta
269 2301 335 2332 xiii.

170 2354 216 2377 ιο.

379 239 469 302 146
849 239 1313 281 TERTULLIANI

379 349 641 395 Dominum
661 348 786 394 tradi
805 349 1082 408 oportebat3
1109 350 1189 394 sed
1219 346 1310 394 Vae
1325 347 1545 394 traditori
1563 362 1572 391 z
1598 362 1656 392 ne
1673 346 1782 406 quis

377 426 522 472 etiam
546 426 658 472 hinc
681 426 898 471 haereses
921 425 1157 472 defendat.
1223 425 1276 471 Si
1301 432 1348 471 et
1371 425 1557 485 Apellis
1581 430 1783 471 stemma

376 505 731 550 retractandum
755 510 840 557 est,
866 510 965 549 tam
1001 519 1096 549 non
1121 502 1270 566 [fors.
1297 519 1393 550 non
1427 503 1553 564 tam]
1577 509 1714 548 vetus
1738 509 1785 548 et

377 582 491 641 ipse,
515 597 659 641 quam
687 580 908 626 Marcion
941 580 1190 626 institutor
1214 589 1260 626 et
1284 581 1629 640 praeformator
1651 581 1782 641 ejus;

377 660 457 704 sed
482 660 643 718 lapsus
667 658 717 704 in
741 658 984 708 feminam.
1003 659 1214 703 desertor
1233 658 1554 704 continentiae
1579 657 1785 704 Marcio·
1799 670 1822 709 5

378 736 550 789 nensis,
586 737 648 782 ab
671 736 820 781 oculis
855 736 1146 781 sanctissimi
1182 736 1403 798 magistri
1438 736 1784 782 Alexandriam

377 813 580 859 secessit.
653 814 770 859 Inde
794 819 902 872 post
925 829 1075 858 annos
1098 829 1341 875 regressus
1365 829 1460 859 non
1485 814 1666 867 melior,
1691 813 1786 859 nisi

378 899 566 936 tantum
591 906 688 950 qua
718 892 821 952 jam
854 906 949 936 non
983 891 1306 945 Marcionites,
1339 891 1390 936 in
1421 893 1621 937 alteram
1651 890 1788 936 femi-

378 985 488 1014 nam
537 967 752 1030 impegit,
795 967 926 1013 illam
975 968 1211 1030 virginem
1261 969 1593 1023 Philumenen,
1640 983 1786 1028 quam

378 1062 523 1106 supra
554 1046 804 1098 edidimus,
830 1052 993 1105 postea
1024 1062 1135 1091 vero
1165 1046 1372 1092 immane
1407 1047 1714 1106 postibulum,
1740 1052 1787 1092 et
1805 1063 1852 1089 10

378 1123 531 1184 ipsam
566 1125 704 1185 cujus
740 1130 1039 1185 energemate
1073 1123 1441 1179 circumventus,
1477 1139 1597 1184 quas
1637 1125 1698 1170 ab
1732 1139 1788 1170 ea

378 1202 562 1255 didicit,
612 1201 926 1247 Phaneroseis
984 1201 1187 1261 scripsit.
1259 1202 1434 1248 Adhuc
1492 1202 1543 1247 in
1601 1203 1788 1247 saeculo

380 1285 637 1339 supersunt
683 1279 768 1338 qui
827 1279 1133 1325 meminerint
1179 1295 1355 1334 eorum,
1403 1280 1547 1326 etiam
1606 1279 1787 1340 proprii

379 1358 612 1403 discentes
650 1363 697 1402 et
734 1373 1022 1403 successores
1060 1357 1290 1417 ipsorum,
1314 1364 1369 1403 ut
1406 1374 1465 1404 ne
1506 1357 1787 1419 posteriores

381 1451 554 1498 negare
589 1435 786 1495 possint.
856 1435 1162 1495 Quamquam
1186 1442 1234 1481 et
1257 1437 1315 1481 de
1349 1435 1571 1495 operibus
1595 1435 1708 1490 suis,
1732 1442 1788 1481 ut
1806 1453 1852 1491 15

380 1514 506 1559 dixit
563 1512 816 1565 DominuS‚
875 1512 1201 1559 revincuntur.
1271 1513 1322 1559 Si
1382 1513 1510 1559 enim
1570 1513 1788 1560 Marcion

380 1607 556 1638 novum
598 1591 962 1636 Testamentum
1001 1607 1029 1636 a
1071 1597 1227 1637 vetere
1265 1591 1519 1651 separavit,
1557 1592 1790 1651 posterior

378 1677 450 1716 est
485 1686 553 1724 eo,
586 1670 713 1729 quod
754 1669 1025 1728 separavit;
1069 1669 1185 1729 quia
1226 1685 1444 1729 separare
1481 1685 1577 1715 non
1613 1676 1788 1730 posset,

381 1747 473 1794 nisi
512 1749 638 1807 quod
681 1741 871 1793 unitum
914 1746 1022 1792 fuit.
1094 1747 1299 1793 Unitum
1341 1763 1455 1810 ergo
1495 1754 1606 1794 ante
1642 1764 1787 1808 quam

382 1832 696 1885 separaretur,
722 1831 884 1884 postea
913 1833 1201 1883 separatum,
1238 1825 1544 1885 posteriorem
1580 1826 1789 1872 ostendit
1805 1845 1854 1871 20

382 1910 714 1962 separatorem.
788 1902 908 1948 Item
945 1902 1246 1954 Valentinus,
1288 1903 1429 1949 aliter
1468 1918 1707 1963 exponens
1742 1910 1790 1950 et

382 1981 484 2027 sine
507 1981 655 2027 dubio
678 1982 950 2034 emendans,
975 1981 1063 2027 hoc
1100 1981 1291 2027 nomine
1314 1981 1543 2042 quicquid
1569 1983 1790 2029 emendat

385 2066 437 2104 ut
462 2060 739 2105 mendosum
765 2066 906 2114 retro,
930 2059 1144 2105 anterius
1167 2059 1316 2105 fuisse
1338 2061 1645 2106 demonstrat.
1685 2060 1789 2106 Hos

385 2144 438 2182 ut
480 2136 764 2198 insigniores
810 2143 857 2182 et
897 2136 1241 2196 frequentiores
1287 2138 1527 2183 adulteros
1573 2137 1790 2183 veritatis

386 2214 701 2260 nominamus.
774 2214 996 2260 Ceterum
1036 2222 1082 2260 et
1122 2214 1351 2275 Nigidius
1389 2216 1546 2262 nescio
1583 2215 1724 2276 quis,
1743 2220 1790 2261 et
1806 2235 1854 2273 25

388 2293 729 2355 Hermogenes,
753 2300 800 2338 et
833 2292 972 2338 multi
981 2287 1107 2350 lalii‚
1131 2293 1287 2339 adhuc
1321 2294 1570 2340 ambulant
1605 2308 1791 2354 perver-

385 2378 538 2417 tentes
563 2370 665 2416 vias
690 2370 779 2416 Dei
800 2384 810 2416 z
842 2370 984 2429 cupio
1006 2371 1261 2416 ostendant
1285 2371 1403 2417 mibi
1429 2387 1487 2417 ex
1511 2387 1607 2432 qua
1630 2378 1791 2419 aucto-

385 2449 527 2494 ritate
563 2448 854 2509 prodierunt.
927 2447 976 2493 Si
1003 2447 1149 2493 alium
1178 2448 1332 2494 Deum
1362 2449 1646 2510 praedicant,
1671 2465 1790 2510 quo-

386 2527 526 2572 modo
548 2527 652 2587 ejus
677 2525 765 2572 Dei
805 2525 957 2578 rebus,
982 2532 1029 2570 et
1054 2525 1240 2579 litteris,
1266 2533 1313 2572 et
1346 2527 1618 2574 nominibus
1647 2533 1790 2574 utun-

387 2611 466 2650 tur
487 2604 713 2649 adversus
736 2618 876 2663 quem
903 2602 1215 2663 praedicant?
1248 2603 1287 2649 si
1313 2606 1528 2659 eundem,
1553 2606 1790 2665 quomodo
1804 2626 1855 2663 30

385 2682 560 2727 aliter?
612 2680 820 2727 Probent
866 2697 915 2726 se
962 2696 1108 2726 novus
1155 2679 1410 2742 Apostolos
1456 2697 1581 2729 esse:
1628 2682 1790 2728 dicant

386 2758 632 2804 Christum
660 2759 831 2805 iterum
857 2758 1166 2813 descendisse,
1188 2758 1359 2806 iterum
1386 2759 1542 2820 ipsum
1561 2759 1787 2811 docuisse,

388 2837 556 2882 iterum
584 2836 877 2889 crucifixum,
905 2838 1075 2884 iterum
1103 2845 1359 2887 mortuum.
1387 2837 1555 2883 iterum
1592 2838 1789 2884 resusci—
