<?xml version="1.0" encoding="UTF-8"?>
<!DOCTYPE html PUBLIC "-//W3C//DTD XHTML 1.0 Transitional//EN"
    "http://www.w3.org/TR/xhtml1/DTD/xhtml1-transitional.dtd">
<html xmlns="http://www.w3.org/1999/xhtml" xml:lang="en" lang="en">
 <head>
  <title>
</title>
<meta http-equiv="Content-Type" content="text/html;charset=utf-8" />
  <meta name='ocr-system' content='tesseract 3.04.00' />
  <meta name='ocr-capabilities' content='ocr_page ocr_carea ocr_par ocr_line ocrx_word'/>
</head>
<body>
  <div class='ocr_page' id='page_1' title='image "./scriptorumeccles01rout_0302.png"; bbox 0 0 2034 3204; ppageno 0'>
   <div class='ocr_carea' id='block_1_1' title="bbox 194 2486 393 2649">
    <p class='ocr_par' dir='ltr' id='par_1_1' title="bbox 197 2486 373 2518">
     <span class='ocr_line' id='line_1_1' title="bbox 197 2486 373 2518; baseline -0.006 0"><span class='ocrx_word' id='word_1_1' title='bbox 197 2486 317 2518; x_wconf 63' lang='lat' dir='ltr'>Multi„</span> <span class='ocrx_word' id='word_1_2' title='bbox 332 2486 373 2518; x_wconf 81' lang='lat' dir='ltr'>de</span> 
     </span>
    </p>

    <p class='ocr_par' dir='ltr' id='par_1_2' title="bbox 194 2531 379 2562">
     <span class='ocr_line' id='line_1_2' title="bbox 194 2531 379 2562; baseline 0.005 -1"><span class='ocrx_word' id='word_1_3' title='bbox 194 2531 302 2561; x_wconf 74' lang='lat' dir='ltr'>cnunin</span> <span class='ocrx_word' id='word_1_4' title='bbox 319 2531 379 2562; x_wconf 75' lang='lat' dir='ltr'>uti-</span> 
     </span>
    </p>

    <p class='ocr_par' dir='ltr' id='par_1_3' title="bbox 196 2573 393 2649">
     <span class='ocr_line' id='line_1_3' title="bbox 197 2573 393 2606; baseline 0 -1"><span class='ocrx_word' id='word_1_5' title='bbox 197 2573 236 2605; x_wconf 74' lang='lat' dir='ltr'>lin</span> <span class='ocrx_word' id='word_1_6' title='bbox 252 2579 302 2605; x_wconf 67' lang='lat' dir='ltr'>unt</span> <span class='ocrx_word' id='word_1_7' title='bbox 320 2574 393 2606; x_wconf 74' lang='lat' dir='ltr'>Pon-</span> 
     </span>
     <span class='ocr_line' id='line_1_4' title="bbox 196 2618 250 2649; baseline 0.019 -1"><span class='ocrx_word' id='word_1_8' title='bbox 196 2618 250 2649; x_wconf 75' lang='lat' dir='ltr'>tiu.</span> 
     </span>
    </p>
   </div>
   <div class='ocr_carea' id='block_1_2' title="bbox 417 199 1316 243">
    <p class='ocr_par' dir='ltr' id='par_1_4' title="bbox 417 199 1316 243">
     <span class='ocr_line' id='line_1_5' title="bbox 417 199 1316 243; baseline 0.002 -2"><span class='ocrx_word' id='word_1_9' title='bbox 417 199 504 242; x_wconf 71' lang='lat'>286</span> <span class='ocrx_word' id='word_1_10' title='bbox 923 201 965 243; x_wconf 83' lang='lat' dir='ltr'>S.</span> <span class='ocrx_word' id='word_1_11' title='bbox 999 201 1316 243; x_wconf 88' lang='lat' dir='ltr'><strong>CYPRIANI</strong></span> 
     </span>
    </p>
   </div>
   <div class='ocr_carea' id='block_1_3' title="bbox 413 310 1890 2847">
    <p class='ocr_par' dir='ltr' id='par_1_5' title="bbox 413 310 1890 2444">
     <span class='ocr_line' id='line_1_6' title="bbox 417 310 1822 372; baseline -0.001 -16"><span class='ocrx_word' id='word_1_12' title='bbox 417 311 585 357; x_wconf 89' lang='lat' dir='ltr'>timeat</span> <span class='ocrx_word' id='word_1_13' title='bbox 607 310 685 356; x_wconf 89' lang='lat' dir='ltr'>cui</span> <span class='ocrx_word' id='word_1_14' title='bbox 710 310 798 356; x_wconf 89' lang='lat' dir='ltr'>hoc</span> <span class='ocrx_word' id='word_1_15' title='bbox 822 325 956 356; x_wconf 88' lang='lat' dir='ltr'>mora</span> <span class='ocrx_word' id='word_1_16' title='bbox 978 311 1191 372; x_wconf 88' lang='lat' dir='ltr'>longiore</span> <span class='ocrx_word' id='word_1_17' title='bbox 1219 311 1474 365; x_wconf 83' lang='lat' dir='ltr'><strong>confertur,</strong></span> <span class='ocrx_word' id='word_1_18' title='bbox 1499 316 1554 356; x_wconf 93' lang='lat' dir='ltr'>ut</span> <span class='ocrx_word' id='word_1_19' title='bbox 1583 310 1822 356; x_wconf 89' lang='lat' dir='ltr'>cruciatus</span> 
     </span>
     <span class='ocr_line' id='line_1_7' title="bbox 417 386 1822 449; baseline -0.001 -15"><span class='ocrx_word' id='word_1_20' title='bbox 417 389 522 449; x_wconf 91' lang='lat' dir='ltr'>ejus</span> <span class='ocrx_word' id='word_1_21' title='bbox 546 394 593 433; x_wconf 93' lang='lat' dir='ltr'>et</span> <span class='ocrx_word' id='word_1_22' title='bbox 615 387 823 449; x_wconf 86' lang='lat' dir='ltr'><strong>gemitus</strong></span> <span class='ocrx_word' id='word_1_23' title='bbox 848 387 1040 433; x_wconf 91' lang='lat' dir='ltr'>interim</span> <span class='ocrx_word' id='word_1_24' title='bbox 1067 386 1330 433; x_wconf 84' lang='lat' dir='ltr'>differatur.</span> <span class='ocrx_word' id='word_1_25' title='bbox 1402 387 1551 433; x_wconf 92' lang='lat' dir='ltr'>Multi</span> <span class='ocrx_word' id='word_1_26' title='bbox 1569 403 1629 433; x_wconf 86' lang='lat' dir='ltr'>ex</span> <span class='ocrx_word' id='word_1_27' title='bbox 1647 386 1822 432; x_wconf 90' lang='lat' dir='ltr'>nostris</span> 
     </span>
     <span class='ocr_line' id='line_1_8' title="bbox 418 465 1824 519; baseline -0.001 -8"><span class='ocrx_word' id='word_1_28' title='bbox 418 466 468 511; x_wconf 90' lang='lat' dir='ltr'>in</span> <span class='ocrx_word' id='word_1_29' title='bbox 493 466 583 511; x_wconf 88' lang='lat' dir='ltr'>hac</span> <span class='ocrx_word' id='word_1_30' title='bbox 606 465 897 510; x_wconf 83' lang='lat' dir='ltr'>mortalitate</span> <span class='ocrx_word' id='word_1_31' title='bbox 922 465 1206 518; x_wconf 88' lang='lat' dir='ltr'>moriuntur,</span> <span class='ocrx_word' id='word_1_32' title='bbox 1231 465 1318 511; x_wconf 88' lang='lat' dir='ltr'>hoc</span> <span class='ocrx_word' id='word_1_33' title='bbox 1342 471 1427 519; x_wconf 91' lang='lat' dir='ltr'>est,</span> <span class='ocrx_word' id='word_1_34' title='bbox 1453 465 1593 511; x_wconf 90' lang='lat' dir='ltr'>multi</span> <span class='ocrx_word' id='word_1_35' title='bbox 1624 480 1684 511; x_wconf 88' lang='lat' dir='ltr'>ex</span> <span class='ocrx_word' id='word_1_36' title='bbox 1715 480 1824 510; x_wconf 89' lang='lat' dir='ltr'>nos-</span> 
     </span>
     <span class='ocr_line' id='line_1_9' title="bbox 418 541 1823 589; baseline -0.001 0"><span class='ocrx_word' id='word_1_37' title='bbox 418 543 506 589; x_wconf 86' lang='lat' dir='ltr'>tris</span> <span class='ocrx_word' id='word_1_38' title='bbox 530 544 588 588; x_wconf 89' lang='lat' dir='ltr'>de</span> <span class='ocrx_word' id='word_1_39' title='bbox 606 543 792 587; x_wconf 91' lang='lat' dir='ltr'>saeculo</span> <span class='ocrx_word' id='word_1_40' title='bbox 816 542 1092 587; x_wconf 87' lang='lat' dir='ltr'>liberantur.</span> <span class='ocrx_word' id='word_1_41' title='bbox 1143 542 1416 588; x_wconf 89' lang='lat' dir='ltr'>Mortalitas</span> <span class='ocrx_word' id='word_1_42' title='bbox 1440 542 1535 588; x_wconf 90' lang='lat' dir='ltr'>ista</span> <span class='ocrx_word' id='word_1_43' title='bbox 1551 549 1607 588; x_wconf 89' lang='lat' dir='ltr'>ut</span> <span class='ocrx_word' id='word_1_44' title='bbox 1623 542 1655 587; x_wconf 88' lang='lat' dir='ltr'>J</span> <span class='ocrx_word' id='word_1_45' title='bbox 1657 541 1823 588; x_wconf 88' lang='lat' dir='ltr'>udaeis</span> 
     </span>
     <span class='ocr_line' id='line_1_10' title="bbox 417 617 1860 681; baseline 0 -15"><span class='ocrx_word' id='word_1_46' title='bbox 417 627 465 666; x_wconf 87' lang='lat' dir='ltr'>et</span> <span class='ocrx_word' id='word_1_47' title='bbox 497 619 757 681; x_wconf 87' lang='lat' dir='ltr'>gentilibus</span> <span class='ocrx_word' id='word_1_48' title='bbox 791 624 839 663; x_wconf 87' lang='lat' dir='ltr'>et</span> <span class='ocrx_word' id='word_1_49' title='bbox 874 618 1057 664; x_wconf 88' lang='lat' dir='ltr'>Christi</span> <span class='ocrx_word' id='word_1_50' title='bbox 1091 619 1309 665; x_wconf 84' lang='lat' dir='ltr'>hostibus</span> <span class='ocrx_word' id='word_1_51' title='bbox 1343 620 1490 679; x_wconf 91' lang='lat' dir='ltr'>pestis</span> <span class='ocrx_word' id='word_1_52' title='bbox 1526 626 1611 674; x_wconf 89' lang='lat' dir='ltr'>est,</span> <span class='ocrx_word' id='word_1_53' title='bbox 1636 619 1706 664; x_wconf 91' lang='lat' dir='ltr'>ita</span> <span class='ocrx_word' id='word_1_54' title='bbox 1728 617 1820 664; x_wconf 85' lang='lat' dir='ltr'>Dei</span> <span class='ocrx_word' id='word_1_55' title='bbox 1836 627 1860 666; x_wconf 87' lang='lat'>5</span> 
     </span>
     <span class='ocr_line' id='line_1_11' title="bbox 417 695 1823 756; baseline -0.001 -13"><span class='ocrx_word' id='word_1_56' title='bbox 417 697 566 743; x_wconf 89' lang='lat' dir='ltr'>servis</span> <span class='ocrx_word' id='word_1_57' title='bbox 601 695 825 741; x_wconf 88' lang='lat' dir='ltr'>salutaris</span> <span class='ocrx_word' id='word_1_58' title='bbox 859 711 1079 741; x_wconf 88' lang='lat' dir='ltr'>excessus</span> <span class='ocrx_word' id='word_1_59' title='bbox 1114 702 1199 742; x_wconf 92' lang='lat' dir='ltr'>est.</span> <span class='ocrx_word' id='word_1_60' title='bbox 1285 696 1390 742; x_wconf 91' lang='lat' dir='ltr'>Hoc</span> <span class='ocrx_word' id='word_1_61' title='bbox 1425 698 1553 756; x_wconf 91' lang='lat' dir='ltr'>quod</span> <span class='ocrx_word' id='word_1_62' title='bbox 1587 697 1689 743; x_wconf 92' lang='lat' dir='ltr'>sine</span> <span class='ocrx_word' id='word_1_63' title='bbox 1723 697 1823 742; x_wconf 94' lang='lat' dir='ltr'>ullo</span> 
     </span>
     <span class='ocr_line' id='line_1_12' title="bbox 417 772 1824 835; baseline -0.001 -16"><span class='ocrx_word' id='word_1_64' title='bbox 417 773 693 819; x_wconf 87' lang='lat' dir='ltr'>discrimine</span> <span class='ocrx_word' id='word_1_65' title='bbox 716 772 905 834; x_wconf 91' lang='lat' dir='ltr'>generis</span> <span class='ocrx_word' id='word_1_66' title='bbox 942 772 1142 818; x_wconf 89' lang='lat' dir='ltr'>humani</span> <span class='ocrx_word' id='word_1_67' title='bbox 1177 788 1286 819; x_wconf 93' lang='lat' dir='ltr'>cum</span> <span class='ocrx_word' id='word_1_68' title='bbox 1320 773 1515 835; x_wconf 88' lang='lat' dir='ltr'>injustis</span> <span class='ocrx_word' id='word_1_69' title='bbox 1550 773 1824 819; x_wconf 88' lang='lat' dir='ltr'>moriuntur</span> 
     </span>
     <span class='ocr_line' id='line_1_13' title="bbox 415 850 1824 912; baseline -0.001 -15"><span class='ocrx_word' id='word_1_70' title='bbox 415 857 463 897; x_wconf 90' lang='lat' dir='ltr'>et</span> <span class='ocrx_word' id='word_1_71' title='bbox 496 850 633 912; x_wconf 89' lang='lat' dir='ltr'>justi,</span> <span class='ocrx_word' id='word_1_72' title='bbox 669 865 765 896; x_wconf 91' lang='lat' dir='ltr'>non</span> <span class='ocrx_word' id='word_1_73' title='bbox 805 857 878 896; x_wconf 88' lang='lat' dir='ltr'>est</span> <span class='ocrx_word' id='word_1_74' title='bbox 918 852 1047 910; x_wconf 88' lang='lat' dir='ltr'>quod</span> <span class='ocrx_word' id='word_1_75' title='bbox 1085 851 1266 911; x_wconf 91' lang='lat' dir='ltr'>putetis</span> <span class='ocrx_word' id='word_1_76' title='bbox 1306 851 1443 897; x_wconf 91' lang='lat' dir='ltr'>bonis</span> <span class='ocrx_word' id='word_1_77' title='bbox 1484 857 1532 896; x_wconf 89' lang='lat' dir='ltr'>et</span> <span class='ocrx_word' id='word_1_78' title='bbox 1570 850 1710 896; x_wconf 91' lang='lat' dir='ltr'>malis</span> <span class='ocrx_word' id='word_1_79' title='bbox 1750 850 1824 896; x_wconf 92' lang='lat' dir='ltr'>in-</span> 
     </span>
     <span class='ocr_line' id='line_1_14' title="bbox 416 928 1825 991; baseline 0 -17"><span class='ocrx_word' id='word_1_80' title='bbox 416 928 613 974; x_wconf 90' lang='lat' dir='ltr'>teritum</span> <span class='ocrx_word' id='word_1_81' title='bbox 640 943 740 974; x_wconf 89' lang='lat' dir='ltr'>esse</span> <span class='ocrx_word' id='word_1_82' title='bbox 771 943 1084 975; x_wconf 87' lang='lat' dir='ltr'>communem.</span> <span class='ocrx_word' id='word_1_83' title='bbox 1154 928 1235 975; x_wconf 93' lang='lat' dir='ltr'>Ad</span> <span class='ocrx_word' id='word_1_84' title='bbox 1266 928 1570 991; x_wconf 87' lang='lat' dir='ltr'>refrigerium</span> <span class='ocrx_word' id='word_1_85' title='bbox 1594 929 1719 990; x_wconf 88' lang='lat' dir='ltr'>justi</span> <span class='ocrx_word' id='word_1_86' title='bbox 1743 944 1825 974; x_wconf 88' lang='lat' dir='ltr'>vo-</span> 
     </span>
     <span class='ocr_line' id='line_1_15' title="bbox 415 1006 1890 1068; baseline 0.001 -17"><span class='ocrx_word' id='word_1_87' title='bbox 415 1011 598 1059; x_wconf 90' lang='lat' dir='ltr'>cantur,</span> <span class='ocrx_word' id='word_1_88' title='bbox 644 1007 706 1051; x_wconf 92' lang='lat' dir='ltr'>ad</span> <span class='ocrx_word' id='word_1_89' title='bbox 757 1006 1047 1066; x_wconf 91' lang='lat' dir='ltr'>supplicium</span> <span class='ocrx_word' id='word_1_90' title='bbox 1092 1007 1349 1066; x_wconf 89' lang='lat' dir='ltr'>rapiuntur</span> <span class='ocrx_word' id='word_1_91' title='bbox 1394 1006 1578 1068; x_wconf 86' lang='lat' dir='ltr'>injusti.</span> <span class='ocrx_word' id='word_1_92' title='bbox 1664 1006 1825 1053; x_wconf 89' lang='lat' dir='ltr'>Datur</span> <span class='ocrx_word' id='word_1_93' title='bbox 1841 1026 1890 1052; x_wconf 87' lang='lat'>10</span> 
     </span>
     <span class='ocr_line' id='line_1_16' title="bbox 415 1083 1824 1144; baseline 0.001 -16"><span class='ocrx_word' id='word_1_94' title='bbox 415 1083 622 1128; x_wconf 91' lang='lat' dir='ltr'>velocius</span> <span class='ocrx_word' id='word_1_95' title='bbox 647 1084 798 1129; x_wconf 90' lang='lat' dir='ltr'>tutela</span> <span class='ocrx_word' id='word_1_96' title='bbox 816 1083 1086 1136; x_wconf 89' lang='lat' dir='ltr'>fidentibus,</span> <span class='ocrx_word' id='word_1_97' title='bbox 1105 1083 1298 1143; x_wconf 89' lang='lat' dir='ltr'>perfidis</span> <span class='ocrx_word' id='word_1_98' title='bbox 1321 1099 1486 1144; x_wconf 88' lang='lat' dir='ltr'>poena.</span> <span class='ocrx_word' id='word_1_99' title='bbox 1559 1083 1824 1143; x_wconf 89' lang='lat' dir='ltr'>Improvidi</span> 
     </span>
     <span class='ocr_line' id='line_1_17' title="bbox 415 1160 1824 1223; baseline 0.001 -18"><span class='ocrx_word' id='word_1_100' title='bbox 415 1166 463 1205; x_wconf 91' lang='lat' dir='ltr'>et</span> <span class='ocrx_word' id='word_1_101' title='bbox 485 1160 666 1223; x_wconf 88' lang='lat' dir='ltr'>ingrati</span> <span class='ocrx_word' id='word_1_102' title='bbox 691 1176 872 1216; x_wconf 93' lang='lat' dir='ltr'>sumus,</span> <span class='ocrx_word' id='word_1_103' title='bbox 891 1161 1063 1207; x_wconf 88' lang='lat' dir='ltr'>fratres</span> <span class='ocrx_word' id='word_1_104' title='bbox 1087 1161 1399 1215; x_wconf 88' lang='lat' dir='ltr'>dilectissimi,</span> <span class='ocrx_word' id='word_1_105' title='bbox 1418 1163 1478 1207; x_wconf 86' lang='lat' dir='ltr'>ad</span> <span class='ocrx_word' id='word_1_106' title='bbox 1502 1161 1667 1207; x_wconf 90' lang='lat' dir='ltr'>divina</span> <span class='ocrx_word' id='word_1_107' title='bbox 1683 1162 1824 1208; x_wconf 89' lang='lat' dir='ltr'>bene-</span> 
     </span>
     <span class='ocr_line' id='line_1_18' title="bbox 415 1238 1824 1302; baseline 0.001 -19"><span class='ocrx_word' id='word_1_108' title='bbox 415 1238 536 1293; x_wconf 88' lang='lat' dir='ltr'>ficia,</span> <span class='ocrx_word' id='word_1_109' title='bbox 561 1253 646 1284; x_wconf 92' lang='lat' dir='ltr'>nec</span> <span class='ocrx_word' id='word_1_110' title='bbox 669 1238 787 1298; x_wconf 90' lang='lat' dir='ltr'>quid</span> <span class='ocrx_word' id='word_1_111' title='bbox 811 1239 949 1285; x_wconf 92' lang='lat' dir='ltr'>nobis</span> <span class='ocrx_word' id='word_1_112' title='bbox 977 1240 1248 1285; x_wconf 89' lang='lat' dir='ltr'>conferatur</span> <span class='ocrx_word' id='word_1_113' title='bbox 1278 1239 1595 1302; x_wconf 87' lang='lat' dir='ltr'>agnoscimus.</span> <span class='ocrx_word' id='word_1_114' title='bbox 1667 1239 1824 1285; x_wconf 88' lang='lat' dir='ltr'>Exce-</span> 
     </span>
     <span class='ocr_line' id='line_1_19' title="bbox 416 1315 1822 1378; baseline 0 -17"><span class='ocrx_word' id='word_1_115' title='bbox 416 1317 539 1361; x_wconf 91' lang='lat' dir='ltr'>dunt</span> <span class='ocrx_word' id='word_1_116' title='bbox 578 1331 681 1362; x_wconf 89' lang='lat' dir='ltr'>ecce</span> <span class='ocrx_word' id='word_1_117' title='bbox 722 1316 774 1362; x_wconf 92' lang='lat' dir='ltr'>in</span> <span class='ocrx_word' id='word_1_118' title='bbox 812 1331 928 1376; x_wconf 87' lang='lat' dir='ltr'>pace</span> <span class='ocrx_word' id='word_1_119' title='bbox 970 1322 1103 1362; x_wconf 87' lang='lat' dir='ltr'>tutae</span> <span class='ocrx_word' id='word_1_120' title='bbox 1137 1331 1246 1362; x_wconf 91' lang='lat' dir='ltr'>cum</span> <span class='ocrx_word' id='word_1_121' title='bbox 1283 1315 1438 1378; x_wconf 91' lang='lat' dir='ltr'>gloria</span> <span class='ocrx_word' id='word_1_122' title='bbox 1473 1330 1561 1362; x_wconf 89' lang='lat' dir='ltr'>sua</span> <span class='ocrx_word' id='word_1_123' title='bbox 1595 1315 1822 1378; x_wconf 81' lang='lat' dir='ltr'>virgines,</span> 
     </span>
     <span class='ocr_line' id='line_1_20' title="bbox 417 1393 1886 1453; baseline 0.001 -15"><span class='ocrx_word' id='word_1_124' title='bbox 417 1393 652 1439; x_wconf 88' lang='lat' dir='ltr'>venientis</span> <span class='ocrx_word' id='word_1_125' title='bbox 689 1393 961 1439; x_wconf 89' lang='lat' dir='ltr'>antichristi</span> <span class='ocrx_word' id='word_1_126' title='bbox 998 1394 1153 1439; x_wconf 91' lang='lat' dir='ltr'>minas</span> <span class='ocrx_word' id='word_1_127' title='bbox 1190 1400 1238 1439; x_wconf 93' lang='lat' dir='ltr'>et</span> <span class='ocrx_word' id='word_1_128' title='bbox 1273 1395 1566 1453; x_wconf 88' lang='lat' dir='ltr'>corruptelas</span> <span class='ocrx_word' id='word_1_129' title='bbox 1602 1400 1650 1439; x_wconf 89' lang='lat' dir='ltr'>et</span> <span class='ocrx_word' id='word_1_130' title='bbox 1690 1395 1824 1453; x_wconf 86' lang='lat' dir='ltr'>lupa-</span> <span class='ocrx_word' id='word_1_131' title='bbox 1839 1412 1886 1452; x_wconf 91' lang='lat'>15</span> 
     </span>
     <span class='ocr_line' id='line_1_21' title="bbox 417 1471 1823 1531; baseline 0 -14"><span class='ocrx_word' id='word_1_132' title='bbox 417 1471 555 1517; x_wconf 88' lang='lat' dir='ltr'>naria</span> <span class='ocrx_word' id='word_1_133' title='bbox 572 1486 667 1517; x_wconf 92' lang='lat' dir='ltr'>non</span> <span class='ocrx_word' id='word_1_134' title='bbox 691 1471 939 1526; x_wconf 81' lang='lat' dir='ltr'>timentes3</span> <span class='ocrx_word' id='word_1_135' title='bbox 968 1471 1106 1531; x_wconf 92' lang='lat' dir='ltr'>pueri</span> <span class='ocrx_word' id='word_1_136' title='bbox 1128 1471 1395 1531; x_wconf 90' lang='lat' dir='ltr'>periculum</span> <span class='ocrx_word' id='word_1_137' title='bbox 1419 1471 1628 1518; x_wconf 88' lang='lat' dir='ltr'>lubricae</span> <span class='ocrx_word' id='word_1_138' title='bbox 1651 1471 1823 1518; x_wconf 85' lang='lat' dir='ltr'>aetatis</span> 
     </span>
     <span class='ocr_line' id='line_1_22' title="bbox 417 1548 1822 1609; baseline 0 -15"><span class='ocrx_word' id='word_1_139' title='bbox 417 1550 640 1603; x_wconf 82' lang='lat' dir='ltr'>evadunt,</span> <span class='ocrx_word' id='word_1_140' title='bbox 661 1550 720 1594; x_wconf 88' lang='lat' dir='ltr'>ad</span> <span class='ocrx_word' id='word_1_141' title='bbox 740 1549 1059 1595; x_wconf 86' lang='lat' dir='ltr'>continentiae</span> <span class='ocrx_word' id='word_1_142' title='bbox 1078 1556 1221 1609; x_wconf 87' lang='lat' dir='ltr'>atque</span> <span class='ocrx_word' id='word_1_143' title='bbox 1239 1548 1538 1595; x_wconf 86' lang='lat' dir='ltr'>innocentiae</span> <span class='ocrx_word' id='word_1_144' title='bbox 1555 1549 1822 1608; x_wconf 90' lang='lat' dir='ltr'>praemium</span> 
     </span>
     <span class='ocr_line' id='line_1_23' title="bbox 415 1626 1823 1687; baseline 0 -15"><span class='ocrx_word' id='word_1_145' title='bbox 415 1626 618 1672; x_wconf 86' lang='lat' dir='ltr'>feliciter</span> <span class='ocrx_word' id='word_1_146' title='bbox 650 1626 967 1686; x_wconf 84' lang='lat' dir='ltr'>perveniunt3</span> <span class='ocrx_word' id='word_1_147' title='bbox 1005 1633 1243 1672; x_wconf 88' lang='lat' dir='ltr'>tormenta</span> <span class='ocrx_word' id='word_1_148' title='bbox 1266 1627 1371 1687; x_wconf 87' lang='lat' dir='ltr'>jam</span> <span class='ocrx_word' id='word_1_149' title='bbox 1405 1641 1499 1671; x_wconf 93' lang='lat' dir='ltr'>non</span> <span class='ocrx_word' id='word_1_150' title='bbox 1535 1626 1674 1672; x_wconf 86' lang='lat' dir='ltr'>timet</span> <span class='ocrx_word' id='word_1_151' title='bbox 1703 1626 1823 1672; x_wconf 90' lang='lat' dir='ltr'>deli-</span> 
     </span>
     <span class='ocr_line' id='line_1_24' title="bbox 414 1701 1823 1761; baseline 0.002 -16"><span class='ocrx_word' id='word_1_152' title='bbox 414 1706 521 1746; x_wconf 85' lang='lat' dir='ltr'>cata</span> <span class='ocrx_word' id='word_1_153' title='bbox 549 1707 779 1755; x_wconf 87' lang='lat' dir='ltr'>matrona,</span> <span class='ocrx_word' id='word_1_154' title='bbox 805 1708 985 1747; x_wconf 89' lang='lat' dir='ltr'>metum</span> <span class='ocrx_word' id='word_1_155' title='bbox 1008 1701 1350 1761; x_wconf 87' lang='lat' dir='ltr'>persecutionis</span> <span class='ocrx_word' id='word_1_156' title='bbox 1374 1707 1421 1747; x_wconf 88' lang='lat' dir='ltr'>et</span> <span class='ocrx_word' id='word_1_157' title='bbox 1444 1716 1613 1747; x_wconf 88' lang='lat' dir='ltr'>manus</span> <span class='ocrx_word' id='word_1_158' title='bbox 1644 1701 1823 1748; x_wconf 87' lang='lat' dir='ltr'>crucia-</span> 
     </span>
     <span class='ocr_line' id='line_1_25' title="bbox 416 1778 1886 1838; baseline 0 -15"><span class='ocrx_word' id='word_1_159' title='bbox 416 1785 588 1838; x_wconf 90' lang='lat' dir='ltr'>tusque</span> <span class='ocrx_word' id='word_1_160' title='bbox 612 1778 846 1824; x_wconf 85' lang='lat' dir='ltr'>carnificis</span> <span class='ocrx_word' id='word_1_161' title='bbox 871 1778 1103 1824; x_wconf 89' lang='lat' dir='ltr'>moriendi</span> <span class='ocrx_word' id='word_1_162' title='bbox 1128 1778 1367 1824; x_wconf 90' lang='lat' dir='ltr'>celeritate</span> <span class='ocrx_word' id='word_1_163' title='bbox 1392 1780 1588 1824; x_wconf 90' lang='lat' dir='ltr'>lucrata.</span> <span class='ocrx_word' id='word_1_164' title='bbox 1641 1778 1822 1825; x_wconf 89' lang='lat' dir='ltr'>Pavore</span> <span class='ocrx_word' id='word_1_165' title='bbox 1837 1797 1886 1823; x_wconf 88' lang='lat'>20</span> 
     </span>
     <span class='ocr_line' id='line_1_26' title="bbox 416 1854 1823 1918; baseline 0.001 -17"><span class='ocrx_word' id='word_1_166' title='bbox 416 1855 723 1901; x_wconf 87' lang='lat' dir='ltr'>mortalitatis</span> <span class='ocrx_word' id='word_1_167' title='bbox 747 1862 794 1901; x_wconf 91' lang='lat' dir='ltr'>et</span> <span class='ocrx_word' id='word_1_168' title='bbox 818 1855 1045 1916; x_wconf 88' lang='lat' dir='ltr'>temporis</span> <span class='ocrx_word' id='word_1_169' title='bbox 1069 1854 1224 1918; x_wconf 63' lang='lat' dir='ltr'>[for-9.</span> <span class='ocrx_word' id='word_1_170' title='bbox 1250 1854 1536 1917; x_wconf 87' lang='lat' dir='ltr'>terroribus]</span> <span class='ocrx_word' id='word_1_171' title='bbox 1560 1857 1823 1902; x_wconf 89' lang='lat' dir='ltr'>accendun-</span> 
     </span>
     <span class='ocr_line' id='line_1_27' title="bbox 415 1931 1821 1996; baseline 0 -18"><span class='ocrx_word' id='word_1_172' title='bbox 415 1940 496 1978; x_wconf 86' lang='lat' dir='ltr'>tur</span> <span class='ocrx_word' id='word_1_173' title='bbox 520 1933 684 1993; x_wconf 87' lang='lat' dir='ltr'>tepidi,</span> <span class='ocrx_word' id='word_1_174' title='bbox 708 1933 1106 1996; x_wconf 84' lang='lat' dir='ltr'>constringuntur</span> <span class='ocrx_word' id='word_1_175' title='bbox 1129 1932 1330 1986; x_wconf 89' lang='lat' dir='ltr'>remissi,</span> <span class='ocrx_word' id='word_1_176' title='bbox 1350 1932 1621 1978; x_wconf 88' lang='lat' dir='ltr'>excitantur</span> <span class='ocrx_word' id='word_1_177' title='bbox 1644 1931 1821 1995; x_wconf 88' lang='lat' dir='ltr'>ignavi,</span> 
     </span>
     <span class='ocr_line' id='line_1_28' title="bbox 413 2010 1823 2073; baseline 0 -17"><span class='ocrx_word' id='word_1_178' title='bbox 413 2012 675 2056; x_wconf 90' lang='lat' dir='ltr'>desertores</span> <span class='ocrx_word' id='word_1_179' title='bbox 693 2012 1044 2071; x_wconf 86' lang='lat' dir='ltr'>compelluntur</span> <span class='ocrx_word' id='word_1_180' title='bbox 1066 2017 1122 2057; x_wconf 90' lang='lat' dir='ltr'>ut</span> <span class='ocrx_word' id='word_1_181' title='bbox 1138 2011 1346 2063; x_wconf 88' lang='lat' dir='ltr'>redeant,</span> <span class='ocrx_word' id='word_1_182' title='bbox 1365 2010 1567 2072; x_wconf 89' lang='lat' dir='ltr'>gentiles</span> <span class='ocrx_word' id='word_1_183' title='bbox 1584 2015 1823 2073; x_wconf 87' lang='lat' dir='ltr'>coguntur</span> 
     </span>
     <span class='ocr_line' id='line_1_29' title="bbox 416 2088 1822 2149; baseline 0 -15"><span class='ocrx_word' id='word_1_184' title='bbox 416 2095 470 2134; x_wconf 90' lang='lat' dir='ltr'>ut</span> <span class='ocrx_word' id='word_1_185' title='bbox 505 2089 712 2143; x_wconf 87' lang='lat' dir='ltr'>credaut,</span> <span class='ocrx_word' id='word_1_186' title='bbox 750 2095 886 2134; x_wconf 89' lang='lat' dir='ltr'>vetus</span> <span class='ocrx_word' id='word_1_187' title='bbox 923 2088 1133 2135; x_wconf 87' lang='lat' dir='ltr'>fidelium</span> <span class='ocrx_word' id='word_1_188' title='bbox 1169 2090 1373 2149; x_wconf 89' lang='lat' dir='ltr'>populus</span> <span class='ocrx_word' id='word_1_189' title='bbox 1406 2089 1466 2134; x_wconf 90' lang='lat' dir='ltr'>ad</span> <span class='ocrx_word' id='word_1_190' title='bbox 1501 2088 1711 2148; x_wconf 89' lang='lat' dir='ltr'>quietem</span> <span class='ocrx_word' id='word_1_191' title='bbox 1740 2103 1822 2135; x_wconf 89' lang='lat' dir='ltr'>vo-</span> 
     </span>
     <span class='ocr_line' id='line_1_30' title="bbox 415 2165 1884 2225; baseline 0 -14"><span class='ocrx_word' id='word_1_192' title='bbox 415 2172 562 2219; x_wconf 81' lang='lat' dir='ltr'>catur,</span> <span class='ocrx_word' id='word_1_193' title='bbox 591 2167 651 2211; x_wconf 83' lang='lat' dir='ltr'>ad</span> <span class='ocrx_word' id='word_1_194' title='bbox 679 2165 828 2212; x_wconf 89' lang='lat' dir='ltr'>aciem</span> <span class='ocrx_word' id='word_1_195' title='bbox 861 2181 1022 2212; x_wconf 88' lang='lat' dir='ltr'>recens</span> <span class='ocrx_word' id='word_1_196' title='bbox 1050 2172 1097 2211; x_wconf 91' lang='lat' dir='ltr'>et</span> <span class='ocrx_word' id='word_1_197' title='bbox 1131 2165 1347 2225; x_wconf 88' lang='lat' dir='ltr'>copiosus</span> <span class='ocrx_word' id='word_1_198' title='bbox 1383 2165 1618 2211; x_wconf 88' lang='lat' dir='ltr'>exercitus</span> <span class='ocrx_word' id='word_1_199' title='bbox 1653 2165 1820 2211; x_wconf 84' lang='lat' dir='ltr'>robore</span> <span class='ocrx_word' id='word_1_200' title='bbox 1835 2177 1884 2217; x_wconf 82' lang='lat'>25</span> 
     </span>
     <span class='ocr_line' id='line_1_31' title="bbox 415 2242 1820 2305; baseline -0.001 -16"><span class='ocrx_word' id='word_1_201' title='bbox 415 2243 610 2289; x_wconf 86' lang='lat' dir='ltr'>fortiore</span> <span class='ocrx_word' id='word_1_202' title='bbox 655 2243 912 2305; x_wconf 85' lang='lat' dir='ltr'>colligitur,</span> <span class='ocrx_word' id='word_1_203' title='bbox 960 2249 1263 2305; x_wconf 88' lang='lat' dir='ltr'>pugnaturus</span> <span class='ocrx_word' id='word_1_204' title='bbox 1315 2242 1417 2288; x_wconf 87' lang='lat' dir='ltr'>sine</span> <span class='ocrx_word' id='word_1_205' title='bbox 1468 2249 1600 2288; x_wconf 89' lang='lat' dir='ltr'>metu</span> <span class='ocrx_word' id='word_1_206' title='bbox 1652 2242 1820 2288; x_wconf 88' lang='lat' dir='ltr'>mortis</span> 
     </span>
     <span class='ocr_line' id='line_1_32' title="bbox 413 2319 1820 2381; baseline 0.001 -16"><span class='ocrx_word' id='word_1_207' title='bbox 413 2335 563 2380; x_wconf 86' lang='lat' dir='ltr'>quum</span> <span class='ocrx_word' id='word_1_208' title='bbox 603 2320 837 2380; x_wconf 86' lang='lat' dir='ltr'>proelium</span> <span class='ocrx_word' id='word_1_209' title='bbox 879 2319 1074 2375; x_wconf 87' lang='lat' dir='ltr'>venerit,</span> <span class='ocrx_word' id='word_1_210' title='bbox 1116 2320 1200 2381; x_wconf 90' lang='lat' dir='ltr'>qui</span> <span class='ocrx_word' id='word_1_211' title='bbox 1241 2322 1301 2366; x_wconf 87' lang='lat' dir='ltr'>ad</span> <span class='ocrx_word' id='word_1_212' title='bbox 1344 2319 1566 2366; x_wconf 85' lang='lat' dir='ltr'>militiam</span> <span class='ocrx_word' id='word_1_213' title='bbox 1609 2326 1820 2380; x_wconf 91' lang='lat' dir='ltr'>tempore</span> 
     </span>
     <span class='ocr_line' id='line_1_33' title="bbox 415 2397 941 2444; baseline 0 -1"><span class='ocrx_word' id='word_1_214' title='bbox 415 2397 723 2444; x_wconf 80' lang='lat' dir='ltr'>mortalitatis</span> <span class='ocrx_word' id='word_1_215' title='bbox 747 2397 941 2444; x_wconf 85' lang='lat' dir='ltr'>accedit.</span> 
     </span>
    </p>

    <p class='ocr_par' dir='ltr' id='par_1_6' title="bbox 414 2475 1883 2847">
     <span class='ocr_line' id='line_1_34' title="bbox 483 2475 1819 2535; baseline 0.001 -14"><span class='ocrx_word' id='word_1_216' title='bbox 483 2475 548 2521; x_wconf 93' lang='lat' dir='ltr'>X.</span> <span class='ocrx_word' id='word_1_217' title='bbox 585 2475 713 2529; x_wconf 84' lang='lat' dir='ltr'>Quid</span> <span class='ocrx_word' id='word_1_218' title='bbox 751 2475 923 2522; x_wconf 88' lang='lat' dir='ltr'>deinde</span> <span class='ocrx_word' id='word_1_219' title='bbox 959 2475 1091 2528; x_wconf 89' lang='lat' dir='ltr'>illud,</span> <span class='ocrx_word' id='word_1_220' title='bbox 1128 2475 1298 2521; x_wconf 85' lang='lat' dir='ltr'>fratres</span> <span class='ocrx_word' id='word_1_221' title='bbox 1333 2475 1643 2530; x_wconf 86' lang='lat' dir='ltr'>dilectissimi,</span> <span class='ocrx_word' id='word_1_222' title='bbox 1679 2476 1819 2535; x_wconf 85' lang='lat' dir='ltr'>quale</span> 
     </span>
     <span class='ocr_line' id='line_1_35' title="bbox 415 2554 1883 2615; baseline 0 -15"><span class='ocrx_word' id='word_1_223' title='bbox 415 2561 499 2609; x_wconf 80' lang='lat' dir='ltr'>est,</span> <span class='ocrx_word' id='word_1_224' title='bbox 523 2569 666 2615; x_wconf 83' lang='lat' dir='ltr'>quam</span> <span class='ocrx_word' id='word_1_225' title='bbox 700 2554 954 2613; x_wconf 60' lang='lat' dir='ltr'>pertinens</span> <span class='ocrx_word' id='word_1_226' title='bbox 985 2569 1128 2614; x_wconf 84' lang='lat' dir='ltr'>quam</span> <span class='ocrx_word' id='word_1_227' title='bbox 1160 2554 1491 2609; x_wconf 84' lang='lat' dir='ltr'>necessarium,</span> <span class='ocrx_word' id='word_1_228' title='bbox 1515 2555 1643 2614; x_wconf 89' lang='lat' dir='ltr'>quod</span> <span class='ocrx_word' id='word_1_229' title='bbox 1672 2554 1818 2614; x_wconf 87' lang='lat' dir='ltr'>pestis</span> <span class='ocrx_word' id='word_1_230' title='bbox 1831 2574 1883 2611; x_wconf 83' lang='lat'>30</span> 
     </span>
     <span class='ocr_line' id='line_1_36' title="bbox 417 2630 1820 2692; baseline 0.002 -17"><span class='ocrx_word' id='word_1_231' title='bbox 417 2630 508 2677; x_wconf 77' lang='lat' dir='ltr'>ista</span> <span class='ocrx_word' id='word_1_232' title='bbox 532 2637 579 2676; x_wconf 91' lang='lat' dir='ltr'>et</span> <span class='ocrx_word' id='word_1_233' title='bbox 605 2633 721 2686; x_wconf 77' lang='lat' dir='ltr'>lues,</span> <span class='ocrx_word' id='word_1_234' title='bbox 745 2647 867 2691; x_wconf 84' lang='lat' dir='ltr'>quae</span> <span class='ocrx_word' id='word_1_235' title='bbox 901 2631 1143 2678; x_wconf 86' lang='lat' dir='ltr'>horribilis</span> <span class='ocrx_word' id='word_1_236' title='bbox 1173 2638 1221 2678; x_wconf 89' lang='lat' dir='ltr'>et</span> <span class='ocrx_word' id='word_1_237' title='bbox 1244 2631 1405 2678; x_wconf 78' lang='lat' dir='ltr'>feralis</span> <span class='ocrx_word' id='word_1_238' title='bbox 1431 2632 1635 2686; x_wconf 89' lang='lat' dir='ltr'>videtur,</span> <span class='ocrx_word' id='word_1_239' title='bbox 1660 2634 1820 2692; x_wconf 90' lang='lat' dir='ltr'>explo-</span> 
     </span>
     <span class='ocr_line' id='line_1_37' title="bbox 416 2706 1818 2771; baseline 0.002 -19"><span class='ocrx_word' id='word_1_240' title='bbox 416 2714 491 2753; x_wconf 82' lang='lat' dir='ltr'>rat</span> <span class='ocrx_word' id='word_1_241' title='bbox 509 2708 749 2768; x_wconf 79' lang='lat' dir='ltr'>justitiam</span> <span class='ocrx_word' id='word_1_242' title='bbox 775 2706 1089 2771; x_wconf 76' lang='lat' dir='ltr'>singulorum,</span> <span class='ocrx_word' id='word_1_243' title='bbox 1114 2716 1162 2755; x_wconf 91' lang='lat' dir='ltr'>et</span> <span class='ocrx_word' id='word_1_244' title='bbox 1187 2715 1367 2756; x_wconf 85' lang='lat' dir='ltr'>mentes</span> <span class='ocrx_word' id='word_1_245' title='bbox 1399 2709 1598 2755; x_wconf 84' lang='lat' dir='ltr'>humani</span> <span class='ocrx_word' id='word_1_246' title='bbox 1630 2709 1818 2771; x_wconf 82' lang='lat' dir='ltr'>generis</span> 
     </span>
     <span class='ocr_line' id='line_1_38' title="bbox 414 2786 1814 2847; baseline 0.001 -17"><span class='ocrx_word' id='word_1_247' title='bbox 414 2786 669 2841; x_wconf 80' lang='lat' dir='ltr'>exmninut,</span> <span class='ocrx_word' id='word_1_248' title='bbox 709 2803 768 2833; x_wconf 85' lang='lat' dir='ltr'>an</span> <span class='ocrx_word' id='word_1_249' title='bbox 812 2786 1015 2833; x_wconf 83' lang='lat' dir='ltr'>infirmis</span> <span class='ocrx_word' id='word_1_250' title='bbox 1053 2787 1262 2833; x_wconf 81' lang='lat' dir='ltr'>serviant</span> <span class='ocrx_word' id='word_1_251' title='bbox 1305 2786 1422 2840; x_wconf 84' lang='lat' dir='ltr'>sani,</span> <span class='ocrx_word' id='word_1_252' title='bbox 1461 2802 1522 2832; x_wconf 84' lang='lat' dir='ltr'>an</span> <span class='ocrx_word' id='word_1_253' title='bbox 1560 2786 1814 2847; x_wconf 84' lang='lat' dir='ltr'>propinqui</span> 
     </span>
    </p>
   </div>
  </div>
 </body>
</html>
