2034 3204
226 349 418 403 Theodotus

227 394 274 436 By
280 399 421 428 zantlus.

447 234 532 277 172
629 235 942 279 ADVERSUS
975 237 1176 281 OMNES
1208 238 1458 280 HAERET.
1483 239 1704 281 LIBELL.

449 343 698 391 Christum
721 346 898 408 redigit
911 348 934 392 ?
970 346 1171 393 Accedit
1193 348 1270 394 his
1291 348 1567 395 Theodotus
1584 349 1851 395 haereticus

447 422 732 481 Byzantius,
774 424 859 484 qui
903 431 1213 485 posteaquam
1249 425 1497 472 Christum
1532 442 1620 486 pro
1660 427 1852 472 nomine

445 499 772 558 adprehensus
802 502 1010 563 negavit,
1035 502 1088 547 in
1112 501 1361 549 Christum
1392 504 1721 563 blasphemare
1755 519 1850 549 non

445 577 656 634 destitit;
691 579 958 625 doctrinam
995 579 1123 625 enim
1156 580 1437 635 introduxit,
1469 597 1566 641 qua
1601 581 1851 628 Christum

444 655 687 700 hominem
724 645 1056 702 tantummodo
1093 657 1283 710 diceret,
1319 658 1478 704 Deum
1514 665 1675 706 autem
1713 659 1850 705 illum
1864 671 1887 710 5

446 739 641 793 negaret
658 747 670 786 ;
700 748 759 777 ex
775 732 964 792 Spiritu
981 734 1175 793 quidem
1194 735 1370 780 Sancto
1387 744 1555 781 natum
1573 752 1632 781 ex
1650 737 1849 798 virgine,

445 811 526 854 sed
566 810 811 855 hominem
858 811 1126 857 solitarium
1172 819 1316 872 atque
1361 814 1558 867 nudum,
1583 815 1716 859 nullo
1756 814 1851 860 alio

444 902 557 946 prae
591 889 789 934 caeteris
814 888 967 951 [fors.
992 892 1354 950 praecellentem
1389 890 1597 953 ceteris}
1621 891 1716 937 nisi
1751 894 1850 938 sola

221 974 414 1006 Theodotus
437 965 658 1025 justitiae
703 967 1001 1013 auctoritate.
1070 968 1212 1014 Alter
1247 975 1356 1028 post
1396 969 1524 1015 hunc
1571 970 1850 1016 Theodotus

223 1017 318 1049 alter.

443 1043 710 1089 haereticus
757 1044 928 1104 erupit,
971 1044 1056 1104 qui
1096 1051 1144 1090 et
1188 1046 1290 1105 ipse
1334 1046 1606 1093 introduxit
1650 1049 1849 1093 alteram
1868 1065 1916 1090 10

443 1127 632 1171 sectam,
666 1127 714 1166 et
747 1121 907 1181 ipsum
947 1123 1190 1169 hominem
1229 1124 1479 1170 Christum
1519 1126 1851 1171 tantummodo

441 1197 558 1244 dicit
581 1213 640 1243 ex
665 1198 851 1258 Spiritu
875 1199 1064 1253 Sancto,
1089 1207 1137 1246 et
1159 1200 1362 1263 Virgine
1388 1201 1547 1248 Maria
1569 1208 1850 1262 conceptum

442 1275 622 1335 pariter
659 1283 706 1321 et
740 1283 939 1333 natum3
981 1278 1063 1323 sed
1098 1278 1226 1324 hunc
1261 1278 1534 1324 inferiorem
1570 1294 1670 1325 esse
1704 1295 1850 1340 quam

323 1374 343 1394 x
396 1388 402 1394 .
446 1352 814 1407 Melchisedech,
839 1369 894 1399 eo
917 1356 1045 1414 quod
1069 1355 1249 1401 dictum
1275 1356 1339 1401 sit
1367 1358 1426 1402 de
1450 1357 1670 1403 Christo:
1713 1356 1785 1403 Tu
1805 1373 1851 1403 es

324 1418 354 1439 ν’
392 1431 400 1440 ’
442 1430 654 1477 sacerdos
679 1432 727 1476 in
747 1437 982 1477 aeternum
1002 1432 1247 1479 secundum
1269 1433 1476 1480 ordinem
1501 1433 1914 1491 Melchisedeck.15

445 1508 571 1554 Nam
588 1508 726 1554 illum
737 1509 1111 1565 'Melchisedech,
1129 1511 1382 1573 praecipue
1399 1512 1584 1573 gratiae
1601 1514 1848 1559 coelestem

443 1602 543 1632 esse
585 1587 829 1642 virtutem,
866 1604 921 1634 eo
959 1587 1109 1650 [fors.
1142 1595 1189 1635 et
1220 1588 1534 1650 scribendum]
1570 1591 1698 1649 quod
1735 1596 1849 1652 agat

443 1663 668 1710 Christus
714 1680 801 1724 pro
846 1665 1135 1721 hominibus,
1183 1668 1459 1727 deprecator
1505 1674 1552 1713 et
1591 1669 1850 1717 advocatus

444 1744 655 1803 ipsorum
691 1743 861 1797 factuS,
888 1744 1238 1791 Melchisedech
1268 1745 1422 1791 facere
1456 1761 1542 1805 pro
1569 1746 1849 1793 coelestibus

444 1821 647 1883 Angelis
670 1826 815 1881 atque
830 1821 1120 1877 virtutibus3
1147 1838 1258 1868 nam
1283 1838 1383 1868 esse
1401 1822 1538 1869 illum
1563 1838 1714 1883 usque
1732 1825 1850 1870 adeo
1865 1844 1914 1869 πο

328 1904 382 1935 vii.
421 1895 640 1942 -Christo
675 1896 931 1950 meliorem,
956 1906 1012 1943 ut
1047 1904 1210 1959 apator
1245 1898 1321 1952 sit,
1346 1903 1519 1944 ametor
1554 1898 1630 1952 sit,
1659 1913 1849 1962 ayenea-

443 1971 612 2036 loyetus
640 1974 718 2027 sit,
742 1975 880 2035 cujus
906 1991 1058 2035 neque
1082 1976 1292 2031 initium,
1318 1992 1471 2036 neque
1495 1975 1603 2022 finis
1639 1993 1848 2037 compre-

444 2051 619 2097 hensus
654 2052 730 2105 sit,
755 2059 840 2098 aut
873 2054 1210 2113 comprehendi
1258 2054 1420 2114 possit.
1493 2054 1584 2102 Sed
1619 2061 1727 2115 post
1761 2056 1849 2103 hos

253 2147 380 2168 τικοτιε-
442 2145 606 2175 omnes
629 2130 774 2176 etiam
815 2129 1020 2177 Praxeas
1056 2132 1253 2191 quidam
1296 2132 1530 2179 haeresim
1566 2133 1846 2189 introduxit,
1865 2148 1911 2186 25

443 2220 589 2265 quam
636 2205 915 2252 Victorinus
966 2208 1268 2255 corroborare
1313 2209 1527 2256 curavit:
1565 2210 1642 2257 hic
1692 2210 1847 2258 Deum

446 2283 639 2328 Patrem
674 2283 1047 2343 omnipotentem
1085 2285 1253 2332 Jesum
1290 2286 1538 2335 Christum
1580 2303 1680 2334 esse
1717 2287 1846 2341 dicit,

444 2360 570 2406 hunc
605 2360 883 2407 crucifixum
920 2377 1208 2422 passumque
1242 2364 1486 2411 contendit
1517 2372 1564 2411 et
1588 2372 1845 2416 mortuum.

446 2437 696 2484 Praeterea
730 2455 780 2484 se
814 2438 971 2498 ipsum
1013 2439 1104 2487 sibi
1133 2442 1294 2487 sedere
1325 2443 1385 2487 ad
1413 2443 1657 2489 dexteram
1694 2458 1846 2499 suam,

441 2530 549 2561 cum
576 2516 822 2575 prophana
845 2522 892 2562 et
915 2517 1144 2579 sacrilega
1168 2518 1435 2567 temeritate
1459 2520 1694 2580 proponit.

1027 2682 1295 2718 EXPLICIT.
