2034 3204
430 246 512 286 DE
551 241 1124 286 PRAESCRIPTIONE
1163 241 1351 282 IIAER.
1515 238 1598 280 137

194 355 467 401 nationibus
491 354 756 416 magistros.
813 352 832 396 I
838 360 981 412 taque
999 366 1096 397 uno
1113 366 1277 396 eorum
1301 351 1512 400 decussm
1529 363 1599 392 re-

194 433 348 493 liquos
371 431 607 486 undecim,
633 430 905 493 digrediens
929 431 989 475 ad
1019 428 1207 474 Patrem
1234 433 1340 487 post
1368 440 1600 471 resurrec-

194 510 385 563 tionem,
418 509 566 571 jussit
602 508 671 554 ire
711 515 759 554 et
792 509 957 553 docere
992 506 1224 558 nationes,
1261 504 1599 566 intinguendas
1613 514 1716 564 Mna,

193 589 244 634 in
280 587 471 634 Patrem
512 593 560 632 et
597 586 645 632 iu
684 586 862 631 Filium
905 591 953 630 et
994 585 1043 630 in
1081 583 1317 644 Spiritum
1355 567 1794 627 Sanctum.¹¹v¹¹¹·¹⁹·

156 673 178 711 5
194 666 368 714 Statim
402 665 553 727 igitur
582 663 816 724 Apostoli,
842 677 961 723 quos
996 663 1112 708 haec
1147 660 1404 721 appellatio
1441 660 1600 704 missos

193 746 548 804 interpretatur,
574 748 819 802 assumpto
849 756 933 801 per
963 746 1138 786 sortem
1167 738 1447 785 duodecimo
1473 737 1600 783 Mat·
1613 750 1691 780 Act.
1708 749 1728 780 i.

194 822 298 869 thia
327 821 378 867 in
406 822 561 867 locum
585 819 615 865 J
621 821 741 866 udae
769 835 828 865 ex
857 818 1140 865 auctoritate
1169 816 1448 877 prophetiae
1477 830 1600 874 quae
1614 827 1667 858 Ρ».
1686 827 1749 858 cix.
1767 828 1798 858 8.

194 907 266 946 est
296 900 347 946 in
378 901 560 959 psalmo
584 897 756 951 David,
781 896 1021 943 consecuti
1051 895 1334 956 promissam
1363 894 1462 939 vim
1495 893 1601 953 Spi-
1613 903 1692 934 Act.
1712 902 1744 933 ii.

195 978 316 1024 ritus
341 976 505 1023 Sancti
534 977 592 1022 ad
624 975 826 1021 virtutes
858 980 905 1020 et
937 973 1196 1034 eloquium,
1221 972 1376 1032 primo
1406 987 1490 1031 per
1511 971 1542 1016 J
1547 986 1602 1016 u-

134 1073 181 1098 10
195 1055 360 1100 daeam
389 1058 654 1099 contestata
685 1050 777 1098 fide
806 1052 856 1097 in
879 1051 1048 1097 Jesum
1073 1049 1337 1101 Christum,
1367 1054 1416 1093 et
1441 1047 1603 1093 Eccle-

194 1130 278 1176 siis
324 1129 575 1185 institutis,
622 1130 795 1175 dehinc
843 1129 893 1174 in
941 1129 1104 1174 orbem
1151 1126 1362 1187 profecti,
1404 1126 1601 1171 eandem
1615 1135 1783 1185 aet-viii,

193 1207 458 1253 doctrinam
517 1206 730 1266 ejusdem
784 1204 893 1251 fidei
946 1205 1221 1251 nationibus
1271 1189 1659 1264 promulgave-¹'‘'
1679 1189 1722 1210 '⁰'

195 1291 330 1339 runt3
368 1291 416 1330 et
439 1283 637 1343 proinde
667 1280 900 1328 Ecclesias
925 1284 1052 1342 apud
1077 1296 1466 1341 unamquamque
1488 1279 1602 1325 civi·
1615 1292 1694 1342 Apt.
1714 1291 1783 1327 xiii,

194 1367 339 1408 tatem
376 1360 700 1413 condiderunt,
739 1376 768 1406 a
808 1360 983 1420 quibus
1024 1361 1268 1405 traducem
1305 1358 1414 1404 fidei
1450 1365 1499 1403 et
1533 1372 1604 1402 se·
1617 1346 1681 1366 ω’

132 1448 179 1487 15
194 1439 325 1485 mina
357 1438 600 1484 doctrinae
634 1446 816 1484 ceterae
857 1437 1028 1483 exinde
1071 1436 1314 1482 Ecclesiae
1355 1442 1604 1481 mutuatae

193 1524 320 1571 sunt,
345 1523 394 1562 et
416 1514 630 1576 quotidie
659 1521 956 1568 mutuantur,
983 1521 1036 1560 ut
1061 1514 1303 1561 Ecclesiae
1327 1513 1459 1559 fiant.
1529 1513 1603 1558 Ac

192 1611 276 1655 per
306 1595 394 1641 hoc
429 1599 477 1639 et
512 1593 643 1652 ipsae
678 1592 963 1652 apostolicae
999 1593 1303 1653 deputantur,
1328 1598 1383 1638 ut
1417 1591 1602 1637 soboles

193 1672 558 1732 apostolicarum
594 1670 934 1717 Ecclesiarum.
1019 1670 1175 1716 Omne
1213 1685 1366 1732 genus
1406 1671 1467 1715 ad
1505 1669 1599 1714 ori·

191 1750 353 1812 ginem
393 1764 529 1794 suam
571 1754 832 1801 censeatur,
872 1763 1060 1794 necesse
1095 1754 1194 1803 est3
1243 1748 1407 1808 itaque
1443 1753 1514 1792 tot
1548 1763 1604 1792 ac

131 1846 179 1872 20
194 1834 354 1874 tantae
380 1825 632 1878 Ecclesiae,
657 1841 755 1871 una
778 1831 850 1870 est
879 1825 963 1870 illa
993 1825 1054 1870 ab
1078 1824 1326 1885 Apostolis
1351 1825 1521 1885 prima,
1546 1840 1604 1869 ex

193 1920 288 1966 qua
312 1919 487 1950 omnes.
542 1903 620 1949 Sic
644 1917 806 1949 omnes
830 1902 1030 1963 primae,
1046 1909 1094 1948 et
1118 1918 1281 1948 omnes
1305 1901 1603 1962 apostolicae,

193 1984 308 2028 dum
339 1997 438 2027 una
467 1995 643 2026 omnes.
720 1979 932 2025 Probant
969 1980 1204 2026 unitatem
1236 1979 1605 2026 communicatio

195 2059 338 2120 paciS,
356 2064 404 2104 et
427 2057 683 2118 appellatio
706 2057 1038 2108 fraternitatis,
1063 2064 1111 2103 et
1133 2057 1472 2103 contesseratio
1494 2058 1605 2102 hos-

196 2134 474 2196 pitalitatis:
527 2150 649 2194 quae
685 2136 800 2196 jura
840 2150 935 2180 non
976 2135 1072 2181 alia
1111 2135 1236 2181 ratio
1275 2135 1415 2197 regit,
1457 2150 1602 2195 quam

134 2227 181 2266 25
196 2214 409 2275 ejusdem
437 2212 723 2258 sacramenti
759 2227 854 2258 una
883 2212 1092 2259 traditio.

266 2291 394 2336 Hinc
423 2290 575 2352 igitur
604 2290 860 2352 dirigimus
890 2290 1335 2350 praescriptionem:
1372 2290 1412 2336 si
1438 2290 1604 2336 Domi·
1661 2297 1774 2328 CAP-

198 2384 288 2415 nus
305 2369 337 2415 J
339 2384 446 2415 esus
465 2367 690 2414 Christus
708 2366 966 2428 Apostolos
985 2367 1116 2413 misit
1138 2369 1198 2414 ad
1218 2368 1602 2428 praedicandum,
1618 2340 1770 2417 Μέιζέξῖ
1793 2393 1824 2426 7-

198 2447 315 2493 alios
343 2462 439 2492 non
470 2461 571 2492 esse
599 2445 892 2505 recipiendos
925 2445 1274 2505 praedicatores
1308 2461 1451 2506 quam
1484 2461 1604 2506 quos

199 2525 422 2572 Christus
449 2523 679 2577 instituit,
721 2523 836 2583 quia
865 2538 946 2570 nec
980 2522 1100 2569 alius
1129 2522 1320 2570 Patrem
1351 2524 1477 2570 novit
1512 2523 1607 2570 nisi
1618 2535 1700 2568 Luc.
1721 2547 1752 2568 x.
1772 2546 1823 2568 υ.

134 2614 184 2650 30
198 2598 371 2655 Filius,
409 2605 450 2646 et
495 2599 571 2645 cui
612 2597 769 2645 Filius
806 2598 1034 2646 reve-lavit.
1125 2600 1224 2646 Nec
1265 2599 1374 2645 aliis
1415 2600 1607 2646 videtur

198 2679 429 2724 revelasse
455 2677 622 2731 Filius,
642 2693 787 2736 quam
812 2675 1074 2738 Apostolis,
1089 2693 1208 2738 quos
1233 2678 1364 2723 misit
1388 2680 1447 2724 ad
1471 2694 1608 2738 prae-

198 2755 454 2801 dicandum
486 2754 653 2814 utique
683 2756 809 2814 quod
839 2755 934 2801 illis
964 2756 1205 2801 revelavit.
1282 2756 1411 2810 Quid
1444 2762 1604 2802 autem

200 2832 592 2891 praedicaverint,
619 2832 666 2877 id
692 2838 777 2887 est,
802 2833 918 2892 quid
943 2833 1039 2879 illis
1064 2833 1287 2880 Christus
1312 2835 1606 2886 revelaverit,
