2034 3204
385 231 470 272 260
835 230 1344 272 ANNOTATIONEs

386 339 585 387 Mereelli,
614 339 682 394 qui
711 339 875 394 quidem
909 340 969 380 vir
1000 338 1302 383 disertissimus,
1335 336 1655 392 elegantioribus
1691 349 1789 377 sane

384 396 534 439 litteris
574 396 775 453 exquisite
812 397 969 445 doctus,
1003 396 1045 437 in
1078 395 1225 437 Africa
1259 409 1333 436 sua
1370 393 1605 436 Christiana
1639 393 1789 434 exinde

382 454 563 511 collegit,
596 469 677 496 non
708 469 826 511 posse
857 453 959 503 fieri,
987 459 1033 495 ut
1059 452 1332 500 Firmihanus,
1354 451 1417 493 vir
1447 456 1625 500 sanctus,
1648 461 1694 492 ut
1717 450 1788 500 ait,

382 517 426 553 et
454 526 481 553 a
514 512 651 554 multis
678 511 998 559 commendatus,
1027 511 1102 552 has
1134 510 1276 552 literas
1307 508 1529 565 scripserit,
1561 508 1658 565 quia
1684 508 1789 550 adeo

383 576 529 612 contra
563 570 678 611 Petri
712 583 987 611 successorem
1024 568 1281 624 Stephanum
1312 566 1629 609 contumeliosae
1663 572 1789 622 atque
1804 578 1826 616 5

383 627 596 683 improbae
627 627 721 677 sint,
744 627 886 682 quales
915 626 968 668 ab
999 624 1209 667 haeretice
1240 639 1416 681 nequam
1444 629 1487 666 et
1511 624 1652 666 infami
1681 638 1789 665 cem·

382 684 553 740 positae.
611 685 778 741 Insigne
799 683 1032 740 exemplum
1052 682 1251 732 fallaciae,
1273 697 1380 738 quae
1404 681 1555 724 dicitur
1582 681 1789 738 petitionis

381 741 571 798 principii
588 742 597 783 !
621 742 715 787 Fan
731 749 869 783 autem
883 755 985 790 esse,
1002 741 1073 796 qui
1092 739 1324 797 hujusmodi
1339 739 1596 795 argumentis
1615 739 1790 781 scientes

381 800 692 855 prudentesque
721 799 763 840 in
793 799 917 841 rebus
938 798 1043 840 tanti
1066 797 1262 840 momenti
1285 797 1347 839 nsi
1376 797 1470 845 sint,
1491 797 1602 839 unde
1628 796 1702 839 fiat
1727 808 1788 839 te-

382 857 465 898 tius
494 857 588 899 fidei
623 856 842 898 historicae
867 855 1072 905 interitus,
1104 855 1247 912 quidni
1275 856 1412 897 Deum
1445 855 1645 911 deprecer
1672 869 1788 897 meae
1806 871 1854 896 10

382 914 556 963 animae,
584 929 636 956 ne
665 914 719 956 sit
749 914 791 955 in
819 914 960 956 futuro
981 914 1143 956 saeculo
1170 928 1262 956 cum
1290 919 1374 955 tam
1396 913 1545 968 iniquis
1569 919 1612 954 et
1637 912 1789 968 impro-

382 972 445 1014 bis
483 971 706 1028 sophistis?
737 972 1049 1021 Verumtamen,
1085 971 1196 1028 qued
1235 971 1331 1013 alibi
1366 970 1464 1020 dixi,
1498 970 1659 1026 ineptas
1698 970 1788 1012 illas

383 1029 563 1071 Missorii
594 1036 741 1071 centra
770 1029 877 1071 hanc
905 1029 1132 1086 Epistolam
1165 1028 1442 1071 cavillationes
1469 1027 1537 1070 alii
1567 1027 1789 1084 scriptores

382 1086 794 1130 Romano-Catholici
824 1087 933 1129 inter
961 1086 1086 1129 Italos
1106 1101 1269 1143 quoque
1297 1087 1496 1143 degentes
1525 1091 1787 1142 respuerunt.

383 1145 584 1187 Conferas
603 1152 646 1187 et
668 1145 824 1186 Baluzii
846 1152 998 1192 notam,
1017 1159 1138 1200 quam
1161 1145 1215 1186 ad
1234 1144 1356 1186 finem
1382 1143 1590 1200 Epistolae
1605 1143 1772 1185 adduxi.
1806 1153 1852 1191 15

440 1203 487 1244 P.
512 1215 607 1257 244.
629 1203 655 1244 l.
680 1215 716 1257 7.
739 1203 975 1258 confitetur]
1001 1203 1140 1259 Vulgo
1157 1203 1395 1258 profitetur.
1456 1201 1615 1243 Mutavi
1636 1215 1715 1258 ego
1735 1215 1786 1243 ex

381 1260 564 1316 quinque
584 1260 747 1317 seriptis
768 1260 997 1302 Codicibus.

440 1318 487 1360 P.
512 1330 607 1373 245.
628 1318 655 1360 l.
674 1331 741 1359 21.
765 1324 808 1360 et
827 1317 861 1359 si
882 1332 1008 1360 novos
1029 1317 1261 1374 Prophetas
1280 1316 1503 1373 recipiunt]
1531 1317 1630 1359 Non
1648 1323 1697 1358 ut
1716 1330 1789 1359 vos

385 1375 520 1432 [prius
548 1375 711 1433 novos}
773 1376 894 1418 Hauc
923 1375 1152 1425 lectionem,
1181 1389 1303 1431 quam
1335 1380 1436 1432 puto
1461 1389 1550 1417 esse
1576 1373 1786 1430 optimam,

380 1433 517 1476 inveni
547 1432 590 1475 in
618 1448 701 1476 uno
722 1433 827 1475 libro
847 1447 939 1475 mee
959 1439 1112 1476 vetere.
1173 1432 1388 1475 Merellius
1417 1431 1554 1489 posuit
1578 1446 1663 1474 ‘non
1682 1446 1786 1481 v08;
1803 1451 1853 1477 20

381 1505 555 1547 eamque
577 1490 793 1533 lectionem
818 1505 896 1548 ego
917 1490 1054 1548 reperi
1082 1491 1124 1532 in
1145 1496 1324 1546 quatuor
1347 1490 1564 1533 Codieibus
1593 1489 1785 1545 antiquis.

383 1548 589 1591 Pamelius
619 1548 854 1590 emendavit
888 1563 939 1590 ex
976 1548 1214 1605 conjectura
1245 1554 1287 1590 et
1321 1547 1485 1604 scripsit
1518 1562 1646 1590 novo-s·
1676 1548 1787 1589 Pro-

375 1607 547 1662 phetas,
580 1612 667 1648 tum
701 1605 799 1662 quia
837 1606 1112 1662 conjecturam
1153 1620 1268 1647 suam
1309 1606 1590 1648 confirmatam
1630 1604 1788 1661 reperit

378 1664 627 1706 auctoritate
658 1664 820 1707 Codicis
851 1663 1069 1719 Anglicani
1099 1678 1181 1720 quo
1211 1663 1300 1720 ipse
1329 1663 1537 1712 utebatur,
1568 1668 1654 1705 tum
1676 1662 1786 1718 quod

378 1728 504 1764 antea
534 1721 796 1764 Firmilianus
823 1736 1020 1764 nevarum
1053 1721 1364 1778 prophetiarum
1394 1720 1640 1763 meminerit.
1703 1720 1787 1763 Ita-
1802 1737 1850 1777 25

379 1793 461 1835 que
493 1794 545 1821 ex
573 1779 752 1822 editione
785 1779 954 1821 Pamelii
982 1778 1151 1821 emersit
1183 1779 1378 1837 vulgaris.
1440 1778 1617 1821 Videtur
1647 1784 1784 1820 autem

381 1836 644 1879 Firmilianus
683 1837 913 1894 respexisse
951 1836 1004 1879 ad
1044 1836 1247 1879 haeresim
1289 1835 1643 1886 Marcionitarum‚
1683 1850 1786 1892 ques

380 1894 637 1951 Epiphanius
652 1895 712 1937 ait
731 1895 970 1951 repudiasse
987 1895 1141 1951 Legem
1159 1909 1207 1937 ac
1224 1894 1467 1951 Prophetas.
1501 1894 1648 1936 Monet
1666 1908 1786 1950 prae-

378 1959 496 1995 terea
527 1952 732 1995 Pamelius
767 1952 809 1994 in
841 1952 992 1996 Codice
1024 1967 1098 1995 suo
1130 1952 1360 2010 Anglicano
1389 1951 1472 2010 legi
1502 1960 1543 1995 et
1569 1952 1786 2007 Spim‘tum

378 2011 588 2053 Sanctum
610 2016 701 2067 post
720 2012 903 2053 Patrem
922 2019 962 2054 et
982 2011 1162 2053 Filium.
1206 2010 1327 2062 Quod
1349 2025 1427 2066 ego
1447 2011 1489 2052 in
1510 2009 1622 2051 nullo
1642 2023 1783 2051 eorum
1798 2023 1850 2060 30

378 2074 564 2110 veterum
596 2083 713 2111 exem
747 2068 893 2111 larium
922 2067 1059 2124 reperi
1089 2068 1238 2124 quibus
1274 2083 1370 2110 usus
1402 2082 1491 2110 sum
1524 2067 1565 2109 in
1596 2066 1674 2109 hac
1700 2066 1785 2123 epi-

377 2125 484 2169 stola
510 2083 774 2168 recensenda.
835 2125 996 2183 Rejecit
1019 2132 1158 2168 autem
1187 2125 1393 2169 l'amelius
1423 2125 1501 2167 hec
1530 2124 1786 2168 additamen-

377 2189 478 2234 tum,
500 2183 598 2240 quia
620 2183 807 2240 Cataphr
838 2198 917 2241 gae
937 2198 1019 2226 non
1040 2183 1215 2226 eundem
1242 2183 1440 2240 Spiritum
1474 2183 1671 2227 Sanctum
1692 2196 1784 2224 cum

379 2241 603 2284 Catholicis
633 2199 925 2299 agnoscebant,
959 2247 1103 2298 utpote
1137 2241 1207 2298 qui
1243 2256 1323 2283 non
1361 2241 1473 2284 illum
1514 2241 1588 2284 sed
1621 2241 1783 2283 Monta-

378 2313 474 2341 num
496 2314 584 2342 esse
608 2299 866 2342 Paracletum
887 2314 914 2342 a
930 2299 1097 2342 Christo
1113 2298 1356 2356 premissum
1378 2299 1576 2341 dicerent.
1608 2298 1784 2341 BALU-
1796 2308 1847 2347 35

380 2357 528 2400 ZlUS.
590 2356 799 2400 Statuenti
836 2356 901 2399 hic
937 2356 1106 2399 Baluzio
1146 2356 1375 2414 respexisse
1413 2356 1692 2407 Firmilianum
1728 2355 1783 2398 ad

378 2413 645 2457 Marcionitas
664 2420 778 2457 recte
798 2428 993 2472 epponaS,
1017 2420 1178 2457 veteres
1208 2415 1352 2456 Patres
1383 2414 1423 2457 id
1454 2428 1616 2471 semper
1643 2413 1783 2456 solitos

375 2486 466 2514 esse
496 2487 572 2539 pro
593 2477 707 2515 certo
727 2478 924 2521 statuere,
945 2471 1069 2515 alium
1101 2486 1149 2515 ac
1173 2472 1376 2514 diversum
1401 2473 1535 2514 Deum
1557 2485 1782 2530 agnoscere

376 2530 657 2579 Marcionitas.
678 2529 748 2587 qui
766 2529 922 2573 Christi
942 2530 1109 2573 Patrem
1131 2536 1335 2587 negarent
1349 2529 1550 2573 creavisse
1570 2529 1780 2572 mundum.

377 2587 486 2630 Audi
513 2587 811 2631 Tertullianum
837 2587 973 2631 adhuc
1003 2587 1260 2631 Catholicum
1293 2587 1335 2630 in
1363 2587 1440 2630 hac
1467 2587 1557 2645 ipsa
1588 2587 1640 2630 de
1672 2587 1781 2654 Bap-
1794 2600 1846 2635 40

374 2644 483 2688 tismi
530 2645 739 2688 uaestione
760 2645 867 2688 idem
884 2651 1203 2704 suggerentem;
1236 2652 1246 2669 ‘
1262 2645 1356 2688 Non
1377 2645 1535 2696 dobeo:
1551 2644 1695 2702 inquit,
1714 2648 1726 2669 ‘
1739 2659 1780 2687 in

375 2709 384 2725 ¹
401 2702 478 2745 illis
499 2660 761 2769 alwreticis]
783 2718 1010 2761 agnoscere
1033 2703 1143 2760 quod
1168 2702 1267 2745 mihi
1291 2709 1355 2746 est
1381 2708 1661 2761 praeceptum,
1683 2702 1781 2759 quia

374 2766 384 2782 ⁴
404 2774 483 2802 non
506 2761 612 2804 idem
638 2761 750 2804 Deus
770 2767 833 2804 est
858 2761 974 2804 nobis
1000 2768 1043 2804 et
1067 2761 1158 2812 illis,
1180 2775 1254 2804 nec
1281 2775 1386 2804 unus
1408 2760 1610 2811 Christus,
1632 2760 1673 2803 id
1702 2766 1777 2810 est,

374 2823 383 2839 ⁴
400 2816 533 2860 idem.'
558 2818 610 2860 de
635 2818 844 2875 Baptistae
865 2831 1031 2876 cap.15.
1067 2818 1213 2875 Itaque
1229 2824 1408 2862 veterem
1431 2818 1616 2861 revocavi
1640 2817 1778 2861 lectio-

375 2888 697 2931 ¹1⁰1¹·,q=me‹·uni
715 2876 856 2918 melior
870 2883 1056 2933 appari-t.
1072 2883 1156 2918 tnui
1172 2883 1302 2919 exstat
1323 2876 1359 2918 in
1373 2876 1521 2918 vodio<-
1540 2875 1773 2922 Bodleiano,
1791 2893 1838 2929 45

2027 3079 2034 3101 a*
2023 2981 2034 3062 .-.m-*n-
2024 2808 2034 2972 -n-h-n.4.—
2029 2782 2034 2795 -
