2034 3204
450 233 534 272 128
951 230 1351 272 TERTULLIANI

448 335 765 386 seductionem,
806 334 1051 381 secandune.
1100 332 1391 379 traditionem
1431 331 1680 386 hominum,
1722 348 1857 392 prae-

450 420 524 459 ter
558 412 908 473 providentiam
937 412 1146 472 Spiritus
1179 411 1355 456 Sancti.
1429 411 1608 456 Fuerat
1633 409 1855 463 Athenis,

450 498 499 536 et
533 491 676 536 istam
713 490 1000 550 sapientiam
1037 490 1315 542 humanam,
1345 488 1681 534 affectatricem
1709 494 1758 533 et
1784 486 1857 532 in-

451 568 800 627 terpolatricem
833 567 1064 619 veritatis,
1093 567 1152 611 de
1183 566 1512 627 congressibus
1548 570 1761 619 noverat,
1785 564 1857 623 ip-

452 660 554 690 sam
579 659 767 704 quoque
790 643 841 688 in
867 659 977 689 suas
1001 643 1219 688 haereses
1237 642 1607 702 multipartitam
1626 641 1856 687 varietate
1870 646 1893 685 5

231 734 312 765 Act.
331 732 410 763 xvii.
451 728 688 767 sectarum
716 720 921 766 invicem
955 720 1343 781 repugnantium.
1415 719 1544 772 Quid
1568 734 1681 781 ergo
1703 718 1858 764 Athe-

237 778 286 808 ω’
452 799 528 844 nis
551 805 599 844 et
617 797 964 858 Hierosolymis
980 799 1002 842 ἶ)
1053 797 1183 850 Quid
1197 796 1487 842 Academiae
1511 803 1559 842 et
1577 796 1818 842 Ecclesiae
1833 796 1856 841 Ρ

453 875 582 928 Quid
612 874 863 921 haereticis
893 881 942 920 et
965 873 1292 920 Christianis?
1330 874 1508 919 Nostra
1536 873 1777 919 institutio
1799 873 1858 918 de

453 951 640 1011 porticu
666 951 931 997 Salomonis
966 958 1054 1006 est,
1078 951 1163 1011 qui
1194 957 1243 996 et
1277 951 1377 1010 ipse
1406 950 1670 996 tradiderat
1693 949 1860 996 Domi-

235 1044 388 1086 sapsa.
457 1044 573 1074 num
605 1029 655 1074 in
687 1027 981 1090 simplicitate
1012 1027 1165 1074 cordis
1192 1043 1292 1074 esse
1315 1029 1655 1088 quaerendum.
1712 1027 1927 1074 Vide-10

454 1104 553 1150 rint
599 1104 684 1164 qui
731 1105 958 1160 Stoicum,
1006 1112 1054 1151 et
1101 1104 1416 1159 Platonicum,
1462 1112 1510 1151 et
1558 1105 1858 1151 dialecticum

457 1182 881 1228 Christianismum
905 1185 1220 1243 protulerunt.

284 1273 398 1304 CAP.
525 1259 678 1305 Nobis
707 1259 981 1305 curiositate
1008 1275 1127 1320 opus
1155 1276 1250 1306 non
1278 1266 1350 1306 est
1376 1267 1485 1320 post
1508 1259 1757 1306 Christum
1780 1259 1862 1306 Je-

285 1316 392 1349 vm.
456 1353 577 1390 sum,
602 1352 686 1383 nec
710 1337 1019 1397 inquisitione
1042 1345 1150 1398 post
1174 1338 1508 1400 Evangelium.
1574 1337 1736 1391 Quum
1761 1353 1859 1384 ere-

455 1414 630 1470 dimus,
662 1414 785 1460 nihil
813 1414 1136 1461 desideramus
1172 1417 1299 1461 ultra
1325 1416 1526 1461 credere.
1598 1414 1704 1461 Hoc
1731 1414 1858 1461 enim
1877 1435 1923 1474 15

455 1491 587 1550 prius
618 1491 868 1542 eredimus,
902 1507 997 1538 non
1024 1507 1126 1538 esse
1157 1494 1285 1552 quod
1314 1494 1442 1539 ultra
1476 1493 1665 1539 credere
1694 1493 1862 1539 debea-

456 1584 577 1615 mus.
635 1569 792 1616 Venio
828 1569 991 1629 itaque
1037 1571 1096 1615 ad
1144 1570 1281 1616 illum
1323 1569 1591 1622 articulum,
1632 1586 1774 1630 quem
1811 1577 1860 1617 et

456 1645 607 1691 nostri
651 1647 971 1706 praetendunt
1015 1647 1074 1692 ad
1122 1646 1380 1693 ineundam
1426 1646 1765 1703 curiositatem,
1810 1655 1859 1694 et

456 1722 682 1769 haeretici
728 1723 969 1770 inculcant
1014 1725 1074 1770 ad
1120 1723 1472 1784 importandam
1518 1723 1857 1771 curiositatem.

236 1802 398 1835 Mau-vii-
412 1812 439 1844 7-
456 1799 698 1860 Scriptum
762 1807 850 1854 est,
910 1800 1151 1861 inquiunt,
1208 1800 1426 1859 Quaerite
1492 1806 1534 1847 et
1605 1801 1857 1849 invenietis.
1875 1821 1925 1847 20

455 1875 661 1930 Quando
699 1877 821 1923 hanc
858 1893 1020 1923 vocem
1051 1878 1288 1924 Dominus
1319 1878 1491 1933 emisit,
1527 1880 1856 1935 recordemur;

455 1959 572 2013 puto
600 1953 651 1999 in
679 1954 907 2014 primitiis
944 1954 1061 2015 ipsis
1093 1955 1334 2001 doctrinae
1366 1971 1492 2009 suae,
1521 1971 1670 2015 quum
1703 1956 1858 2003 adhuc

454 2030 757 2077 dubitaretur
779 2033 907 2092 apud
943 2047 1120 2089 omnes,
1145 2047 1206 2078 an
1232 2032 1454 2079 Christus
1478 2040 1612 2085 esset,
1637 2039 1686 2079 et
1708 2049 1858 2093 qumn

238 2122 340 2155 Man.
354 2122 418 2154 xvi.
457 2108 614 2154 adhuc
650 2124 733 2155 nec
768 2109 940 2155 Petrus
971 2109 1107 2155 illum
1144 2110 1236 2156 Dei
1270 2110 1449 2156 Filium
1487 2109 1859 2170 pronunciasset,

237 2210 340 2242 mm,
357 2210 399 2242 xi.
414 2201 606 2245 2‚quum
645 2186 789 2231 etiam
829 2186 1040 2232 Joannes
1077 2188 1135 2233 de
1182 2187 1263 2233 illo
1304 2194 1460 2234 certus
1506 2204 1606 2234 esse
1645 2187 1858 2234 desisset.
1875 2208 1924 2248 25

459 2263 635 2309 Merito
670 2279 784 2325 ergo
824 2270 937 2310 tunc
974 2264 1155 2311 dictum
1194 2272 1280 2319 est,
1320 2264 1535 2324 Quaerite
1580 2270 1621 2311 et
1662 2265 1860 2312 invenie-

455 2340 528 2394 tis,
553 2341 746 2401 quando
769 2343 1067 2401 quaerendus
1102 2343 1259 2388 adhuc
1287 2349 1402 2397 erat,
1426 2342 1509 2403 qui
1546 2343 1701 2389 adhuc
1725 2343 1861 2405 agni-

456 2424 533 2464 tus
558 2433 652 2463 non
677 2424 791 2471 erat,
816 2424 864 2463 et
888 2418 976 2465 hoc
1000 2426 1234 2479 quantum
1259 2422 1318 2466 ad
1344 2421 1566 2467 Judaeos.
1637 2421 1717 2467 Ad
1752 2421 1858 2467 illos

455 2495 582 2541 enim
616 2494 821 2555 pertinet
856 2501 984 2542 totus
1022 2512 1177 2542 sermo
1208 2498 1561 2560 suggillationis
1599 2499 1752 2553 istius,
1775 2498 1859 2559 qui

459 2573 698 2619 habebant
734 2572 814 2619 ubi
844 2580 1127 2633 quaererent
1151 2573 1425 2622 Christum:
1464 2574 1660 2632 Habent,
1685 2576 1858 2637 inquit,
1873 2591 1926 2629 30

238 2656 318 2688 Luc-
340 2655 404 2687 xvi·
459 2649 657 2713 Aloysen
703 2655 744 2697 et
789 2648 992 2704 Heliam,
1040 2650 1086 2697 id
1134 2657 1220 2706 est,
1270 2652 1447 2716 Legem
1494 2661 1542 2700 et
1595 2654 1858 2714 Prophetas

457 2728 704 2774 Christum
761 2727 1114 2789 praedicantes:
1164 2731 1422 2776 secundum
1469 2732 1596 2791 quod
1649 2737 1698 2777 et
1743 2729 1858 2776 alibi

235 2819 440 2859 .10m·.=·.3‹)-
458 2813 645 2865 aperte:
695 2805 997 2859 Scrutatm'm'‚
1047 2806 1218 2866 inquit,
1265 2806 1552 2869 Scripturas,
1600 2807 1649 2854 in
1698 2805 1859 2870 quibas
