1988 3216
149 1487 160 1508 ι
176 1477 261 1509 Tim.
275 1477 317 1508 vi.

150 1531 199 1560 ιο,
217 1529 244 1561 7.

365 257 421 296 12

699 255 740 297 S.
767 254 1096 297 POLYCARPI
1130 253 1414 296 EPISTOLA

363 364 471 426 ὑμῖν
495 364 601 429 περὶ
626 364 711 427 τῆς
736 360 1049 426 δικαιοσύνης·
1089 359 1203 412 ἀλλ’
1230 361 1327 412 ἐπεὶ
1352 362 1480 425 ὑμεῖς
1503 382 1762 428 προεπεκα-

360 447 586 499 λε’σασθέ
604 469 678 512 με.
760 448 888 499 Οὔτε
913 444 1009 513 γὰρ
1036 443 1145 511 ἐγὼ,
1172 446 1278 497 οὔτε
1300 444 1456 499 ἄλλος
1482 444 1641 509 ὅμοιος
1664 445 1767 509 ἐμοὶ

362 531 557 584 δύναται
592 533 1010 596 κατακολουθῆσαι
1041 535 1101 600 τῇ
1135 530 1292 599 σοφίᾳ
1314 534 1400 582 τοῦ
1432 530 1665 596 μακαρίου
1689 531 1767 580 καὶ

359 615 556 686 ἐνδόξου
591 616 811 669 Παύλου·
859 615 911 671 ὃς
945 613 1194 682 γενόμενος
1227 615 1277 665 ἐν
1312 616 1420 678 ὑμῖν
1453 612 1574 666 κατὰ
1605 611 1763 681 πρόσ-

361 725 495 754 ωπον
519 706 616 754 τῶν
640 700 745 754 τότε
774 699 1056 768 ἀνθρώπων,
1083 697 1295 767 ἐδίδαξεν
1328 700 1538 767 ἀκριβῶς
1572 700 1649 750 καὶ
1681 703 1762 760 βε-
1779 719 1802 758 5

359 787 509 847 βαίως
544 785 629 839 τὸν
665 788 771 854 περὶ
807 785 1031 850 ἀληθείας
1067 782 1234 850 λόγον·
1282 782 1334 839 ὃς
1371 786 1448 835 καὶ
1485 783 1622 836 ἀπὼν
1659 785 1768 848 ὑμῖν

360 870 574 941 ἔγραψεν
597 868 874 934 ἐπιστολὰς,
899 872 963 924 εἱς
995 866 1052 924 ἃς
1079 867 1160 919 ἐὰν
1193 866 1474 934 ἐγκύπτητε,
1503 865 1765 932 δυνηθήσε-

142 965 218 999 Gal.
234 966 277 999 iv.
297 965 348 998 26.
362 956 452 1005 σθε
477 955 826 1017 οἰκοδομεῖσθαι
850 955 914 1007 εἷς
938 950 1026 1016 τὴν
1051 954 1273 1004 δοθεῖσαν
1299 952 1408 1016 ὑμῖν
1431 951 1616 1013 πίστιν,
1640 958 1653 981 ⁶
1668 950 1769 1015 ἥτις

363 1047 375 1069 ‘
400 1039 505 1091 ἐστὶ
520 1037 678 1106 μήτηρ
695 1036 890 1090 πάντων
903 1036 1073 1101 ἡμῶν,’
1092 1034 1513 1100 ἐπακολουθούσης
1527 1037 1612 1100 τῆς
1629 1036 1765 1087 ἐλπί-

361 1125 459 1186 δος,
484 1121 800 1191 προαγούσης
833 1124 917 1186 τῆς
951 1119 1158 1188 ἀγάπης,
1182 1123 1268 1185 τῆς
1301 1123 1365 1176 εἱς
1391 1119 1517 1172 Θεὸν
1542 1121 1619 1172 καὶ
1644 1124 1766 1188 Χρι-
1786 1134 1834 1160 10

361 1207 484 1261 στὸν
509 1210 587 1260 καὶ
611 1211 674 1263 εἰς
698 1206 783 1260 τὸν
799 1207 1031 1272 πλησίον.

1079 1205 1201 1258 Ἐὰν
1220 1203 1315 1274 γάρ
1340 1228 1411 1260 τις
1434 1204 1617 1257 τούτων
1640 1203 1771 1260 ἐντὸς

361 1292 392 1363 ᾗ
414 1293 532 1367 [fors.
547 1291 578 1362 ᾗ
593 1291 799 1361 πλήρης,
810 1291 894 1365 π.]
907 1291 1223 1360 πεπλήρωκεν
1236 1288 1439 1355 ἐντολὴν
1454 1288 1768 1355 δικαιοσύνης·

362 1381 388 1431 ὁ
413 1377 509 1447 γὰρ
534 1378 655 1448 ἔχων
679 1376 886 1444 ἀγάπην,
911 1375 1100 1445 μακράν
1123 1377 1227 1428 ἐστι
1251 1374 1416 1442 πάσης
1440 1375 1687 1444 ἁμαρτίας.

437 1460 493 1515 δ’.
522 1461 679 1532 Ἀρχὴ
706 1462 755 1515 δὲ
779 1460 974 1515 πάντων
998 1465 1227 1531 χαλεπῶν
1253 1461 1565 1531 φιλαργυρία.
1627 1458 1767 1513 Εἱδό-

361 1571 437 1605 τες
462 1549 546 1600 οὖν
570 1548 641 1601 ὅτι
672 1546 805 1617 οὐδὲν
837 1547 1176 1613 εἰσηνέγκαμεν
1208 1549 1272 1601 εἰς
1304 1545 1390 1599 τὸν
1422 1544 1625 1611 κόσμον,
1654 1546 1768 1598 ἀλλ’
1787 1560 1834 1599 15

363 1632 466 1686 οὐδὲ
509 1631 764 1702 ἐξενεγκεῖν
801 1656 847 1686 τι
883 1631 1064 1701 ἔχομεν,
1104 1630 1417 1696 ὁπλισώμεθα
1460 1635 1558 1687 τοῖς
1603 1630 1772 1687 ὅπλοις

362 1722 446 1784 τῆς
480 1719 796 1783 δικαιοσύνης,
825 1720 901 1769 καὶ
933 1715 1200 1784 διδάξωμεν
1231 1714 1424 1772 ἑαυτοὺς
1454 1720 1648 1784 πρῶτον
1678 1739 1768 1768 πο·

362 1803 580 1871 ρεύεσθαι
617 1806 668 1856 ἐν
705 1808 763 1872 τῇ
802 1804 973 1871 ἐντολῇ
1011 1807 1097 1855 τοῦ
1139 1802 1335 1869 Κυρίου·
1378 1801 1536 1854 ἔπειτα
1572 1802 1650 1853 καὶ
1686 1799 1772 1856 τὰς

365 1936 474 1974 vobis
497 1935 544 1974 de
564 1935 743 1986 justitia5
772 1934 838 1972 sed
857 1933 1038 1985 quoniam

365 2004 434 2029 vos
452 1989 697 2041 provocastis.
756 1988 918 2039 Propter
937 1988 1039 2039 quod

365 2057 488 2095 neque
516 2057 599 2095 ego,
626 2056 749 2095 neque
779 2042 914 2081 similis
943 2042 1040 2080 alius

365 2098 440 2138 mei
488 2098 631 2149 poterit
668 2097 775 2149 sequi
813 2096 1040 2148 sapientiam

366 2152 467 2192 beati
505 2157 545 2191 et
588 2151 743 2204 gloriosi
792 2150 927 2198 Pauli3
974 2150 1039 2202 qui

366 2207 440 2246 fuit
467 2206 569 2257 apud
598 2220 677 2253 vos,
702 2212 741 2245 et
770 2205 873 2244 visus
901 2210 959 2244 est
984 2218 1041 2243 se-

366 2260 533 2300 cundum
567 2260 701 2299 faciem
734 2260 821 2308 illis,
854 2259 919 2311 qui
949 2264 1041 2297 tunc

366 2320 486 2361 erant,
524 2313 772 2361 hominibus;
811 2313 877 2364 qui
908 2312 1039 2351 docuit

365 2368 575 2408 certissime
642 2373 758 2420 atque
823 2366 1038 2405 firmissime

365 2423 523 2463 verbum
559 2421 760 2470 veritatis;
803 2421 869 2472 qui
903 2425 942 2459 et
974 2421 1038 2459 ab·

364 2491 450 2517 sens
478 2476 549 2515 scri
580 2477 631 2516 sit
653 2476 761 2514 vobis
780 2473 971 2527 epistolas,
991 2474 1039 2513 ad

365 2544 459 2583 quas
495 2531 543 2570 de
571 2530 761 2578 (acumini,
799 2534 844 2569 ut
885 2528 1039 2581 possitis

366 2585 553 2625 modificari
585 2586 623 2624 in
653 2585 727 2623 fide
745 2597 842 2636 quae
867 2583 957 2622 data
982 2588 1039 2621 cst

368 2641 487 2686 vobis,
510 2654 607 2690 quae
634 2646 686 2678 est
715 2645 837 2677 mam
863 2638 1039 2676 onmium

369 2702 553 2737 noum-mn.
569 2694 823 2745 subsequente
837 2705 916 2743 spe,
932 2704 1038 2743 prae-

1093 1933 1251 1971 cedente
1278 1932 1494 1979 dilectione,
1519 1945 1617 1983 quae
1644 1937 1703 1971 est
1730 1931 1771 1969 in

1095 1987 1189 2034 Deo,
1210 1991 1250 2026 et
1267 1986 1308 2025 in
1328 1986 1494 2034 Christo,
1515 1992 1554 2026 et
1572 1986 1612 2024 in
1641 1986 1771 2037 proxi-

1094 2054 1169 2079 mo.
1229 2040 1270 2080 Si
1301 2041 1403 2080 enim
1431 2041 1518 2092 quis
1547 2040 1687 2079 horum
1714 2040 1771 2077 in-

1094 2095 1282 2135 trinsecus
1315 2095 1484 2147 repletus
1516 2094 1632 2134 fuerit
1665 2107 1771 2133 man·

1095 2149 1196 2189 datis
1223 2149 1409 2200 justitiae,
1438 2154 1478 2188 et
1507 2147 1685 2188 habuerit
1714 2148 1771 2187 di-

1095 2204 1310 2251 lectionem,
1341 2204 1454 2255 longe
1491 2208 1549 2243 est
1585 2203 1634 2242 ab
1666 2202 1770 2242 omni

1096 2264 1262 2309 peceato.

1150 2312 1219 2350 IV.
1252 2310 1487 2362 Principium
1510 2315 1640 2349 autem
1667 2316 1770 2348 *om-

1094 2365 1202 2404 nium
1249 2365 1437 2404 malorum
1489 2369 1547 2404 est
1597 2363 1767 2403 avaritia.

1096 2419 1242 2459 Scitote
1261 2432 1363 2470 ergo,
1383 2419 1479 2470 quia
1506 2418 1610 2457 nihil
1634 2417 1771 2456 inmi-

1096 2487 1184 2512 mus
1213 2474 1259 2512 in
1288 2473 1391 2512 hunc
1418 2472 1623 2520 mundum,
1651 2485 1771 2522 ‘nequa

1093 2527 1470 2578 mffmepoesmmw.
1492 2526 1702 2565 Armemur
1712 2538 1770 2564 ar-

1094 2581 1167 2620 mis
1183 2577 1356 2632 jiistitiae
1376 2595 1384 2620 ε
1410 2586 1450 2620 et
1464 2580 1666 2620 doceamus
1685 2592 1770 2618 nos·

1095 2641 1175 2675 met
1193 2636 1296 2687 ipsos
1316 2635 1484 2687 primum
1508 2634 1704 2673 ambulare
1729 2634 1768 2672 in

1095 2690 1284 2729 mandatis
1313 2689 1482 2738 Domini,
1512 2694 1551 2728 et
1580 2693 1667 2740 post
1699 2688 1770 2726 hoc

933 2794 980 2825 hle
996 2792 1113 2825 &mimi
1130 2792 1205 2825 edit.

930 2883 942 2897 ·
966 2875 1074 2907 ιΤίηι.
1095 2875 1135 2906 vi.
1159 2884 1204 2907 ιο.
