2034 3204
470 220 532 266 IN
565 220 836 264 CANONES
867 220 1116 264 NICAENI
1149 222 1425 264 CONCILII.
1564 224 1649 268 409

788 322 903 364 CAN
907 322 988 365 ΟΝ
1021 323 1099 366 IX.

305 397 351 438 P.
365 398 464 452 376.
478 396 504 440 l.
521 398 560 439 8.
576 396 849 452 προήχθησαν]
857 397 1046 454 ‚Habent
1060 396 1243 440 Concilia
1257 397 1560 453 προσήχθησαν,
1575 400 1648 442 Sed

245 454 486 496 adnotatum
507 459 570 496 est
599 454 653 496 ad
683 469 815 512 marg.
836 456 1106 510 προήχθησαν,
1128 454 1369 511 addiditque
1391 456 1646 506 Harduinus‚

247 518 257 535 ‘
275 511 424 553 Melius
459 511 570 568 apud
605 513 809 554 Zonaram
842 514 1130 568 προήχθησανῖ
1194 512 1325 554 Immo
1359 513 1470 569 apud
1506 529 1647 557 omnes

208 572 231 612 5
248 569 460 612 Canonum
495 569 763 612 Collectiones
794 584 976 619 excusas,
1008 576 1051 612 et
1081 580 1259 627 quatuor
1291 570 1435 612 saltem
1469 585 1521 612 ex
1553 579 1646 614 octo

247 625 464 668 Codieibus
494 626 656 684 scriptis
687 627 930 670 Bodleianis.
997 628 1192 670 Ceterum
1225 627 1413 670 conferas
1445 643 1537 670 cum
1569 629 1646 672 hoe

247 684 415 726 Canone
434 684 556 726 finem
577 684 799 742 superioris
822 685 999 728 canonis
1025 685 1205 735 secundi,
1226 691 1352 742 atque
1379 685 1493 728 illum
1521 702 1646 744 prox-

244 740 325 783 ime
346 747 593 784 secuturum.

302 798 407 841 Ibid.
429 799 455 841 l.
476 813 540 841 11.
569 801 607 841 οἱ
637 798 854 857 ἄνθρωποι]
889 799 1132 852 Articulum,
1154 799 1224 856 qui
1254 800 1321 843 hic
1350 801 1468 844 abest
1491 816 1517 843 a
1539 801 1646 844 Con·

183 869 231 894 10
243 855 344 898 ciliis
372 861 499 913 atque
527 856 679 899 Gelasii
706 856 819 899 Actis
846 857 1015 899 Concilii
1042 857 1228 907 Nicaeni,
1257 873 1307 900 ex
1338 859 1486 901 ceteris
1516 858 1643 909 libris,

245 913 543 970 Codicibusque
563 914 726 971 scriptis
747 914 995 966 Bodleianis,
1015 915 1096 957 huc
1117 915 1319 958 revocavi.

793 1000 910 1043 CAN
914 1001 994 1044 ΟΝ
1027 1001 1082 1044 X.

301 1072 405 1115 Ibid.
426 1072 453 1114 1.
476 1085 539 1126 17.
562 1073 614 1129 τῷ
638 1074 774 1115 κανόνι
793 1076 846 1130 τῷ
869 1075 1198 1131 ἑκκλησιαστικῷ]
1225 1075 1318 1126 Quo
1338 1075 1529 1117 nimirum
1550 1091 1645 1118 cau-

241 1134 327 1172 tum
355 1135 430 1180 est,
452 1136 499 1172 ut
525 1130 659 1172 clerici
689 1131 888 1173 immunes
918 1131 1174 1174 idololatriae
1201 1138 1339 1174 essent
1367 1140 1461 1190 post
1491 1134 1645 1190 baptis-

181 1203 227 1243 15
241 1201 351 1229 mum
382 1193 572 1244 patratae
586 1204 598 1239 3
629 1187 886 1244 quiquidem
913 1203 1067 1238 omnes,
1092 1189 1126 1231 si
1154 1190 1256 1246 lapsi
1287 1190 1455 1241 fuerint,
1477 1198 1520 1234 et
1548 1192 1644 1234 dein

240 1245 529 1302 resipiscerint‚
551 1245 606 1288 ad
625 1245 770 1288 laicam
790 1246 1113 1289 communionem
1134 1247 1353 1305 redigendi
1373 1248 1526 1291 forent.

782 1338 897 1380 CAN
902 1338 983 1381 ΟΝ
1014 1339 1093 1382 XI.

298 1410 344 1451 P.
366 1420 466 1466 377.
487 1410 515 1453 l.
533 1422 571 1466 7.
602 1412 690 1466 τρία
717 1412 783 1465 ἔτη
814 1415 859 1455 ἐν
881 1414 1143 1467 ἀκροωμένοις
1170 1414 1405 1467 ποιήσουσιν
1425 1418 1463 1458 οἱ
1489 1418 1638 1471 πιστοὶ]

240 1467 322 1509 Pro
338 1467 503 1510 vocibus
523 1470 562 1510 οἱ
581 1470 714 1511 πιστοὶ
736 1470 891 1513 habent
911 1472 962 1516 ὣς
981 1472 1115 1514 πιστοὶ
1136 1472 1354 1530 Beveregii
1373 1474 1640 1530 Synodicum‚

176 1541 226 1567 20
241 1524 590 1582 Collectionesque
624 1527 836 1570 Canonum
870 1542 897 1571 a
929 1528 1099 1572 Graecis
1133 1544 1278 1572 recens
1312 1530 1461 1580 editae,
1494 1532 1639 1575 suffra·

237 1581 431 1637 gantibus
477 1583 572 1625 huic
616 1583 779 1627 lectioni
825 1585 1060 1628 Bodleianis
1107 1587 1242 1630 MStis
1283 1589 1375 1644 158,
1413 1590 1508 1643 196,
1543 1602 1639 1632 202.

238 1639 359 1682 Istud
379 1642 418 1682 οἱ
444 1645 576 1683 πιστοὶ
601 1641 753 1685 omittit
774 1642 962 1686 Gelasius
985 1644 1212 1700 Cyzicenus
1232 1660 1324 1687 cum
1346 1646 1494 1688 Tiliani
1519 1648 1641 1690 Codi-

237 1696 295 1739 cis
323 1696 664 1754 interpretatione
696 1700 857 1749 Latina,
889 1708 932 1744 et
961 1702 1096 1758 prisca
1125 1702 1313 1744 versione
1342 1704 1455 1760 apud
1481 1704 1512 1746 J
1517 1706 1641 1748 ustel-

237 1753 335 1804 lum,
353 1760 395 1797 et
409 1755 597 1798 versione
616 1771 643 1799 a
663 1757 882 1800 Ballerinis
902 1758 1038 1808 edita;
1065 1759 1267 1816 silentque
1288 1761 1340 1802 de
1361 1776 1409 1803 eo
1430 1761 1512 1804 duo
1533 1778 1640 1806 com-

177 1826 225 1864 25
238 1817 490 1854 mentatores
512 1813 674 1866 Graeci,
696 1815 880 1858 Zonaras
905 1822 948 1858 et
970 1817 1174 1859 Balsamo.
1235 1818 1366 1860 Immo
1392 1834 1500 1861 nunc
1520 1820 1640 1863 video

238 1870 572 1925 praetermissum
599 1871 709 1914 idem
735 1872 778 1914 in
807 1873 1021 1916 Canonum
1049 1874 1241 1931 Epitome
1267 1875 1488 1919 Leunclav.
1510 1892 1550 1943 p.
1568 1879 1638 1921 60.

239 1926 401 1983 Legere
439 1934 578 1970 autem
613 1930 702 1972 vult
740 1930 994 1980 Johnsonus‚
1033 1932 1246 1974 Canonum
1279 1934 1478 1990 Anglicus
1512 1941 1640 1978 luter-

237 1998 346 2040 preS‚
370 1986 406 2027 εἰ
433 1985 579 2035 πιστοὶ,
610 1986 687 2029 hoc
717 2002 851 2038 sensu,
882 1988 916 2030 si
946 1988 1041 2031 olim
1074 1990 1238 2032 Coenae
1270 1991 1509 2034 Dominicae
1544 2008 1640 2050 par-

238 2040 382 2098 ticipes
420 2041 604 2086 fuissent.
685 2045 812 2087 Haud
857 2046 977 2089 male.
1058 2047 1335 2090 Nihilominus
1376 2049 1639 2093 retinendum

174 2119 226 2155 30
240 2098 403 2141 videtur
441 2100 542 2142 mihi
581 2102 620 2142 οἱ
657 2102 791 2144 πιστοὶ
829 2103 1014 2160 plurimis
1055 2105 1268 2147 Canonum
1310 2106 1640 2151 Collectiomibus

237 2170 286 2198 ac
325 2155 440 2198 libris
479 2157 556 2200 scri
588 2158 641 2200 tis
678 2158 899 2210 firmatum,
940 2167 987 2204 ut
1019 2161 1246 2218 jubeantur
1285 2164 1640 2220 praevaricatores

239 2212 309 2269 qui
330 2214 516 2265 credunt,
601 2217 681 2259 eles
708 2217 872 2267 scilicet,
893 2218 1002 2261 inter
1019 2219 1234 2262 audientes
1261 2221 1478 2272 collocari3
1515 2222 1640 2279 juxta

237 2285 286 2312 ac
323 2271 490 2314 Canone
525 2272 681 2316 decimo
716 2280 833 2318 sexto
867 2282 1072 2334 coguntur
1106 2277 1222 2334 lapsi,
1257 2278 1328 2334 qui
1358 2279 1515 2322 fuerint
1548 2286 1639 2324 tan-

238 2333 326 2369 tum
356 2330 652 2380 catechumeni,
681 2331 790 2374 inter
819 2333 1034 2376 audientes
1063 2334 1153 2377 illos
1181 2335 1290 2378 idem
1321 2337 1519 2393 temporis
1546 2353 1638 2395 spa-

174 2400 224 2439 35
238 2384 340 2428 tium
379 2387 623 2444 transigere.
686 2389 766 2439 Ita,
802 2396 849 2432 ut
888 2397 981 2447 post
1017 2391 1113 2441 vidi,
1149 2392 1193 2434 in
1231 2393 1363 2436 veteri
1402 2394 1472 2437 illa
1511 2394 1639 2438 inter-

237 2443 469 2499 pretatione
506 2459 628 2501 quam
668 2447 724 2489 ad
765 2447 973 2491 Canonem
1008 2450 1118 2491 VIII
1157 2450 1394 2500 memoravi,
1430 2452 1542 2494 locus
1581 2453 1638 2496 sic

237 2500 425 2551 vertitur,
442 2503 625 2545 triennio
645 2505 758 2547 inter
772 2506 993 2549 audientes
1012 2508 1111 2557 sint,
1129 2509 1204 2563 qui
1226 2509 1524 2564 lapsifuerint
1538 2511 1638 2568 bap-

237 2557 363 2600 tizati.
424 2558 491 2600 Ad
511 2559 682 2615 phrasin
703 2576 800 2604 vero
820 2563 931 2628 quod
950 2564 1100 2606 attinet
1123 2564 1441 2616 insolentiorem,
1463 2568 1549 2620 τρία
1570 2569 1637 2621 ἔτη

236 2614 487 2667 ποιήσουσιν,
508 2616 694 2660 similiter
723 2619 865 2662 scriblt
893 2621 935 2662 S.
958 2621 1091 2663 Lucas
1115 2622 1208 2664 Act.
1231 2623 1375 2679 Apost.
1396 2638 1465 2672 xx,
1489 2639 1530 2680 3,
1552 2642 1638 2667 ποι-

173 2691 225 2725 40
237 2671 335 2724 ήσας
355 2689 398 2714 τε
418 2676 544 2725 μῆνας
562 2679 679 2727 τρεῖς,
703 2676 960 2733 Sanctusque
981 2679 1146 2728 Paulus,
1171 2691 1194 2722 2
1213 2680 1308 2722 Cor.
1330 2680 1385 2730 xi,
1410 2692 1477 2738 25,
1499 2683 1637 2734 νυκθή-

236 2746 358 2782 μερον
378 2730 422 2771 ἐν
441 2731 494 2786 τῷ
515 2733 626 2787 βύθῳ
646 2734 852 2786 πεποίηκα.

296 2786 400 2828 Ibid.
422 2787 449 2829 l.
472 2788 510 2830 8.
543 2790 606 2830 καὶ
638 2791 736 2832 ἑπτὰ
766 2790 832 2843 ἔτη
861 2793 1168 2849 ὑποπεσοῦνται]
1210 2794 1465 2852 Dionysiana
1498 2796 1634 2839 Inter-

236 2844 414 2899 pretatio
450 2844 513 2886 his
541 2845 725 2902 subjecta
756 2848 990 2892 Canonibus
1019 2850 1146 2894 habet
1180 2866 1251 2894 sem
1285 2868 1432 2898 annos.
1494 2854 1633 2897 Aliter
