2034 3204
445 239 530 281 418
908 237 1366 280 ANNOTATIONES

447 346 596 389 Statim
625 351 764 388 autem
788 350 882 403 post
902 345 1081 388 Eudoxii
1101 344 1258 387 obitum
1283 343 1360 385 hoe
1386 356 1535 384 nomen
1559 341 1750 398 usurpari
1778 341 1848 383 de-

445 403 526 453 siit,
543 409 587 446 et
606 403 782 460 posteris
802 418 934 460 paene
954 402 1181 445 inauditum
1204 407 1279 450 est,
1297 400 1407 443 unde
1425 399 1652 457 Gregorius
1668 400 1848 456 Magnus

444 461 489 502 in
509 461 696 518 Epistola
715 461 769 503 ad
790 461 1008 516 Eulogium
1031 458 1378 506 Alexandrinum,
1401 465 1412 481 ‘
1429 458 1680 508 Praeterea‚'
1701 456 1848 512 inquit,

447 525 458 542 ‘
479 518 589 561 idem
609 519 742 560 frater
762 525 901 560 noster
923 517 1058 559 omnia
1085 517 1127 558 in
1155 516 1239 558 suis
1264 515 1470 572 synodicis
1490 516 1582 557 Deo
1608 519 1755 557 autore
1783 528 1849 555 car

447 583 458 600 ‘
480 576 631 618 tholiee
661 577 821 618 locutus
850 582 925 617 est.
988 575 1204 625 Quendam
1236 587 1334 615 vero
1360 572 1593 614 Eudoxium
1624 570 1886 622 damnavit‚5

449 640 459 656 ‘
480 648 601 690 quem
624 648 757 689 neque
778 634 819 674 in
843 632 1022 689 Synodis
1049 632 1287 674 damnatum
1308 630 1548 679 invenimus,
1569 644 1704 685 neque
1731 644 1758 671 a
1780 628 1851 670 de-

449 699 459 712 ‘
481 691 710 733 cessoribus
730 690 813 732 suis
836 690 878 731 in
903 689 986 731 suis
1008 689 1186 746 Synodis
1208 689 1502 744 reprobatum.'
1563 687 1692 744 Greg.
1714 686 1847 743 Epist.

446 748 516 791 lib.
536 763 593 796 vr,
617 748 748 805 Epist.
771 761 785 788 1
798 759 865 803 25.
928 748 1037 790 Sane
1057 761 1140 788 non
1158 746 1246 803 ipse
1267 745 1493 797 Eudoxius,
1514 745 1588 787 sed
1607 750 1746 787 tamen
1766 744 1851 785 Eu-

447 805 612 847 doxiani
629 805 836 862 praesenti
855 806 1023 848 canone
1041 805 1194 846 diserte
1211 804 1476 846 damnantur.
1537 803 1654 844 Haec
1675 801 1851 844 BEVE-

447 863 681 906 REGIUS.
743 864 885 905 Verba
911 862 1105 919 Gregorii
1135 867 1243 911 sunt,
1275 861 1346 917 qui
1375 860 1418 902 in
1448 860 1536 902 loco
1565 858 1768 916 superiori
1797 859 1850 901 de
1867 872 1917 898 ιο

450 921 626 978 Cyriaeo
652 920 897 962 Patriarcha
925 920 1048 962 CPol.
1069 919 1264 975 loquitur,
1286 919 1426 974 aitque
1451 919 1680 959 Romanam
1710 916 1851 958 Eccle-

446 978 548 1020 siam
584 979 785 1020 hactenus
817 978 930 1020 haud
960 977 1163 1034 recepisse
1196 977 1384 1019 Canones
1418 975 1540 1032 hujus
1574 974 1744 1032 Synodi‚
1777 973 1851 1016 sed

446 1042 586 1078 tamen
617 1035 660 1077 in
690 1036 767 1078 hoc
793 1036 924 1093 ipsam
953 1035 1166 1091 Synodum
1195 1034 1418 1082 admisisse,
1440 1033 1551 1090 quod
1577 1034 1630 1074 ab
1658 1047 1708 1074 ea
1737 1031 1852 1074 dam-

446 1100 569 1136 netur
590 1093 871 1143 Macedonius,
894 1101 903 1116 ‘
922 1094 978 1135 Et
1001 1094 1189 1135 Canones
1216 1092 1379 1148 quidem
1408 1088 1851 1146 Constantinopolitani

448 1158 459 1174 ‘
483 1151 653 1194 Concilii
669 1151 934 1193 Eudoxianos
950 1151 1160 1193 damnant.
1204 1149 1288 1192 Sed
1303 1149 1394 1205 quis
1407 1148 1534 1191 fuerit
1549 1163 1689 1190 eorum
1707 1152 1851 1189 auctor
1869 1157 1917 1197 15

448 1215 460 1232 ‘
481 1209 708 1258 Eudoxius,
746 1209 912 1250 minime
948 1209 1114 1250 dicunt.’
1183 1207 1267 1250 Sed
1300 1207 1423 1248 misso
1459 1205 1660 1254 Eudoxio,
1695 1204 1851 1261 liquido

447 1267 565 1309 nobis
594 1272 767 1318 constat,
789 1273 951 1309 centum
980 1281 1110 1308 annos
1137 1271 1230 1322 post
1259 1264 1452 1323 Gregorii
1479 1270 1642 1320 tempus
1664 1263 1852 1305 Canones

447 1330 626 1380 quatuor
653 1324 813 1381 priores
840 1324 963 1379 hujus
988 1323 1146 1380 Synodi
1169 1323 1364 1366 CPtanae
1383 1322 1436 1364 ab
1459 1321 1643 1364 Ecclesia
1663 1321 1853 1362 Romana

447 1388 637 1438 receptos
667 1380 768 1432 esse,
790 1382 989 1438 siquidem
1021 1382 1063 1423 in
1089 1380 1339 1424 Collectione
1369 1380 1595 1431 Canonum,
1616 1392 1740 1435 quam
1768 1377 1853 1419 Ro-

447 1454 594 1482 manus
623 1440 851 1496 Episcopus
882 1439 1121 1481 Hadrianus
1149 1439 1169 1480 I
1197 1438 1346 1481 Carolo
1369 1438 1428 1479 M.
1450 1437 1577 1487 dedit,
1599 1436 1642 1478 hi
1664 1436 1852 1478 Canones
1868 1447 1920 1475 20

447 1502 626 1540 exstant.
687 1498 818 1541 Porro
839 1497 902 1539 vel
924 1503 1021 1539 ante
1039 1496 1232 1554 Gregorii
1254 1497 1312 1538 Μ.
1336 1501 1523 1552 tempora
1542 1509 1612 1537 eos
1631 1494 1675 1535 in
1692 1493 1854 1535 Canon-

448 1554 541 1598 ibus
567 1554 650 1597 suis
672 1554 896 1612 Dionysius
922 1555 1111 1612 Exiguus
1137 1559 1405 1610 reposuerat3
1437 1567 1539 1609 quos
1566 1551 1732 1608 quidem
1753 1550 1854 1592 Dio-

448 1612 558 1668 nysii
590 1613 778 1655 Canones
807 1612 990 1668 aequalis
1020 1612 1108 1668 ejus
1140 1611 1419 1660 Cassiodorus,
1449 1611 1492 1652 in
1528 1609 1688 1652 Divinis
1719 1608 1852 1651 Lectt.

448 1685 537 1727 cap.
560 1669 671 1719 xxiii,
694 1670 764 1719 ait,
788 1670 935 1712 ‘hodic
966 1685 1041 1712 usu
1072 1669 1339 1711 celeberrimo
1370 1667 1594 1710 Ecclesiam
1622 1667 1853 1710 Romanam

449 1727 691 1783 complecti?
758 1728 950 1770 Praestat
980 1726 1158 1783 denique
1187 1727 1265 1768 hos
1293 1732 1472 1782 quatuor
1504 1725 1692 1768 Canones
1719 1723 1854 1780 prisca
1869 1734 1919 1776 25

448 1785 520 1827 illa
541 1785 754 1827 Canonum
777 1785 924 1828 Versio
952 1785 1063 1842 apud
1084 1784 1320 1834 Justellum,
1342 1798 1448 1840 quae
1473 1782 1639 1825 condit-a
1666 1788 1729 1825 est
1756 1787 1854 1824 ante

449 1842 758 1900 Dionysianam.

507 1901 554 1942 P.
575 1913 674 1957 390.
717 1900 743 1942 l.
766 1912 805 1953 7.
846 1904 924 1942 τῶν
962 1898 1258 1953 Ἣμιαρειαυῶν
1303 1901 1433 1941 εἴτ-ουν
1478 1894 1849 1953 Πνευματομάχων]

450 1957 791 2000 Homoeusiastae
819 1957 899 2008 isti,
921 1957 1005 2014 qui,
1036 1964 1083 2000 ut
1112 1957 1262 2007 fertur,
1290 1956 1367 2000 hoc
1397 1956 1574 2013 primum
1604 1956 1692 1998 loco
1725 1953 1854 1997 Semi-

448 2014 580 2058 ariani
611 2015 888 2065 nominantur,
919 2015 962 2057 in
993 2015 1175 2058 diversas
1205 2020 1346 2072 partes
1381 2013 1568 2056 distracti
1602 2017 1722 2062 sunt3
1753 2025 1854 2068 qua—
1867 2022 1922 2062 30

449 2087 541 2115 rum
572 2073 791 2115 nonnullae
826 2079 971 2115 contra
1006 2072 1289 2120 Divinitatcm,
1320 2078 1364 2115 at
1395 2087 1446 2114 ue
1476 2071 1599 2114 etiam
1630 2068 1854 2127 personali-

449 2136 593 2179 tatem,
618 2132 646 2173 S
678 2130 796 2174 iritus
818 2130 958 2173 Sancti
980 2130 1258 2187 disputabant.
1322 2131 1380 2173 Su
1411 2129 1636 2172 stituerunt
1655 2128 1856 2171 Macedo-

448 2190 604 2231 nianos
635 2146 773 2231 ffatini
803 2187 1052 2245 interpretes
1083 2203 1159 2245 pro
1190 2189 1494 2237 Semiariania,
1526 2184 1759 2229 Macedonii
1784 2187 1855 2227 τοῦ
1908 2236 1910 2239 .

452 2245 795 2300 Πνευματομάχου
815 2245 1034 2302 discipulis.

510 2303 616 2345 lbid.
638 2302 665 2345 1.
686 2307 724 2345 8.
746 2303 809 2345 καὶ
838 2303 910 2356 τὴν
941 2307 1019 2346 τῶν
1049 2303 1356 2357 Σαβελλιανῶν]
1389 2302 1528 2359 Vulgo
1559 2300 1708 2344 desunt
1737 2313 1856 2343 voces
1869 2307 1922 2349 35

451 2359 513 2402 καὶ
541 2360 612 2413 τὴν
639 2364 718 2403 τῶν
744 2360 786 2402 ἰη
809 2360 1081 2404 conciliorum
1111 2367 1242 2410 textu,
1263 2361 1337 2403 sed
1363 2360 1417 2403 ad
1445 2374 1559 2403 oram
1581 2358 1758 2416 paginae
1784 2372 1856 2415 po-

450 2417 553 2460 sitae
574 2423 681 2460 sunt.
743 2418 924 2461 Eaedem
947 2425 1112 2461 exstant
1133 2418 1174 2460 in
1195 2418 1344 2461 ceteris
1361 2418 1575 2461 canonum
1599 2414 1857 2460 Collectioni-

453 2476 542 2525 bus,
557 2482 600 2518 et
622 2474 661 2517 in
683 2483 840 2533 septem
863 2491 915 2519 ex
936 2482 1027 2519 octo
1046 2475 1281 2519 Bodleianis
1299 2475 1542 2526 Codicibus3
1569 2489 1662 2517 nam
1685 2473 1728 2517 in
1748 2487 1856 2516 mar-

451 2532 548 2591 gine
570 2532 731 2576 Codicis
763 2548 933 2577 numero
967 2534 1019 2577 26
1051 2532 1201 2592 signati
1233 2534 1377 2576 eadem
1407 2548 1532 2576 manu
1557 2532 1685 2575 verba
1714 2530 1857 2574 addita

451 2598 560 2633 sunt.
628 2591 811 2647 Recepta
842 2607 891 2634 ea
921 2607 970 2633 ex
1004 2590 1188 2648 principe
1219 2591 1258 2634 in
1292 2590 1549 2634 novissimam
1582 2588 1854 2633 Conciliorum
1870 2605 1922 2641 40

453 2647 672 2690 editionem
696 2657 787 2705 post
809 2649 902 2692 vidi.
956 2650 1048 2691 linc
1069 2657 1207 2692 autem
1230 2649 1434 2706 respicere
1458 2648 1648 2692 videntur
1667 2645 1858 2704 Episcopi

455 2705 626 2755 (Ὶίιιιιὶ,
649 2706 745 2749 dum
767 2706 883 2750 aiunt
905 2706 969 2749 isti
1000 2706 1039 2748 in
1065 2707 1249 2764 Epistola
1272 2707 1326 2750 ad
1349 2706 1635 2750 occidentales
1661 2710 1755 2763 post
1779 2704 1857 2747 hoc

454 2762 679 2805 Concilium
711 2763 878 2821 scripta,
911 2764 1135 2821 Superioro
1170 2780 1278 2808 anno
1313 2768 1392 2807 τῶν
1426 2764 1598 2820 ἔναγχος
1631 2779 1858 2815 καινοτομη-

453 2821 598 2862 ederam
619 2819 812 2873 αἱρέσεων
829 2822 1152 2874 ἀναθεματισμὸν
1168 2822 1376 2878 ἔγγραφον
1396 2821 1678 2875 πεποιήκαμεν.
1727 2818 1858 2878 Apud

455 2877 650 2926 concilia,
675 2878 778 2921 vol-1
801 2879 898 2923 edit.
926 2879 1130 2923 llnrduin.
1871 2890 1921 2929 45
