<?xml version="1.0" encoding="UTF-8"?>
<!DOCTYPE html PUBLIC "-//W3C//DTD XHTML 1.0 Transitional//EN"
    "http://www.w3.org/TR/xhtml1/DTD/xhtml1-transitional.dtd">
<html xmlns="http://www.w3.org/1999/xhtml" xml:lang="en" lang="en">
 <head>
  <title>
</title>
<meta http-equiv="Content-Type" content="text/html;charset=utf-8" />
  <meta name='ocr-system' content='tesseract 3.04.00' />
  <meta name='ocr-capabilities' content='ocr_page ocr_carea ocr_par ocr_line ocrx_word'/>
</head>
<body>
  <div class='ocr_page' id='page_1' title='image "./scriptorumeccles01rout_0201.png"; bbox 0 0 2034 3204; ppageno 0'>
   <div class='ocr_carea' id='block_1_1' title="bbox 331 236 1616 286">
    <p class='ocr_par' dir='ltr' id='par_1_1' title="bbox 331 236 1616 286">
     <span class='ocr_line' id='line_1_1' title="bbox 331 236 1616 286; baseline -0.002 -6"><span class='ocrx_word' id='word_1_1' title='bbox 331 240 398 281; x_wconf 93' lang='lat' dir='ltr'><strong>IN</strong></span> <span class='ocrx_word' id='word_1_2' title='bbox 440 238 901 282; x_wconf 86' lang='lat' dir='ltr'><strong>TERTULLIANI</strong></span> <span class='ocrx_word' id='word_1_3' title='bbox 942 238 1026 279; x_wconf 89' lang='lat' dir='ltr'><strong>DE</strong></span> <span class='ocrx_word' id='word_1_4' title='bbox 1070 237 1431 286; x_wconf 83' lang='lat' dir='ltr'><strong>ORATIONE.</strong></span> <span class='ocrx_word' id='word_1_5' title='bbox 1531 236 1616 278; x_wconf 87' lang='lat'><strong>185</strong></span> 
     </span>
    </p>
   </div>
   <div class='ocr_carea' id='block_1_2' title="bbox 154 341 1620 2936">
    <p class='ocr_par' dir='ltr' id='par_1_2' title="bbox 155 341 1620 1656">
     <span class='ocr_line' id='line_1_2' title="bbox 215 341 1619 403; baseline -0.004 -15"><span class='ocrx_word' id='word_1_6' title='bbox 215 351 278 388; x_wconf 88' lang='lat' dir='ltr'><strong>cst</strong></span> <span class='ocrx_word' id='word_1_7' title='bbox 308 346 453 403; x_wconf 89' lang='lat' dir='ltr'><strong>capitis</strong></span> <span class='ocrx_word' id='word_1_8' title='bbox 483 345 662 395; x_wconf 85' lang='lat' dir='ltr'><strong>nuditas,</strong></span> <span class='ocrx_word' id='word_1_9' title='bbox 681 344 755 387; x_wconf 85' lang='lat' dir='ltr'><strong>sed</strong></span> <span class='ocrx_word' id='word_1_10' title='bbox 785 344 1013 386; x_wconf 87' lang='lat' dir='ltr'><strong>monendae</strong></span> <span class='ocrx_word' id='word_1_11' title='bbox 1043 349 1218 392; x_wconf 87' lang='lat' dir='ltr'><strong>tantum,</strong></span> <span class='ocrx_word' id='word_1_12' title='bbox 1240 348 1286 384; x_wconf 91' lang='lat' dir='ltr'><strong>ut</strong></span> <span class='ocrx_word' id='word_1_13' title='bbox 1310 341 1481 384; x_wconf 86' lang='lat' dir='ltr'><strong>meliora</strong></span> <span class='ocrx_word' id='word_1_14' title='bbox 1500 341 1619 384; x_wconf 87' lang='lat' dir='ltr'><strong>disci-</strong></span> 
     </span>
     <span class='ocr_line' id='line_1_3' title="bbox 215 399 1618 460; baseline -0.002 -16"><span class='ocrx_word' id='word_1_15' title='bbox 215 403 352 460; x_wconf 89' lang='lat' dir='ltr'><strong>plinae</strong></span> <span class='ocrx_word' id='word_1_16' title='bbox 382 402 548 445; x_wconf 89' lang='lat' dir='ltr'><strong>consilia</strong></span> <span class='ocrx_word' id='word_1_17' title='bbox 576 402 892 459; x_wconf 76' lang='lat' dir='ltr'>amplectantur,</span> <span class='ocrx_word' id='word_1_18' title='bbox 914 400 1101 458; x_wconf 89' lang='lat' dir='ltr'><strong>quamvis</strong></span> <span class='ocrx_word' id='word_1_19' title='bbox 1130 415 1174 442; x_wconf 90' lang='lat' dir='ltr'><strong>se</strong></span> <span class='ocrx_word' id='word_1_20' title='bbox 1199 399 1380 457; x_wconf 86' lang='lat' dir='ltr'><strong>virgines</strong></span> <span class='ocrx_word' id='word_1_21' title='bbox 1409 399 1618 442; x_wconf 90' lang='lat' dir='ltr'><strong>interdum</strong></span> 
     </span>
     <span class='ocr_line' id='line_1_4' title="bbox 215 457 1619 515; baseline -0.002 -13"><span class='ocrx_word' id='word_1_22' title='bbox 215 461 481 504; x_wconf 83' lang='lat' dir='ltr'><strong>mentiantur.</strong></span> <span class='ocrx_word' id='word_1_23' title='bbox 542 459 788 502; x_wconf 90' lang='lat' dir='ltr'><strong>Mendosum</strong></span> <span class='ocrx_word' id='word_1_24' title='bbox 817 459 1010 502; x_wconf 89' lang='lat' dir='ltr'><strong>Codicem</strong></span> <span class='ocrx_word' id='word_1_25' title='bbox 1045 457 1254 515; x_wconf 87' lang='lat' dir='ltr'><strong>explicare</strong></span> <span class='ocrx_word' id='word_1_26' title='bbox 1283 472 1359 514; x_wconf 91' lang='lat' dir='ltr'><strong>per</strong></span> <span class='ocrx_word' id='word_1_27' title='bbox 1388 457 1495 500; x_wconf 85' lang='lat' dir='ltr'><strong>solas</strong></span> <span class='ocrx_word' id='word_1_28' title='bbox 1524 471 1619 499; x_wconf 86' lang='lat' dir='ltr'><strong>con-</strong></span> 
     </span>
     <span class='ocr_line' id='line_1_5' title="bbox 209 514 1618 575; baseline -0.004 -14"><span class='ocrx_word' id='word_1_29' title='bbox 209 518 393 574; x_wconf 81' lang='lat' dir='ltr'><strong>jecturas</strong></span> <span class='ocrx_word' id='word_1_30' title='bbox 413 517 609 575; x_wconf 82' lang='lat' dir='ltr'>cogimur.</span> <span class='ocrx_word' id='word_1_31' title='bbox 654 517 984 560; x_wconf 83' lang='lat' dir='ltr'><strong>MURATORI.</strong></span> <span class='ocrx_word' id='word_1_32' title='bbox 1054 517 1336 559; x_wconf 74' lang='lat' dir='ltr'><strong>Voluntaria-3</strong></span> <span class='ocrx_word' id='word_1_33' title='bbox 1364 514 1618 572; x_wconf 86' lang='lat' dir='ltr'><strong>interpretor</strong></span> 
     </span>
     <span class='ocr_line' id='line_1_6' title="bbox 179 573 1619 634; baseline -0.003 -16"><span class='ocrx_word' id='word_1_34' title='bbox 179 591 202 630; x_wconf 88' lang='lat'>5</span> <span class='ocrx_word' id='word_1_35' title='bbox 215 590 294 634; x_wconf 89' lang='lat' dir='ltr'><strong>ego</strong></span> <span class='ocrx_word' id='word_1_36' title='bbox 314 575 494 634; x_wconf 87' lang='lat' dir='ltr'><strong>virgines</strong></span> <span class='ocrx_word' id='word_1_37' title='bbox 514 575 698 618; x_wconf 86' lang='lat' dir='ltr'><strong>volentes</strong></span> <span class='ocrx_word' id='word_1_38' title='bbox 718 575 859 625; x_wconf 85' lang='lat' dir='ltr'><strong>velari,</strong></span> <span class='ocrx_word' id='word_1_39' title='bbox 881 589 988 631; x_wconf 81' lang='lat' dir='ltr'><strong>quae</strong></span> <span class='ocrx_word' id='word_1_40' title='bbox 1007 588 1051 617; x_wconf 88' lang='lat' dir='ltr'><strong>se</strong></span> <span class='ocrx_word' id='word_1_41' title='bbox 1077 573 1202 617; x_wconf 83' lang='lat' dir='ltr'><strong>etiam</strong></span> <span class='ocrx_word' id='word_1_42' title='bbox 1222 573 1403 630; x_wconf 85' lang='lat' dir='ltr'><strong>virgines</strong></span> <span class='ocrx_word' id='word_1_43' title='bbox 1430 587 1520 615; x_wconf 86' lang='lat' dir='ltr'><strong>esse</strong></span> <span class='ocrx_word' id='word_1_44' title='bbox 1548 587 1619 615; x_wconf 87' lang='lat' dir='ltr'><strong>ne-</strong></span> 
     </span>
     <span class='ocr_line' id='line_1_7' title="bbox 244 630 1618 689; baseline -0.003 -13"><span class='ocrx_word' id='word_1_45' title='bbox 244 647 317 676; x_wconf 86' lang='lat' dir='ltr'><strong>are</strong></span> <span class='ocrx_word' id='word_1_46' title='bbox 338 641 536 689; x_wconf 77' lang='lat' dir='ltr'><strong>poscunt,</strong></span> <span class='ocrx_word' id='word_1_47' title='bbox 567 632 627 675; x_wconf 87' lang='lat' dir='ltr'><strong>ita</strong></span> <span class='ocrx_word' id='word_1_48' title='bbox 656 633 764 675; x_wconf 87' lang='lat' dir='ltr'><strong>enim</strong></span> <span class='ocrx_word' id='word_1_49' title='bbox 795 632 1054 675; x_wconf 87' lang='lat' dir='ltr'><strong>scribendum</strong></span> <span class='ocrx_word' id='word_1_50' title='bbox 1085 636 1200 688; x_wconf 91' lang='lat' dir='ltr'><strong>puto,</strong></span> <span class='ocrx_word' id='word_1_51' title='bbox 1232 630 1340 674; x_wconf 89' lang='lat' dir='ltr'><strong>inter</strong></span> <span class='ocrx_word' id='word_1_52' title='bbox 1376 636 1526 687; x_wconf 89' lang='lat' dir='ltr'><strong>nuptas</strong></span> <span class='ocrx_word' id='word_1_53' title='bbox 1553 645 1618 672; x_wconf 88' lang='lat' dir='ltr'><strong>ce·</strong></span> 
     </span>
     <span class='ocr_line' id='line_1_8' title="bbox 214 648 1618 748; baseline -0.002 -15"><span class='ocrx_word' id='word_1_54' title='bbox 214 648 345 734; x_wconf 58' lang='lat' dir='ltr'><strong>fatae:</strong></span> <span class='ocrx_word' id='word_1_55' title='bbox 383 692 462 733; x_wconf 90' lang='lat' dir='ltr'><strong>hoc</strong></span> <span class='ocrx_word' id='word_1_56' title='bbox 492 691 613 733; x_wconf 90' lang='lat' dir='ltr'><strong>modo</strong></span> <span class='ocrx_word' id='word_1_57' title='bbox 642 690 844 748; x_wconf 84' lang='lat' dir='ltr'>ingloriae</span> <span class='ocrx_word' id='word_1_58' title='bbox 875 698 918 734; x_wconf 88' lang='lat' dir='ltr'><strong>et</strong></span> <span class='ocrx_word' id='word_1_59' title='bbox 949 690 1207 740; x_wconf 81' lang='lat' dir='ltr'><strong>obscuratae,</strong></span> <span class='ocrx_word' id='word_1_60' title='bbox 1239 688 1490 731; x_wconf 80' lang='lat' dir='ltr'><strong>conscientia</strong></span> <span class='ocrx_word' id='word_1_61' title='bbox 1519 702 1618 730; x_wconf 88' lang='lat' dir='ltr'><strong>vero</strong></span> 
     </span>
     <span class='ocr_line' id='line_1_9' title="bbox 215 746 1617 812; baseline -0.001 -22"><span class='ocrx_word' id='word_1_62' title='bbox 215 747 464 805; x_wconf 87' lang='lat' dir='ltr'><strong>virginitatis</strong></span> <span class='ocrx_word' id='word_1_63' title='bbox 493 763 591 791; x_wconf 87' lang='lat' dir='ltr'><strong>suae</strong></span> <span class='ocrx_word' id='word_1_64' title='bbox 620 749 733 805; x_wconf 87' lang='lat' dir='ltr'><strong>apud</strong></span> <span class='ocrx_word' id='word_1_65' title='bbox 753 749 888 790; x_wconf 90' lang='lat' dir='ltr'><strong>Deum</strong></span> <span class='ocrx_word' id='word_1_66' title='bbox 919 753 1149 791; x_wconf 73' lang='lat' dir='ltr'><strong>contentae.</strong></span> <span class='ocrx_word' id='word_1_67' title='bbox 1210 746 1283 789; x_wconf 89' lang='lat' dir='ltr'><strong>Ait</strong></span> <span class='ocrx_word' id='word_1_68' title='bbox 1312 752 1458 789; x_wconf 85' lang='lat' dir='ltr'><strong>auctor</strong></span> <span class='ocrx_word' id='word_1_69' title='bbox 1477 760 1617 812; x_wconf 86' lang='lat' dir='ltr'><strong>supra,</strong></span> 
     </span>
     <span class='ocr_line' id='line_1_10' title="bbox 216 803 1618 863; baseline -0.001 -16"><span class='ocrx_word' id='word_1_70' title='bbox 216 813 225 830; x_wconf 88' lang='lat'>‘</span> <span class='ocrx_word' id='word_1_71' title='bbox 250 807 364 848; x_wconf 87' lang='lat' dir='ltr'><strong>Bene</strong></span> <span class='ocrx_word' id='word_1_72' title='bbox 384 806 570 849; x_wconf 88' lang='lat' dir='ltr'><strong>mentiris</strong></span> <span class='ocrx_word' id='word_1_73' title='bbox 589 813 774 863; x_wconf 82' lang='lat' dir='ltr'><strong>nuptam,</strong></span> <span class='ocrx_word' id='word_1_74' title='bbox 791 805 822 847; x_wconf 86' lang='lat' dir='ltr'><strong>si</strong></span> <span class='ocrx_word' id='word_1_75' title='bbox 845 811 969 863; x_wconf 86' lang='lat' dir='ltr'><strong>caput</strong></span> <span class='ocrx_word' id='word_1_76' title='bbox 989 804 1124 848; x_wconf 63' lang='lat' dir='ltr'><strong>veles?</strong></span> <span class='ocrx_word' id='word_1_77' title='bbox 1175 805 1344 847; x_wconf 79' lang='lat' dir='ltr'><strong>Interea</strong></span> <span class='ocrx_word' id='word_1_78' title='bbox 1362 818 1440 861; x_wconf 89' lang='lat' dir='ltr'><strong>pro</strong></span> <span class='ocrx_word' id='word_1_79' title='bbox 1451 803 1618 846; x_wconf 80' lang='lat' dir='ltr'><strong>vocibus</strong></span> 
     </span>
     <span class='ocr_line' id='line_1_11' title="bbox 155 861 1619 928; baseline -0.003 -20"><span class='ocrx_word' id='word_1_80' title='bbox 155 865 262 910; x_wconf 75' lang='lat' dir='ltr'><strong>ioin</strong></span> <span class='ocrx_word' id='word_1_81' title='bbox 278 865 417 919; x_wconf 86' lang='lat' dir='ltr'><strong>fama</strong></span> <span class='ocrx_word' id='word_1_82' title='bbox 446 878 690 921; x_wconf 84' lang='lat' dir='ltr'><strong>reponerem</strong></span> <span class='ocrx_word' id='word_1_83' title='bbox 717 865 765 906; x_wconf 83' lang='lat' dir='ltr'><strong>in</strong></span> <span class='ocrx_word' id='word_1_84' title='bbox 791 865 996 919; x_wconf 80' lang='lat' dir='ltr'><strong>infamia,</strong></span> <span class='ocrx_word' id='word_1_85' title='bbox 1019 863 1096 913; x_wconf 86' lang='lat' dir='ltr'><strong>vel,</strong></span> <span class='ocrx_word' id='word_1_86' title='bbox 1117 863 1374 918; x_wconf 81' lang='lat' dir='ltr'><strong>infamatae,</strong></span> <span class='ocrx_word' id='word_1_87' title='bbox 1397 861 1508 928; x_wconf 70' lang='lat' dir='ltr'><strong>quod</strong></span> <span class='ocrx_word' id='word_1_88' title='bbox 1528 861 1619 918; x_wconf 91' lang='lat' dir='ltr'><strong>qui-</strong></span> 
     </span>
     <span class='ocr_line' id='line_1_12' title="bbox 215 919 1617 976; baseline -0.002 -12"><span class='ocrx_word' id='word_1_89' title='bbox 215 922 309 964; x_wconf 90' lang='lat' dir='ltr'><strong>dem</strong></span> <span class='ocrx_word' id='word_1_90' title='bbox 322 923 495 964; x_wconf 88' lang='lat' dir='ltr'><strong>verbum</strong></span> <span class='ocrx_word' id='word_1_91' title='bbox 515 922 643 964; x_wconf 87' lang='lat' dir='ltr'><strong>habet</strong></span> <span class='ocrx_word' id='word_1_92' title='bbox 661 928 805 964; x_wconf 84' lang='lat' dir='ltr'><strong>auctor</strong></span> <span class='ocrx_word' id='word_1_93' title='bbox 820 921 862 963; x_wconf 93' lang='lat' dir='ltr'><strong>in</strong></span> <span class='ocrx_word' id='word_1_94' title='bbox 882 921 952 964; x_wconf 92' lang='lat' dir='ltr'><strong>lib.</strong></span> <span class='ocrx_word' id='word_1_95' title='bbox 965 935 1039 963; x_wconf 90' lang='lat' dir='ltr'><strong>suo</strong></span> <span class='ocrx_word' id='word_1_96' title='bbox 1054 921 1107 963; x_wconf 92' lang='lat' dir='ltr'><strong>de</strong></span> <span class='ocrx_word' id='word_1_97' title='bbox 1121 920 1286 963; x_wconf 83' lang='lat' dir='ltr'><strong>Corona</strong></span> <span class='ocrx_word' id='word_1_98' title='bbox 1302 919 1458 969; x_wconf 79' lang='lat' dir='ltr'><strong>Militis,</strong></span> <span class='ocrx_word' id='word_1_99' title='bbox 1473 934 1564 976; x_wconf 85' lang='lat' dir='ltr'><strong>cap.</strong></span> <span class='ocrx_word' id='word_1_100' title='bbox 1577 919 1617 961; x_wconf 91' lang='lat'><strong>6.</strong></span> 
     </span>
     <span class='ocr_line' id='line_1_13' title="bbox 216 976 1619 1035; baseline -0.001 -15"><span class='ocrx_word' id='word_1_101' title='bbox 216 979 272 1022; x_wconf 86' lang='lat' dir='ltr'><strong>Et</strong></span> <span class='ocrx_word' id='word_1_102' title='bbox 293 979 482 1022; x_wconf 88' lang='lat' dir='ltr'><strong>convenit</strong></span> <span class='ocrx_word' id='word_1_103' title='bbox 501 994 592 1022; x_wconf 90' lang='lat' dir='ltr'><strong>cum</strong></span> <span class='ocrx_word' id='word_1_104' title='bbox 613 979 704 1026; x_wconf 79' lang='lat' dir='ltr'><strong>illis,</strong></span> <span class='ocrx_word' id='word_1_105' title='bbox 727 986 736 1002; x_wconf 82' lang='lat'><strong><em>⁴</em></strong></span> <span class='ocrx_word' id='word_1_106' title='bbox 759 994 857 1021; x_wconf 83' lang='lat' dir='ltr'><strong>suae</strong></span> <span class='ocrx_word' id='word_1_107' title='bbox 878 978 1149 1021; x_wconf 87' lang='lat' dir='ltr'><strong>conscientiae</strong></span> <span class='ocrx_word' id='word_1_108' title='bbox 1174 977 1286 1035; x_wconf 89' lang='lat' dir='ltr'><strong>apud</strong></span> <span class='ocrx_word' id='word_1_109' title='bbox 1308 978 1443 1020; x_wconf 90' lang='lat' dir='ltr'><strong>Deum</strong></span> <span class='ocrx_word' id='word_1_110' title='bbox 1467 976 1619 1020; x_wconf 88' lang='lat' dir='ltr'><strong>securi-</strong></span> 
     </span>
     <span class='ocr_line' id='line_1_14' title="bbox 214 1036 996 1094; baseline -0.001 -15"><span class='ocrx_word' id='word_1_111' title='bbox 214 1039 328 1085; x_wconf 86' lang='lat' dir='ltr'><strong>tate,’</strong></span> <span class='ocrx_word' id='word_1_112' title='bbox 350 1036 536 1094; x_wconf 91' lang='lat' dir='ltr'><strong>Apostoli</strong></span> <span class='ocrx_word' id='word_1_113' title='bbox 556 1037 659 1079; x_wconf 91' lang='lat' dir='ltr'><strong>illud</strong></span> <span class='ocrx_word' id='word_1_114' title='bbox 679 1037 801 1079; x_wconf 90' lang='lat' dir='ltr'><strong>Rom.</strong></span> <span class='ocrx_word' id='word_1_115' title='bbox 824 1036 905 1079; x_wconf 86' lang='lat' dir='ltr'><strong>xiv.</strong></span> <span class='ocrx_word' id='word_1_116' title='bbox 930 1048 996 1079; x_wconf 88' lang='lat'><strong>22.</strong></span> 
     </span>
     <span class='ocr_line' id='line_1_15' title="bbox 274 1092 1612 1150; baseline -0.001 -14"><span class='ocrx_word' id='word_1_117' title='bbox 274 1094 321 1136; x_wconf 90' lang='lat' dir='ltr'><strong>P.</strong></span> <span class='ocrx_word' id='word_1_118' title='bbox 349 1107 442 1149; x_wconf 92' lang='lat'><strong>117.</strong></span> <span class='ocrx_word' id='word_1_119' title='bbox 476 1095 502 1136; x_wconf 93' lang='lat' dir='ltr'><strong>l.</strong></span> <span class='ocrx_word' id='word_1_120' title='bbox 532 1108 542 1135; x_wconf 92' lang='grc' dir='ltr'>ι</span> <span class='ocrx_word' id='word_1_121' title='bbox 553 1107 593 1150; x_wconf 88' lang='lat'><strong>5.</strong></span> <span class='ocrx_word' id='word_1_122' title='bbox 626 1100 787 1136; x_wconf 85' lang='lat' dir='ltr'><strong>tantum</strong></span> <span class='ocrx_word' id='word_1_123' title='bbox 823 1093 971 1137; x_wconf 87' lang='lat' dir='ltr'><strong>notitia</strong></span> <span class='ocrx_word' id='word_1_124' title='bbox 1004 1093 1092 1150; x_wconf 86' lang='lat' dir='ltr'><strong>ejus</strong></span> <span class='ocrx_word' id='word_1_125' title='bbox 1126 1093 1319 1135; x_wconf 91' lang='lat' dir='ltr'><strong>nubendo</strong></span> <span class='ocrx_word' id='word_1_126' title='bbox 1354 1092 1491 1136; x_wconf 82' lang='lat' dir='ltr'><strong>velata</strong></span> <span class='ocrx_word' id='word_1_127' title='bbox 1529 1093 1612 1148; x_wconf 89' lang='lat' dir='ltr'><strong>est]</strong></span> 
     </span>
     <span class='ocr_line' id='line_1_16' title="bbox 156 1150 1620 1207; baseline -0.001 -14"><span class='ocrx_word' id='word_1_128' title='bbox 156 1165 202 1204; x_wconf 89' lang='lat'><strong>15</strong></span> <span class='ocrx_word' id='word_1_129' title='bbox 218 1152 391 1195; x_wconf 85' lang='lat' dir='ltr'><strong>Sensum</strong></span> <span class='ocrx_word' id='word_1_130' title='bbox 421 1152 498 1195; x_wconf 92' lang='lat' dir='ltr'><strong>loci</strong></span> <span class='ocrx_word' id='word_1_131' title='bbox 529 1152 751 1194; x_wconf 88' lang='lat' dir='ltr'><strong>ostendunt</strong></span> <span class='ocrx_word' id='word_1_132' title='bbox 771 1152 900 1195; x_wconf 77' lang='lat' dir='ltr'><strong>verba</strong></span> <span class='ocrx_word' id='word_1_133' title='bbox 930 1150 1174 1194; x_wconf 84' lang='lat' dir='ltr'><strong>Tertulliani</strong></span> <span class='ocrx_word' id='word_1_134' title='bbox 1204 1150 1244 1192; x_wconf 93' lang='lat' dir='ltr'><strong>in</strong></span> <span class='ocrx_word' id='word_1_135' title='bbox 1276 1150 1381 1192; x_wconf 91' lang='lat' dir='ltr'><strong>libro</strong></span> <span class='ocrx_word' id='word_1_136' title='bbox 1406 1150 1459 1193; x_wconf 89' lang='lat' dir='ltr'><strong>de</strong></span> <span class='ocrx_word' id='word_1_137' title='bbox 1480 1150 1620 1207; x_wconf 87' lang='lat' dir='ltr'><strong>Virgi-</strong></span> 
     </span>
     <span class='ocr_line' id='line_1_17' title="bbox 215 1207 1620 1275; baseline -0.001 -23"><span class='ocrx_word' id='word_1_138' title='bbox 215 1209 336 1252; x_wconf 85' lang='lat' dir='ltr'><strong>nibus</strong></span> <span class='ocrx_word' id='word_1_139' title='bbox 357 1210 554 1252; x_wconf 87' lang='lat' dir='ltr'><strong>Velandis</strong></span> <span class='ocrx_word' id='word_1_140' title='bbox 578 1224 668 1266; x_wconf 90' lang='lat' dir='ltr'><strong>cap.</strong></span> <span class='ocrx_word' id='word_1_141' title='bbox 698 1223 756 1251; x_wconf 91' lang='grc' dir='ltr'><strong>ιι.</strong></span> <span class='ocrx_word' id='word_1_142' title='bbox 820 1216 832 1235; x_wconf 89' lang='lat'>‘</span> <span class='ocrx_word' id='word_1_143' title='bbox 853 1209 1047 1252; x_wconf 81' lang='lat' dir='ltr'><strong>Ostendit</strong></span> <span class='ocrx_word' id='word_1_144' title='bbox 1076 1208 1184 1251; x_wconf 89' lang='lat' dir='ltr'><strong>enim</strong></span> <span class='ocrx_word' id='word_1_145' title='bbox 1215 1207 1342 1250; x_wconf 85' lang='lat' dir='ltr'><strong>etiam</strong></span> <span class='ocrx_word' id='word_1_146' title='bbox 1371 1208 1537 1275; x_wconf 81' lang='lat' dir='ltr'><strong>nuptias</strong></span> <span class='ocrx_word' id='word_1_147' title='bbox 1566 1208 1620 1250; x_wconf 84' lang='lat' dir='ltr'><strong>de</strong></span> 
     </span>
     <span class='ocr_line' id='line_1_18' title="bbox 218 1266 1620 1324; baseline -0.002 -14"><span class='ocrx_word' id='word_1_148' title='bbox 218 1274 231 1293; x_wconf 90' lang='lat'>‘</span> <span class='ocrx_word' id='word_1_149' title='bbox 252 1273 423 1324; x_wconf 85' lang='lat' dir='ltr'><strong>aspectu</strong></span> <span class='ocrx_word' id='word_1_150' title='bbox 457 1274 500 1310; x_wconf 89' lang='lat' dir='ltr'><strong>et</strong></span> <span class='ocrx_word' id='word_1_151' title='bbox 529 1267 666 1310; x_wconf 87' lang='lat' dir='ltr'><strong>animo</strong></span> <span class='ocrx_word' id='word_1_152' title='bbox 696 1267 799 1316; x_wconf 86' lang='lat' dir='ltr'><strong>fieri,</strong></span> <span class='ocrx_word' id='word_1_153' title='bbox 830 1266 1174 1324; x_wconf 85' lang='lat' dir='ltr'><strong>quemadmodum</strong></span> <span class='ocrx_word' id='word_1_154' title='bbox 1209 1272 1370 1322; x_wconf 85' lang='lat' dir='ltr'><strong>stupra,</strong></span> <span class='ocrx_word' id='word_1_155' title='bbox 1402 1266 1478 1308; x_wconf 90' lang='lat' dir='ltr'><strong>msi</strong></span> <span class='ocrx_word' id='word_1_156' title='bbox 1508 1266 1620 1322; x_wconf 90' lang='lat' dir='ltr'><strong>quod</strong></span> 
     </span>
     <span class='ocr_line' id='line_1_19' title="bbox 218 1323 1620 1381; baseline -0.002 -13"><span class='ocrx_word' id='word_1_157' title='bbox 218 1332 227 1348; x_wconf 93' lang='lat'>‘</span> <span class='ocrx_word' id='word_1_158' title='bbox 250 1325 374 1368; x_wconf 80' lang='lat' dir='ltr'><strong>etiam</strong></span> <span class='ocrx_word' id='word_1_159' title='bbox 402 1325 631 1368; x_wconf 86' lang='lat' dir='ltr'><strong>Rebeccam</strong></span> <span class='ocrx_word' id='word_1_160' title='bbox 661 1324 827 1381; x_wconf 86' lang='lat' dir='ltr'><strong>quidam</strong></span> <span class='ocrx_word' id='word_1_161' title='bbox 855 1324 992 1367; x_wconf 89' lang='lat' dir='ltr'><strong>adhuc</strong></span> <span class='ocrx_word' id='word_1_162' title='bbox 1019 1324 1186 1366; x_wconf 88' lang='lat' dir='ltr'><strong>velant.’</strong></span> <span class='ocrx_word' id='word_1_163' title='bbox 1254 1323 1332 1366; x_wconf 89' lang='lat' dir='ltr'><strong>Ubi</strong></span> <span class='ocrx_word' id='word_1_164' title='bbox 1363 1324 1517 1381; x_wconf 88' lang='lat' dir='ltr'><strong>optime</strong></span> <span class='ocrx_word' id='word_1_165' title='bbox 1547 1324 1620 1366; x_wconf 78' lang='lat' dir='ltr'><strong>ad-</strong></span> 
     </span>
     <span class='ocr_line' id='line_1_20' title="bbox 216 1380 1618 1439; baseline -0.001 -15"><span class='ocrx_word' id='word_1_166' title='bbox 216 1388 386 1426; x_wconf 86' lang='lat' dir='ltr'><strong>notatur</strong></span> <span class='ocrx_word' id='word_1_167' title='bbox 401 1383 442 1425; x_wconf 93' lang='lat' dir='ltr'><strong>in</strong></span> <span class='ocrx_word' id='word_1_168' title='bbox 459 1383 557 1426; x_wconf 90' lang='lat' dir='ltr'><strong>edit.</strong></span> <span class='ocrx_word' id='word_1_169' title='bbox 580 1382 765 1432; x_wconf 85' lang='lat' dir='ltr'><strong>Halensi,</strong></span> <span class='ocrx_word' id='word_1_170' title='bbox 784 1388 810 1407; x_wconf 79' lang='lat'><strong>‘⁶</strong></span> <span class='ocrx_word' id='word_1_171' title='bbox 823 1383 1068 1431; x_wconf 88' lang='lat' dir='ltr'><strong>Rebeccam,</strong></span> <span class='ocrx_word' id='word_1_172' title='bbox 1082 1380 1283 1439; x_wconf 87' lang='lat' dir='ltr'><strong>virginem</strong></span> <span class='ocrx_word' id='word_1_173' title='bbox 1305 1381 1591 1438; x_wconf 85' lang='lat' dir='ltr'><strong>desponsatam</strong></span> <span class='ocrx_word' id='word_1_174' title='bbox 1608 1397 1618 1430; x_wconf 91' lang='lat'>;</span> 
     </span>
     <span class='ocr_line' id='line_1_21' title="bbox 155 1439 1618 1488; baseline -0.001 -6"><span class='ocrx_word' id='word_1_175' title='bbox 155 1456 204 1482; x_wconf 82' lang='lat'><strong>20</strong></span> <span class='ocrx_word' id='word_1_176' title='bbox 219 1447 242 1464; x_wconf 89' lang='lat'><strong>“</strong></span> <span class='ocrx_word' id='word_1_177' title='bbox 263 1440 337 1483; x_wconf 90' lang='lat' dir='ltr'><strong>sed</strong></span> <span class='ocrx_word' id='word_1_178' title='bbox 370 1440 492 1483; x_wconf 85' lang='lat' dir='ltr'><strong>aliam</strong></span> <span class='ocrx_word' id='word_1_179' title='bbox 523 1455 605 1483; x_wconf 91' lang='lat' dir='ltr'><strong>non</strong></span> <span class='ocrx_word' id='word_1_180' title='bbox 635 1440 811 1482; x_wconf 85' lang='lat' dir='ltr'><strong>velant.&#39;&#39;</strong></span> <span class='ocrx_word' id='word_1_181' title='bbox 870 1440 1082 1483; x_wconf 77' lang='lat' dir='ltr'><strong>Nubendo</strong></span> <span class='ocrx_word' id='word_1_182' title='bbox 1114 1439 1191 1481; x_wconf 85' lang='lat' dir='ltr'><strong>hoc</strong></span> <span class='ocrx_word' id='word_1_183' title='bbox 1224 1439 1324 1488; x_wconf 91' lang='lat' dir='ltr'><strong>loco,</strong></span> <span class='ocrx_word' id='word_1_184' title='bbox 1355 1448 1403 1482; x_wconf 84' lang='lat' dir='ltr'><strong>ut</strong></span> <span class='ocrx_word' id='word_1_185' title='bbox 1433 1439 1618 1488; x_wconf 77' lang='lat' dir='ltr'><strong>nuberet,</strong></span> 
     </span>
     <span class='ocr_line' id='line_1_22' title="bbox 216 1497 432 1541; baseline 0.005 -1"><span class='ocrx_word' id='word_1_186' title='bbox 216 1497 248 1540; x_wconf 86' lang='lat' dir='ltr'><strong>si</strong></span> <span class='ocrx_word' id='word_1_187' title='bbox 282 1497 432 1541; x_wconf 86' lang='lat' dir='ltr'><strong>nificat.</strong></span> 
     </span>
     <span class='ocr_line' id='line_1_23' title="bbox 251 1513 1618 1610; baseline 0 -13"><span class='ocrx_word' id='word_1_188' title='bbox 251 1513 380 1598; x_wconf 86' lang='lat' dir='ltr'><strong>gIbid.</strong></span> <span class='ocrx_word' id='word_1_189' title='bbox 411 1556 438 1598; x_wconf 94' lang='lat'><strong>1.</strong></span> <span class='ocrx_word' id='word_1_190' title='bbox 466 1567 534 1598; x_wconf 91' lang='lat'><strong>20.</strong></span> <span class='ocrx_word' id='word_1_191' title='bbox 575 1569 758 1597; x_wconf 85' lang='lat' dir='ltr'><strong>caussam</strong></span> <span class='ocrx_word' id='word_1_192' title='bbox 799 1554 924 1608; x_wconf 89' lang='lat' dir='ltr'><strong>dicat]</strong></span> <span class='ocrx_word' id='word_1_193' title='bbox 971 1554 1011 1596; x_wconf 91' lang='lat' dir='ltr'><strong>h.</strong></span> <span class='ocrx_word' id='word_1_194' title='bbox 1044 1569 1079 1596; x_wconf 89' lang='lat' dir='ltr'><strong>e.</strong></span> <span class='ocrx_word' id='word_1_195' title='bbox 1121 1544 1326 1610; x_wconf 74' lang='lat' dir='ltr'><strong>culpetur,</strong></span> <span class='ocrx_word' id='word_1_196' title='bbox 1367 1554 1618 1610; x_wconf 89' lang='lat' dir='ltr'><strong>reprehendi</strong></span> 
     </span>
     <span class='ocr_line' id='line_1_24' title="bbox 216 1613 359 1656; baseline -0.007 0"><span class='ocrx_word' id='word_1_197' title='bbox 216 1613 359 1656; x_wconf 85' lang='lat' dir='ltr'><strong>soleat.</strong></span> 
     </span>
    </p>

    <p class='ocr_par' dir='ltr' id='par_1_3' title="bbox 275 1666 1619 1726">
     <span class='ocr_line' id='line_1_25' title="bbox 275 1666 1619 1726; baseline -0.001 -12"><span class='ocrx_word' id='word_1_198' title='bbox 275 1670 381 1714; x_wconf 92' lang='lat' dir='ltr'><strong>Ibid.</strong></span> <span class='ocrx_word' id='word_1_199' title='bbox 409 1671 436 1712; x_wconf 90' lang='lat' dir='ltr'><strong>l.</strong></span> <span class='ocrx_word' id='word_1_200' title='bbox 460 1683 525 1726; x_wconf 84' lang='lat'><strong>23.</strong></span> <span class='ocrx_word' id='word_1_201' title='bbox 557 1670 643 1712; x_wconf 88' lang='lat' dir='ltr'><strong>solo</strong></span> <span class='ocrx_word' id='word_1_202' title='bbox 674 1670 740 1712; x_wconf 89' lang='lat' dir='ltr'><strong>die</strong></span> <span class='ocrx_word' id='word_1_203' title='bbox 766 1669 980 1712; x_wconf 89' lang='lat' dir='ltr'><strong>Dominico</strong></span> <span class='ocrx_word' id='word_1_204' title='bbox 1010 1666 1344 1726; x_wconf 85' lang='lat' dir='ltr'><strong>resurrectionis]</strong></span> <span class='ocrx_word' id='word_1_205' title='bbox 1377 1669 1619 1726; x_wconf 85' lang='lat' dir='ltr'><strong>Legendum</strong></span> 
     </span>
    </p>

    <p class='ocr_par' dir='ltr' id='par_1_4' title="bbox 156 1726 1620 1841">
     <span class='ocr_line' id='line_1_26' title="bbox 156 1726 1620 1784; baseline -0.001 -13"><span class='ocrx_word' id='word_1_206' title='bbox 156 1742 203 1781; x_wconf 82' lang='lat'><strong>25</strong></span> <span class='ocrx_word' id='word_1_207' title='bbox 217 1729 483 1772; x_wconf 77' lang='lat' dir='ltr'><strong>Dominicae.</strong></span> <span class='ocrx_word' id='word_1_208' title='bbox 547 1728 614 1771; x_wconf 90' lang='lat' dir='ltr'><strong>De</strong></span> <span class='ocrx_word' id='word_1_209' title='bbox 633 1742 748 1771; x_wconf 88' lang='lat' dir='ltr'><strong>more</strong></span> <span class='ocrx_word' id='word_1_210' title='bbox 766 1727 856 1784; x_wconf 89' lang='lat' dir='ltr'><strong>ipso</strong></span> <span class='ocrx_word' id='word_1_211' title='bbox 876 1726 1025 1770; x_wconf 81' lang='lat' dir='ltr'><strong>videsis</strong></span> <span class='ocrx_word' id='word_1_212' title='bbox 1052 1732 1189 1769; x_wconf 85' lang='lat' dir='ltr'><strong>notam</strong></span> <span class='ocrx_word' id='word_1_213' title='bbox 1211 1727 1267 1770; x_wconf 87' lang='lat' dir='ltr'><strong>ad</strong></span> <span class='ocrx_word' id='word_1_214' title='bbox 1288 1727 1332 1770; x_wconf 88' lang='lat' dir='ltr'><strong>S.</strong></span> <span class='ocrx_word' id='word_1_215' title='bbox 1358 1727 1473 1770; x_wconf 88' lang='lat' dir='ltr'><strong>Petri</strong></span> <span class='ocrx_word' id='word_1_216' title='bbox 1495 1727 1620 1770; x_wconf 86' lang='lat' dir='ltr'><strong>Alex-</strong></span> 
     </span>
     <span class='ocr_line' id='line_1_27' title="bbox 216 1783 1484 1841; baseline -0.001 -13"><span class='ocrx_word' id='word_1_217' title='bbox 216 1785 380 1828; x_wconf 87' lang='lat' dir='ltr'><strong>andrini</strong></span> <span class='ocrx_word' id='word_1_218' title='bbox 402 1786 612 1831; x_wconf 88' lang='lat' dir='ltr'><strong>Canonem</strong></span> <span class='ocrx_word' id='word_1_219' title='bbox 631 1785 707 1828; x_wconf 92' lang='lat' dir='ltr'><strong>ult.</strong></span> <span class='ocrx_word' id='word_1_220' title='bbox 729 1785 772 1827; x_wconf 91' lang='lat' dir='ltr'><strong>in</strong></span> <span class='ocrx_word' id='word_1_221' title='bbox 792 1785 871 1828; x_wconf 89' lang='lat' dir='ltr'><strong>vol.</strong></span> <span class='ocrx_word' id='word_1_222' title='bbox 892 1799 947 1826; x_wconf 81' lang='lat' dir='ltr'><strong>iv.</strong></span> <span class='ocrx_word' id='word_1_223' title='bbox 971 1783 1197 1840; x_wconf 84' lang='lat' dir='ltr'><strong>Reliquiar.</strong></span> <span class='ocrx_word' id='word_1_224' title='bbox 1221 1784 1337 1828; x_wconf 82' lang='lat' dir='ltr'><strong>Sacr.</strong></span> <span class='ocrx_word' id='word_1_225' title='bbox 1360 1799 1399 1841; x_wconf 92' lang='lat' dir='ltr'><strong>p.</strong></span> <span class='ocrx_word' id='word_1_226' title='bbox 1415 1799 1484 1841; x_wconf 86' lang='lat'><strong>45.</strong></span> 
     </span>
    </p>

    <p class='ocr_par' dir='ltr' id='par_1_5' title="bbox 212 1841 1620 2015">
     <span class='ocr_line' id='line_1_28' title="bbox 277 1841 1619 1899; baseline -0.001 -13"><span class='ocrx_word' id='word_1_227' title='bbox 277 1843 383 1886; x_wconf 93' lang='lat' dir='ltr'><strong>Ibid.</strong></span> <span class='ocrx_word' id='word_1_228' title='bbox 413 1844 439 1886; x_wconf 93' lang='lat' dir='ltr'><strong>l.</strong></span> <span class='ocrx_word' id='word_1_229' title='bbox 460 1855 526 1895; x_wconf 89' lang='lat'><strong>24.</strong></span> <span class='ocrx_word' id='word_1_230' title='bbox 559 1843 633 1885; x_wconf 89' lang='lat' dir='ltr'><strong>sed</strong></span> <span class='ocrx_word' id='word_1_231' title='bbox 663 1842 773 1885; x_wconf 88' lang='lat' dir='ltr'><strong>omni</strong></span> <span class='ocrx_word' id='word_1_232' title='bbox 806 1842 1028 1885; x_wconf 83' lang='lat' dir='ltr'><strong>anxietatis</strong></span> <span class='ocrx_word' id='word_1_233' title='bbox 1058 1841 1221 1899; x_wconf 85' lang='lat' dir='ltr'><strong>habitu]</strong></span> <span class='ocrx_word' id='word_1_234' title='bbox 1258 1841 1497 1884; x_wconf 83' lang='lat' dir='ltr'><strong>Desiderari</strong></span> <span class='ocrx_word' id='word_1_235' title='bbox 1527 1843 1619 1886; x_wconf 90' lang='lat' dir='ltr'><strong>heic</strong></span> 
     </span>
     <span class='ocr_line' id='line_1_29' title="bbox 219 1900 1620 1956; baseline 0.001 -13"><span class='ocrx_word' id='word_1_236' title='bbox 219 1901 390 1943; x_wconf 90' lang='lat' dir='ltr'><strong>verbum</strong></span> <span class='ocrx_word' id='word_1_237' title='bbox 426 1902 638 1944; x_wconf 69' lang='lat' dir='ltr'><strong>abstinere</strong></span> <span class='ocrx_word' id='word_1_238' title='bbox 676 1900 776 1942; x_wconf 88' lang='lat' dir='ltr'><strong>mihi</strong></span> <span class='ocrx_word' id='word_1_239' title='bbox 807 1900 984 1943; x_wconf 87' lang='lat' dir='ltr'><strong>videtur.</strong></span> <span class='ocrx_word' id='word_1_240' title='bbox 1051 1900 1188 1951; x_wconf 86' lang='lat' dir='ltr'><strong>Quum</strong></span> <span class='ocrx_word' id='word_1_241' title='bbox 1228 1914 1340 1956; x_wconf 89' lang='lat' dir='ltr'><strong>genu</strong></span> <span class='ocrx_word' id='word_1_242' title='bbox 1373 1900 1542 1943; x_wconf 86' lang='lat' dir='ltr'><strong>flectere</strong></span> <span class='ocrx_word' id='word_1_243' title='bbox 1575 1908 1620 1944; x_wconf 89' lang='lat' dir='ltr'><strong>et</strong></span> 
     </span>
     <span class='ocr_line' id='line_1_30' title="bbox 212 1956 1619 2015; baseline 0.001 -15"><span class='ocrx_word' id='word_1_244' title='bbox 212 1958 404 2015; x_wconf 85' lang='lat' dir='ltr'><strong>jejunare</strong></span> <span class='ocrx_word' id='word_1_245' title='bbox 424 1957 668 2001; x_wconf 87' lang='lat' dir='ltr'><strong>moestitiam</strong></span> <span class='ocrx_word' id='word_1_246' title='bbox 694 1964 819 2014; x_wconf 90' lang='lat' dir='ltr'><strong>atque</strong></span> <span class='ocrx_word' id='word_1_247' title='bbox 848 1956 1142 2015; x_wconf 89' lang='lat' dir='ltr'><strong>poenitentiam</strong></span> <span class='ocrx_word' id='word_1_248' title='bbox 1163 1957 1386 2014; x_wconf 87' lang='lat' dir='ltr'><strong>spirarent,</strong></span> <span class='ocrx_word' id='word_1_249' title='bbox 1402 1958 1619 2001; x_wconf 89' lang='lat' dir='ltr'><strong>Dominico</strong></span> 
     </span>
    </p>

    <p class='ocr_par' dir='ltr' id='par_1_6' title="bbox 154 2015 1619 2182">
     <span class='ocr_line' id='line_1_31' title="bbox 154 2015 1617 2072; baseline -0.001 -13"><span class='ocrx_word' id='word_1_250' title='bbox 154 2034 206 2070; x_wconf 84' lang='lat'><strong>30</strong></span> <span class='ocrx_word' id='word_1_251' title='bbox 217 2016 297 2066; x_wconf 88' lang='lat' dir='ltr'><strong>die,</strong></span> <span class='ocrx_word' id='word_1_252' title='bbox 319 2030 467 2072; x_wconf 87' lang='lat' dir='ltr'><strong>nempe</strong></span> <span class='ocrx_word' id='word_1_253' title='bbox 497 2015 781 2058; x_wconf 81' lang='lat' dir='ltr'><strong>exsultationis</strong></span> <span class='ocrx_word' id='word_1_254' title='bbox 811 2015 890 2065; x_wconf 90' lang='lat' dir='ltr'><strong>die,</strong></span> <span class='ocrx_word' id='word_1_255' title='bbox 911 2015 1200 2058; x_wconf 87' lang='lat' dir='ltr'><strong>abstinendum</strong></span> <span class='ocrx_word' id='word_1_256' title='bbox 1230 2015 1284 2058; x_wconf 89' lang='lat' dir='ltr'><strong>ab</strong></span> <span class='ocrx_word' id='word_1_257' title='bbox 1311 2030 1360 2057; x_wconf 91' lang='lat' dir='ltr'><strong>eo</strong></span> <span class='ocrx_word' id='word_1_258' title='bbox 1390 2030 1505 2058; x_wconf 89' lang='lat' dir='ltr'><strong>more</strong></span> <span class='ocrx_word' id='word_1_259' title='bbox 1525 2016 1617 2060; x_wconf 81' lang='lat' dir='ltr'><strong>fuit.</strong></span> 
     </span>
     <span class='ocr_line' id='line_1_32' title="bbox 218 2073 1619 2129; baseline 0 -13"><span class='ocrx_word' id='word_1_260' title='bbox 218 2073 548 2117; x_wconf 87' lang='lat' dir='ltr'><strong>MURATORI.</strong></span> <span class='ocrx_word' id='word_1_261' title='bbox 608 2073 713 2116; x_wconf 89' lang='lat' dir='ltr'><strong>Mihi</strong></span> <span class='ocrx_word' id='word_1_262' title='bbox 733 2073 912 2129; x_wconf 82' lang='lat' dir='ltr'><strong>quidem,</strong></span> <span class='ocrx_word' id='word_1_263' title='bbox 934 2087 1072 2115; x_wconf 86' lang='lat' dir='ltr'><strong>vocem</strong></span> <span class='ocrx_word' id='word_1_264' title='bbox 1101 2074 1233 2129; x_wconf 81' lang='lat' dir='ltr'><strong>officio</strong></span> <span class='ocrx_word' id='word_1_265' title='bbox 1262 2087 1339 2129; x_wconf 89' lang='lat' dir='ltr'><strong>pro</strong></span> <span class='ocrx_word' id='word_1_266' title='bbox 1363 2075 1502 2129; x_wconf 81' lang='lat' dir='ltr'><strong>officia</strong></span> <span class='ocrx_word' id='word_1_267' title='bbox 1522 2075 1619 2116; x_wconf 90' lang='lat' dir='ltr'><strong>sub-</strong></span> 
     </span>
     <span class='ocr_line' id='line_1_33' title="bbox 217 2130 1441 2182; baseline -0.002 -7"><span class='ocrx_word' id='word_1_268' title='bbox 217 2131 418 2182; x_wconf 70' lang='lat' dir='ltr'><strong>stituenffi,</strong></span> <span class='ocrx_word' id='word_1_269' title='bbox 440 2131 596 2174; x_wconf 91' lang='lat' dir='ltr'><strong>nullum</strong></span> <span class='ocrx_word' id='word_1_270' title='bbox 617 2131 787 2174; x_wconf 89' lang='lat' dir='ltr'><strong>verbum</strong></span> <span class='ocrx_word' id='word_1_271' title='bbox 809 2130 1038 2174; x_wconf 86' lang='lat' dir='ltr'><strong>desiderari</strong></span> <span class='ocrx_word' id='word_1_272' title='bbox 1058 2131 1135 2173; x_wconf 90' lang='lat' dir='ltr'><strong>hoc</strong></span> <span class='ocrx_word' id='word_1_273' title='bbox 1155 2130 1242 2172; x_wconf 92' lang='lat' dir='ltr'><strong>loco</strong></span> <span class='ocrx_word' id='word_1_274' title='bbox 1264 2130 1441 2173; x_wconf 84' lang='lat' dir='ltr'><strong>videtur.</strong></span> 
     </span>
    </p>

    <p class='ocr_par' dir='ltr' id='par_1_7' title="bbox 219 2188 1620 2304">
     <span class='ocr_line' id='line_1_34' title="bbox 277 2188 1620 2246; baseline 0.001 -15"><span class='ocrx_word' id='word_1_275' title='bbox 277 2189 382 2232; x_wconf 92' lang='lat' dir='ltr'><strong>Ibid.</strong></span> <span class='ocrx_word' id='word_1_276' title='bbox 400 2189 425 2231; x_wconf 91' lang='lat' dir='ltr'><strong>l.</strong></span> <span class='ocrx_word' id='word_1_277' title='bbox 450 2199 517 2244; x_wconf 88' lang='lat'><strong>27.</strong></span> <span class='ocrx_word' id='word_1_278' title='bbox 539 2203 646 2245; x_wconf 84' lang='lat' dir='ltr'><strong>quae</strong></span> <span class='ocrx_word' id='word_1_279' title='bbox 666 2189 809 2231; x_wconf 83' lang='lat' dir='ltr'><strong>eadem</strong></span> <span class='ocrx_word' id='word_1_280' title='bbox 830 2188 1114 2231; x_wconf 84' lang='lat' dir='ltr'><strong>exsultationis</strong></span> <span class='ocrx_word' id='word_1_281' title='bbox 1133 2188 1432 2231; x_wconf 85' lang='lat' dir='ltr'><strong>solemnitatem</strong></span> <span class='ocrx_word' id='word_1_282' title='bbox 1454 2188 1620 2246; x_wconf 86' lang='lat' dir='ltr'><strong>dispun-</strong></span> 
     </span>
     <span class='ocr_line' id='line_1_35' title="bbox 219 2246 1619 2304; baseline 0 -16"><span class='ocrx_word' id='word_1_283' title='bbox 219 2247 374 2304; x_wconf 87' lang='lat' dir='ltr'><strong>gimur]</strong></span> <span class='ocrx_word' id='word_1_284' title='bbox 412 2246 603 2289; x_wconf 84' lang='lat' dir='ltr'><strong>Diximus</strong></span> <span class='ocrx_word' id='word_1_285' title='bbox 626 2251 669 2289; x_wconf 85' lang='lat' dir='ltr'><strong>et</strong></span> <span class='ocrx_word' id='word_1_286' title='bbox 691 2246 734 2288; x_wconf 93' lang='lat' dir='ltr'><strong>in</strong></span> <span class='ocrx_word' id='word_1_287' title='bbox 756 2247 999 2289; x_wconf 88' lang='lat' dir='ltr'><strong>Pentecoste</strong></span> <span class='ocrx_word' id='word_1_288' title='bbox 1027 2261 1164 2303; x_wconf 88' lang='lat' dir='ltr'><strong>genua</strong></span> <span class='ocrx_word' id='word_1_289' title='bbox 1187 2260 1270 2288; x_wconf 92' lang='lat' dir='ltr'><strong>non</strong></span> <span class='ocrx_word' id='word_1_290' title='bbox 1293 2246 1456 2289; x_wconf 88' lang='lat' dir='ltr'><strong>flexisse</strong></span> <span class='ocrx_word' id='word_1_291' title='bbox 1480 2247 1619 2289; x_wconf 88' lang='lat' dir='ltr'><strong>Chris-</strong></span> 
     </span>
    </p>

    <p class='ocr_par' dir='ltr' id='par_1_8' title="bbox 155 2303 1620 2590">
     <span class='ocr_line' id='line_1_36' title="bbox 155 2303 1620 2362; baseline 0.001 -16"><span class='ocrx_word' id='word_1_292' title='bbox 155 2320 204 2359; x_wconf 88' lang='lat'><strong>35</strong></span> <span class='ocrx_word' id='word_1_293' title='bbox 219 2304 364 2347; x_wconf 88' lang='lat' dir='ltr'><strong>tianos.</strong></span> <span class='ocrx_word' id='word_1_294' title='bbox 424 2303 573 2347; x_wconf 89' lang='lat' dir='ltr'><strong>Nescio</strong></span> <span class='ocrx_word' id='word_1_295' title='bbox 602 2319 656 2346; x_wconf 87' lang='lat' dir='ltr'><strong>an</strong></span> <span class='ocrx_word' id='word_1_296' title='bbox 685 2304 931 2362; x_wconf 86' lang='lat' dir='ltr'><strong>legendum:</strong></span> <span class='ocrx_word' id='word_1_297' title='bbox 962 2318 1068 2360; x_wconf 83' lang='lat' dir='ltr'><strong>quae</strong></span> <span class='ocrx_word' id='word_1_298' title='bbox 1089 2304 1232 2346; x_wconf 86' lang='lat' dir='ltr'><strong>eadem</strong></span> <span class='ocrx_word' id='word_1_299' title='bbox 1254 2304 1538 2347; x_wconf 84' lang='lat' dir='ltr'><strong>exsultationis</strong></span> <span class='ocrx_word' id='word_1_300' title='bbox 1557 2321 1620 2348; x_wconf 83' lang='lat'><strong>80-</strong></span> 
     </span>
     <span class='ocr_line' id='line_1_37' title="bbox 221 2361 1620 2419; baseline 0.001 -14"><span class='ocrx_word' id='word_1_301' title='bbox 221 2364 419 2405; x_wconf 77' lang='lat' dir='ltr'><strong>lemm&#39;tas</strong></span> <span class='ocrx_word' id='word_1_302' title='bbox 447 2370 521 2412; x_wconf 77' lang='lat' dir='ltr'><strong>est,</strong></span> <span class='ocrx_word' id='word_1_303' title='bbox 552 2363 864 2419; x_wconf 49' lang='lat' dir='ltr'><strong>dtspunyimus.</strong></span> <span class='ocrx_word' id='word_1_304' title='bbox 927 2362 977 2404; x_wconf 91' lang='lat' dir='ltr'><strong>In</strong></span> <span class='ocrx_word' id='word_1_305' title='bbox 1006 2361 1076 2404; x_wconf 90' lang='lat' dir='ltr'><strong>lib.</strong></span> <span class='ocrx_word' id='word_1_306' title='bbox 1099 2362 1151 2404; x_wconf 93' lang='lat' dir='ltr'><strong>de</strong></span> <span class='ocrx_word' id='word_1_307' title='bbox 1179 2361 1386 2404; x_wconf 87' lang='lat' dir='ltr'><strong>Patientia</strong></span> <span class='ocrx_word' id='word_1_308' title='bbox 1414 2365 1620 2418; x_wconf 60' lang='lat' dir='ltr'><strong>expunxit</strong></span> 
     </span>
     <span class='ocr_line' id='line_1_38' title="bbox 219 2419 1620 2476; baseline 0.001 -14"><span class='ocrx_word' id='word_1_309' title='bbox 219 2434 295 2476; x_wconf 93' lang='lat' dir='ltr'><strong>pro</strong></span> <span class='ocrx_word' id='word_1_310' title='bbox 308 2421 536 2476; x_wconf 76' lang='lat' dir='ltr'><strong>praestitit</strong></span> <span class='ocrx_word' id='word_1_311' title='bbox 552 2425 793 2476; x_wconf 83' lang='lat' dir='ltr'><strong>usurpatum</strong></span> <span class='ocrx_word' id='word_1_312' title='bbox 813 2426 876 2462; x_wconf 87' lang='lat' dir='ltr'><strong>est</strong></span> <span class='ocrx_word' id='word_1_313' title='bbox 895 2435 922 2462; x_wconf 85' lang='lat' dir='ltr'><strong>a</strong></span> <span class='ocrx_word' id='word_1_314' title='bbox 941 2419 1222 2470; x_wconf 88' lang='lat' dir='ltr'><strong>Tertulliano;</strong></span> <span class='ocrx_word' id='word_1_315' title='bbox 1244 2425 1287 2461; x_wconf 89' lang='lat' dir='ltr'><strong>et</strong></span> <span class='ocrx_word' id='word_1_316' title='bbox 1307 2421 1539 2475; x_wconf 69' lang='lat' dir='ltr'><strong>dispuncta</strong></span> <span class='ocrx_word' id='word_1_317' title='bbox 1560 2429 1620 2463; x_wconf 73' lang='lat' dir='ltr'><strong>est</strong></span> 
     </span>
     <span class='ocr_line' id='line_1_39' title="bbox 219 2477 1619 2534; baseline -0.001 -15"><span class='ocrx_word' id='word_1_318' title='bbox 219 2492 296 2534; x_wconf 90' lang='lat' dir='ltr'><strong>pro</strong></span> <span class='ocrx_word' id='word_1_319' title='bbox 315 2478 514 2520; x_wconf 81' lang='lat' dir='ltr'><strong>absoluta</strong></span> <span class='ocrx_word' id='word_1_320' title='bbox 534 2491 622 2534; x_wconf 87' lang='lat' dir='ltr'><strong>cap.</strong></span> <span class='ocrx_word' id='word_1_321' title='bbox 643 2491 670 2532; x_wconf 87' lang='lat'><em>5</em></span> <span class='ocrx_word' id='word_1_322' title='bbox 692 2478 744 2520; x_wconf 90' lang='lat' dir='ltr'><strong>de</strong></span> <span class='ocrx_word' id='word_1_323' title='bbox 766 2477 902 2520; x_wconf 85' lang='lat' dir='ltr'><strong>Carne</strong></span> <span class='ocrx_word' id='word_1_324' title='bbox 924 2477 1104 2527; x_wconf 88' lang='lat' dir='ltr'><strong>Christi;</strong></span> <span class='ocrx_word' id='word_1_325' title='bbox 1135 2484 1178 2520; x_wconf 89' lang='lat' dir='ltr'><strong>et</strong></span> <span class='ocrx_word' id='word_1_326' title='bbox 1204 2485 1411 2533; x_wconf 65' lang='lat' dir='ltr'><strong>eapunyet</strong></span> <span class='ocrx_word' id='word_1_327' title='bbox 1431 2492 1507 2533; x_wconf 89' lang='lat' dir='ltr'><strong>pro</strong></span> <span class='ocrx_word' id='word_1_328' title='bbox 1520 2493 1619 2534; x_wconf 82' lang='lat' dir='ltr'><strong>per-</strong></span> 
     </span>
     <span class='ocr_line' id='line_1_40' title="bbox 210 2534 1620 2590; baseline -0.001 -13"><span class='ocrx_word' id='word_1_329' title='bbox 210 2536 331 2590; x_wconf 80' lang='lat' dir='ltr'><strong>ficiet</strong></span> <span class='ocrx_word' id='word_1_330' title='bbox 363 2534 406 2576; x_wconf 91' lang='lat' dir='ltr'><strong>in</strong></span> <span class='ocrx_word' id='word_1_331' title='bbox 439 2534 511 2577; x_wconf 91' lang='lat' dir='ltr'><strong>lib.</strong></span> <span class='ocrx_word' id='word_1_332' title='bbox 547 2535 599 2577; x_wconf 91' lang='lat' dir='ltr'><strong>de</strong></span> <span class='ocrx_word' id='word_1_333' title='bbox 632 2536 803 2578; x_wconf 86' lang='lat' dir='ltr'><strong>Resurr.</strong></span> <span class='ocrx_word' id='word_1_334' title='bbox 839 2535 999 2578; x_wconf 88' lang='lat' dir='ltr'><strong>Carnis.</strong></span> <span class='ocrx_word' id='word_1_335' title='bbox 1066 2535 1116 2576; x_wconf 91' lang='lat' dir='ltr'><strong>In</strong></span> <span class='ocrx_word' id='word_1_336' title='bbox 1154 2535 1224 2576; x_wconf 90' lang='lat' dir='ltr'><strong>lib.</strong></span> <span class='ocrx_word' id='word_1_337' title='bbox 1258 2534 1381 2577; x_wconf 88' lang='lat' dir='ltr'><strong>etiam</strong></span> <span class='ocrx_word' id='word_1_338' title='bbox 1421 2535 1620 2578; x_wconf 86' lang='lat' dir='ltr'><strong>adversus</strong></span> 
     </span>
    </p>

    <p class='ocr_par' dir='ltr' id='par_1_9' title="bbox 156 2592 1620 2879">
     <span class='ocr_line' id='line_1_41' title="bbox 156 2592 1619 2649; baseline -0.001 -14"><span class='ocrx_word' id='word_1_339' title='bbox 156 2612 208 2646; x_wconf 87' lang='lat'><strong>40</strong></span> <span class='ocrx_word' id='word_1_340' title='bbox 220 2593 431 2635; x_wconf 82' lang='lat' dir='ltr'><strong>Judacos:</strong></span> <span class='ocrx_word' id='word_1_341' title='bbox 467 2599 476 2615; x_wconf 88' lang='lat'>‘</span> <span class='ocrx_word' id='word_1_342' title='bbox 501 2593 674 2648; x_wconf 80' lang='lat' dir='ltr'><strong>Itaque,&#39;</strong></span> <span class='ocrx_word' id='word_1_343' title='bbox 703 2592 777 2641; x_wconf 88' lang='lat' dir='ltr'><strong>ait,</strong></span> <span class='ocrx_word' id='word_1_344' title='bbox 806 2598 817 2616; x_wconf 93' lang='lat'>‘</span> <span class='ocrx_word' id='word_1_345' title='bbox 840 2594 1154 2648; x_wconf 73' lang='lat' dir='ltr'><strong>dispunyamus</strong></span> <span class='ocrx_word' id='word_1_346' title='bbox 1183 2592 1369 2634; x_wconf 90' lang='lat' dir='ltr'><strong>ordinem</strong></span> <span class='ocrx_word' id='word_1_347' title='bbox 1400 2597 1619 2649; x_wconf 89' lang='lat' dir='ltr'><strong>coeptum‚’</strong></span> 
     </span>
     <span class='ocr_line' id='line_1_42' title="bbox 221 2649 1619 2707; baseline 0.001 -15"><span class='ocrx_word' id='word_1_348' title='bbox 221 2651 298 2692; x_wconf 89' lang='lat' dir='ltr'><strong>hoc</strong></span> <span class='ocrx_word' id='word_1_349' title='bbox 324 2656 403 2697; x_wconf 87' lang='lat' dir='ltr'><strong>est,</strong></span> <span class='ocrx_word' id='word_1_350' title='bbox 425 2651 707 2693; x_wconf 77' lang='lat' dir='ltr'><strong>absolvamus.</strong></span> <span class='ocrx_word' id='word_1_351' title='bbox 771 2649 907 2707; x_wconf 87' lang='lat' dir='ltr'><strong>Igitur</strong></span> <span class='ocrx_word' id='word_1_352' title='bbox 927 2651 1191 2692; x_wconf 74' lang='lat' dir='ltr'><strong>tantumdem</strong></span> <span class='ocrx_word' id='word_1_353' title='bbox 1220 2651 1522 2705; x_wconf 75' lang='lat' dir='ltr'><strong>dispunyimus</strong></span> <span class='ocrx_word' id='word_1_354' title='bbox 1542 2651 1619 2693; x_wconf 86' lang='lat' dir='ltr'><strong>hoc</strong></span> 
     </span>
     <span class='ocr_line' id='line_1_43' title="bbox 220 2707 1616 2764; baseline 0.001 -14"><span class='ocrx_word' id='word_1_355' title='bbox 220 2708 309 2750; x_wconf 91' lang='lat' dir='ltr'><strong>loco</strong></span> <span class='ocrx_word' id='word_1_356' title='bbox 339 2707 395 2749; x_wconf 92' lang='lat' dir='ltr'><strong>nil</strong></span> <span class='ocrx_word' id='word_1_357' title='bbox 425 2707 537 2750; x_wconf 85' lang='lat' dir='ltr'><strong>aliud</strong></span> <span class='ocrx_word' id='word_1_358' title='bbox 566 2707 780 2764; x_wconf 85' lang='lat' dir='ltr'><strong>significet,</strong></span> <span class='ocrx_word' id='word_1_359' title='bbox 805 2722 926 2763; x_wconf 87' lang='lat' dir='ltr'><strong>quam</strong></span> <span class='ocrx_word' id='word_1_360' title='bbox 951 2716 1241 2763; x_wconf 72' lang='lat' dir='ltr'><strong>praestamus,</strong></span> <span class='ocrx_word' id='word_1_361' title='bbox 1272 2714 1315 2749; x_wconf 84' lang='lat' dir='ltr'><strong>et</strong></span> <span class='ocrx_word' id='word_1_362' title='bbox 1344 2708 1616 2751; x_wconf 75' lang='lat' dir='ltr'><strong>absolvimus.</strong></span> 
     </span>
     <span class='ocr_line' id='line_1_44' title="bbox 221 2764 1620 2822; baseline 0.001 -15"><span class='ocrx_word' id='word_1_363' title='bbox 221 2765 554 2808; x_wconf 85' lang='lat' dir='ltr'><strong>MURATORI.</strong></span> <span class='ocrx_word' id='word_1_364' title='bbox 618 2765 826 2822; x_wconf 85' lang='lat' dir='ltr'><strong>Legerim,</strong></span> <span class='ocrx_word' id='word_1_365' title='bbox 841 2779 948 2821; x_wconf 89' lang='lat' dir='ltr'><strong>quae</strong></span> <span class='ocrx_word' id='word_1_366' title='bbox 967 2764 1110 2807; x_wconf 85' lang='lat' dir='ltr'><strong>eadem</strong></span> <span class='ocrx_word' id='word_1_367' title='bbox 1127 2764 1412 2807; x_wconf 82' lang='lat' dir='ltr'><strong>exsultationis</strong></span> <span class='ocrx_word' id='word_1_368' title='bbox 1426 2766 1620 2809; x_wconf 75' lang='lat' dir='ltr'><strong>solemni·</strong></span> 
     </span>
     <span class='ocr_line' id='line_1_45' title="bbox 223 2822 1618 2879; baseline 0.001 -14"><span class='ocrx_word' id='word_1_369' title='bbox 223 2832 310 2866; x_wconf 83' lang='lat' dir='ltr'><strong>tate</strong></span> <span class='ocrx_word' id='word_1_370' title='bbox 329 2824 622 2879; x_wconf 72' lang='lat' dir='ltr'><strong>dispunffl&#39;tur.</strong></span> <span class='ocrx_word' id='word_1_371' title='bbox 671 2823 813 2865; x_wconf 86' lang='lat' dir='ltr'><strong>Habes</strong></span> <span class='ocrx_word' id='word_1_372' title='bbox 832 2823 874 2864; x_wconf 87' lang='lat' dir='ltr'><strong>in</strong></span> <span class='ocrx_word' id='word_1_373' title='bbox 891 2822 981 2864; x_wconf 89' lang='lat' dir='ltr'><strong>Lib.</strong></span> <span class='ocrx_word' id='word_1_374' title='bbox 1003 2836 1167 2879; x_wconf 91' lang='lat' dir='ltr'><strong>quoque</strong></span> <span class='ocrx_word' id='word_1_375' title='bbox 1184 2835 1218 2863; x_wconf 95' lang='lat'><strong>1.</strong></span> <span class='ocrx_word' id='word_1_376' title='bbox 1240 2822 1333 2864; x_wconf 84' lang='lat' dir='ltr'><strong>adv.</strong></span> <span class='ocrx_word' id='word_1_377' title='bbox 1351 2822 1618 2866; x_wconf 86' lang='lat' dir='ltr'><strong>Marcionem.</strong></span> 
     </span>
    </p>

    <p class='ocr_par' dir='ltr' id='par_1_10' title="bbox 157 2880 1609 2936">
     <span class='ocr_line' id='line_1_46' title="bbox 157 2880 1609 2936; baseline -0.001 -13"><span class='ocrx_word' id='word_1_378' title='bbox 157 2898 207 2936; x_wconf 80' lang='lat'><strong>45</strong></span> <span class='ocrx_word' id='word_1_379' title='bbox 223 2895 310 2936; x_wconf 87' lang='lat' dir='ltr'><strong>cap.</strong></span> <span class='ocrx_word' id='word_1_380' title='bbox 335 2893 401 2932; x_wconf 88' lang='lat'><strong>22,</strong></span> <span class='ocrx_word' id='word_1_381' title='bbox 424 2881 594 2923; x_wconf 85' lang='lat' dir='ltr'><strong>verbum</strong></span> <span class='ocrx_word' id='word_1_382' title='bbox 616 2881 834 2936; x_wconf 89' lang='lat' dir='ltr'><strong>passivum,</strong></span> <span class='ocrx_word' id='word_1_383' title='bbox 858 2886 868 2903; x_wconf 89' lang='lat'>‘</span> <span class='ocrx_word' id='word_1_384' title='bbox 889 2880 930 2921; x_wconf 90' lang='lat' dir='ltr'><strong>in</strong></span> <span class='ocrx_word' id='word_1_385' title='bbox 952 2886 1127 2936; x_wconf 86' lang='lat' dir='ltr'><strong>utroque</strong></span> <span class='ocrx_word' id='word_1_386' title='bbox 1146 2881 1427 2936; x_wconf 68' lang='lat' dir='ltr'><strong>disqmnyitur</strong></span> <span class='ocrx_word' id='word_1_387' title='bbox 1445 2895 1472 2924; x_wconf 87' lang='lat' dir='ltr'><strong>a</strong></span> <span class='ocrx_word' id='word_1_388' title='bbox 1492 2881 1609 2924; x_wconf 89' lang='lat' dir='ltr'><strong>Deo.&#39;</strong></span> 
     </span>
    </p>
   </div>
  </div>
 </body>
</html>
