<?xml version="1.0" encoding="UTF-8"?>
<!DOCTYPE html PUBLIC "-//W3C//DTD XHTML 1.0 Transitional//EN"
    "http://www.w3.org/TR/xhtml1/DTD/xhtml1-transitional.dtd">
<html xmlns="http://www.w3.org/1999/xhtml" xml:lang="en" lang="en">
 <head>
  <title>
</title>
<meta http-equiv="Content-Type" content="text/html;charset=utf-8" />
  <meta name='ocr-system' content='tesseract 3.04.00' />
  <meta name='ocr-capabilities' content='ocr_page ocr_carea ocr_par ocr_line ocrx_word'/>
</head>
<body>
  <div class='ocr_page' id='page_1' title='image "./scriptorumeccles01rout_0345.png"; bbox 0 0 2034 3204; ppageno 0'>
   <div class='ocr_carea' id='block_1_1' title="bbox 0 1230 19 1761">
    <p class='ocr_par' dir='ltr' id='par_1_1' title="bbox 0 1230 19 1761">
     <span class='ocr_line' id='line_1_1' title="bbox 0 1230 19 1761; baseline 0 1443"><span class='ocrx_word' id='word_1_1' title='bbox 0 1230 19 1761; x_wconf 95' lang='lat' dir='ltr'><strong> </strong></span> 
     </span>
    </p>
   </div>
   <div class='ocr_carea' id='block_1_2' title="bbox 0 2078 22 2604">
    <p class='ocr_par' dir='ltr' id='par_1_2' title="bbox 0 2078 22 2604">
     <span class='ocr_line' id='line_1_2' title="bbox 0 2078 22 2604; textangle 90"><span class='ocrx_word' id='word_1_2' title='bbox 14 2602 18 2604; x_wconf 93' lang='lat'>.</span> <span class='ocrx_word' id='word_1_3' title='bbox 5 2507 22 2545; x_wconf 60' lang='lat' dir='ltr'><strong>:nt</strong></span> <span class='ocrx_word' id='word_1_4' title='bbox 7 2485 19 2498; x_wconf 46' lang='grc' dir='ltr'><strong>ς·</strong></span> <span class='ocrx_word' id='word_1_5' title='bbox 0 2434 17 2478; x_wconf 62' lang='lat'><strong>›2⁷‹</strong></span> <span class='ocrx_word' id='word_1_6' title='bbox 0 2407 17 2425; x_wconf 67' lang='grc' dir='ltr'>Ξ</span> <span class='ocrx_word' id='word_1_7' title='bbox 4 2317 19 2392; x_wconf 41' lang='grc' dir='ltr'><strong>ων</strong></span> <span class='ocrx_word' id='word_1_8' title='bbox 4 2189 18 2310; x_wconf 47' lang='lat' dir='ltr'><strong>§sn-nm:</strong></span> <span class='ocrx_word' id='word_1_9' title='bbox 6 2151 8 2154; x_wconf 51' lang='lat'><em>⁷</em></span> <span class='ocrx_word' id='word_1_10' title='bbox 5 2078 11 2087; x_wconf 79' lang='lat'><strong>·</strong></span> 
     </span>
    </p>
   </div>
   <div class='ocr_carea' id='block_1_3' title="bbox 913 607 984 651">
    <p class='ocr_par' dir='ltr' id='par_1_3' title="bbox 913 607 984 651">
     <span class='ocr_line' id='line_1_3' title="bbox 913 607 984 651; baseline 0.014 -1"><span class='ocrx_word' id='word_1_11' title='bbox 913 607 984 651; x_wconf 84' lang='lat' dir='ltr'><strong>IN</strong></span> 
     </span>
    </p>
   </div>
   <div class='ocr_carea' id='block_1_4' title="bbox 618 754 1282 822">
    <p class='ocr_par' dir='ltr' id='par_1_4' title="bbox 618 754 1282 822">
     <span class='ocr_line' id='line_1_4' title="bbox 618 754 1282 822; baseline -0.002 -4"><span class='ocrx_word' id='word_1_12' title='bbox 618 755 680 822; x_wconf 81' lang='lat' dir='ltr'><strong>S.</strong></span> <span class='ocrx_word' id='word_1_13' title='bbox 731 754 1282 819; x_wconf 84' lang='lat' dir='ltr'><strong>CYPRIANI</strong></span> 
     </span>
    </p>
   </div>
   <div class='ocr_carea' id='block_1_5' title="bbox 859 922 1043 952">
    <p class='ocr_par' dir='ltr' id='par_1_5' title="bbox 859 922 1043 952">
     <span class='ocr_line' id='line_1_5' title="bbox 859 922 1043 952; baseline 0.005 -1"><span class='ocrx_word' id='word_1_14' title='bbox 859 922 1043 952; x_wconf 70' lang='lat' dir='ltr'><strong>mnam!</strong></span> 
     </span>
    </p>
   </div>
   <div class='ocr_carea' id='block_1_6' title="bbox 451 1052 1445 1100">
    <p class='ocr_par' dir='ltr' id='par_1_6' title="bbox 451 1052 1445 1100">
     <span class='ocr_line' id='line_1_6' title="bbox 451 1052 1445 1100; baseline -0.001 0"><span class='ocrx_word' id='word_1_15' title='bbox 451 1054 549 1100; x_wconf 85' lang='lat' dir='ltr'><strong>DE</strong></span> <span class='ocrx_word' id='word_1_16' title='bbox 599 1053 1005 1100; x_wconf 88' lang='lat' dir='ltr'><strong>IDOLORUM</strong></span> <span class='ocrx_word' id='word_1_17' title='bbox 1054 1052 1445 1100; x_wconf 83' lang='lat' dir='ltr'>VANITATE</span> 
     </span>
    </p>
   </div>
   <div class='ocr_carea' id='block_1_7' title="bbox 619 1201 1269 1255">
    <p class='ocr_par' dir='ltr' id='par_1_7' title="bbox 619 1201 1269 1255">
     <span class='ocr_line' id='line_1_7' title="bbox 619 1201 1269 1255; baseline 0 -1"><span class='ocrx_word' id='word_1_18' title='bbox 619 1201 783 1255; x_wconf 88' lang='lat' dir='ltr'><strong>ANN</strong></span> <span class='ocrx_word' id='word_1_19' title='bbox 794 1201 1269 1255; x_wconf 86' lang='lat' dir='ltr'>0TAT10NES.</span> 
     </span>
    </p>
   </div>
   <div class='ocr_carea' id='block_1_8' title="bbox 186 1496 1655 2878">
    <p class='ocr_par' dir='ltr' id='par_1_8' title="bbox 247 1496 1655 1728">
     <span class='ocr_line' id='line_1_8' title="bbox 306 1496 1655 1555; baseline 0 -13"><span class='ocrx_word' id='word_1_20' title='bbox 306 1499 355 1542; x_wconf 89' lang='lat' dir='ltr'><strong>P.</strong></span> <span class='ocrx_word' id='word_1_21' title='bbox 377 1500 472 1555; x_wconf 89' lang='lat'><strong>269.</strong></span> <span class='ocrx_word' id='word_1_22' title='bbox 503 1499 530 1542; x_wconf 91' lang='lat'><strong>1.</strong></span> <span class='ocrx_word' id='word_1_23' title='bbox 554 1511 592 1540; x_wconf 84' lang='lat'><strong>2.</strong></span> <span class='ocrx_word' id='word_1_24' title='bbox 625 1498 760 1541; x_wconf 68' lang='lat' dir='ltr'><strong>Lmen</strong></span> <span class='ocrx_word' id='word_1_25' title='bbox 779 1511 834 1539; x_wconf 75' lang='lat' dir='ltr'><strong>ns</strong></span> <span class='ocrx_word' id='word_1_26' title='bbox 863 1498 1089 1539; x_wconf 72' lang='lat' dir='ltr'><strong>Inononmu</strong></span> <span class='ocrx_word' id='word_1_27' title='bbox 1110 1497 1350 1552; x_wconf 56' lang='lat' dir='ltr'><strong>Vax-urs]</strong></span> <span class='ocrx_word' id='word_1_28' title='bbox 1385 1496 1560 1541; x_wconf 89' lang='lat' dir='ltr'><strong>Difficile</strong></span> <span class='ocrx_word' id='word_1_29' title='bbox 1590 1505 1655 1542; x_wconf 85' lang='lat' dir='ltr'><strong>est</strong></span> 
     </span>
     <span class='ocr_line' id='line_1_9' title="bbox 247 1554 1653 1612; baseline 0 -12"><span class='ocrx_word' id='word_1_30' title='bbox 247 1563 362 1601; x_wconf 88' lang='lat' dir='ltr'><strong>certo</strong></span> <span class='ocrx_word' id='word_1_31' title='bbox 381 1562 566 1600; x_wconf 86' lang='lat' dir='ltr'><strong>statuere</strong></span> <span class='ocrx_word' id='word_1_32' title='bbox 586 1555 686 1612; x_wconf 89' lang='lat' dir='ltr'><strong>quid</strong></span> <span class='ocrx_word' id='word_1_33' title='bbox 712 1556 756 1597; x_wconf 89' lang='lat' dir='ltr'><strong>in</strong></span> <span class='ocrx_word' id='word_1_34' title='bbox 785 1555 906 1598; x_wconf 88' lang='lat' dir='ltr'><strong>titulo</strong></span> <span class='ocrx_word' id='word_1_35' title='bbox 926 1554 1044 1597; x_wconf 86' lang='lat' dir='ltr'><strong>istius</strong></span> <span class='ocrx_word' id='word_1_36' title='bbox 1073 1554 1167 1597; x_wconf 86' lang='lat' dir='ltr'>libri</span> <span class='ocrx_word' id='word_1_37' title='bbox 1197 1555 1382 1611; x_wconf 83' lang='lat' dir='ltr'>posuerit</span> <span class='ocrx_word' id='word_1_38' title='bbox 1404 1555 1653 1612; x_wconf 74' lang='lat' dir='ltr'><strong>Cyprianus,</strong></span> 
     </span>
     <span class='ocr_line' id='line_1_10' title="bbox 247 1611 1654 1672; baseline -0.001 -14"><span class='ocrx_word' id='word_1_39' title='bbox 247 1614 281 1658; x_wconf 84' lang='lat' dir='ltr'><strong>si</strong></span> <span class='ocrx_word' id='word_1_40' title='bbox 308 1614 408 1672; x_wconf 89' lang='lat' dir='ltr'><strong>quid</strong></span> <span class='ocrx_word' id='word_1_41' title='bbox 436 1620 576 1658; x_wconf 85' lang='lat' dir='ltr'><strong>tamen</strong></span> <span class='ocrx_word' id='word_1_42' title='bbox 605 1613 755 1671; x_wconf 82' lang='lat' dir='ltr'>posuit,</span> <span class='ocrx_word' id='word_1_43' title='bbox 787 1612 1032 1670; x_wconf 88' lang='lat' dir='ltr'><strong>praesertim</strong></span> <span class='ocrx_word' id='word_1_44' title='bbox 1058 1612 1092 1654; x_wconf 89' lang='lat' dir='ltr'><strong>si</strong></span> <span class='ocrx_word' id='word_1_45' title='bbox 1119 1626 1221 1655; x_wconf 86' lang='lat' dir='ltr'><strong>vera</strong></span> <span class='ocrx_word' id='word_1_46' title='bbox 1246 1611 1300 1654; x_wconf 85' lang='lat' dir='ltr'><strong>sit</strong></span> <span class='ocrx_word' id='word_1_47' title='bbox 1325 1612 1463 1669; x_wconf 91' lang='lat' dir='ltr'><strong>opinio</strong></span> <span class='ocrx_word' id='word_1_48' title='bbox 1490 1614 1654 1657; x_wconf 87' lang='lat' dir='ltr'><strong>Erasmi</strong></span> 
     </span>
     <span class='ocr_line' id='line_1_11' title="bbox 247 1669 1655 1728; baseline -0.001 -12"><span class='ocrx_word' id='word_1_49' title='bbox 247 1671 519 1716; x_wconf 76' lang='lat' dir='ltr'><strong>existimantis</strong></span> <span class='ocrx_word' id='word_1_50' title='bbox 550 1686 639 1715; x_wconf 84' lang='lat' dir='ltr'><strong>esse</strong></span> <span class='ocrx_word' id='word_1_51' title='bbox 670 1677 832 1714; x_wconf 89' lang='lat' dir='ltr'><strong>tantum</strong></span> <span class='ocrx_word' id='word_1_52' title='bbox 867 1671 1146 1727; x_wconf 78' lang='lat' dir='ltr'>fragmentum</span> <span class='ocrx_word' id='word_1_53' title='bbox 1179 1669 1347 1726; x_wconf 86' lang='lat' dir='ltr'><strong>majoris</strong></span> <span class='ocrx_word' id='word_1_54' title='bbox 1378 1671 1528 1727; x_wconf 87' lang='lat' dir='ltr'><strong>operis,</strong></span> <span class='ocrx_word' id='word_1_55' title='bbox 1556 1672 1655 1728; x_wconf 83' lang='lat' dir='ltr'><strong>quia</strong></span> 
     </span>
    </p>

    <p class='ocr_par' dir='ltr' id='par_1_9' title="bbox 186 1727 1654 2023">
     <span class='ocr_line' id='line_1_12' title="bbox 186 1727 1653 1787; baseline -0.001 -14"><span class='ocrx_word' id='word_1_56' title='bbox 186 1749 234 1776; x_wconf 86' lang='lat'><strong>10</strong></span> <span class='ocrx_word' id='word_1_57' title='bbox 246 1729 390 1787; x_wconf 80' lang='lat' dir='ltr'><strong>incipit</strong></span> <span class='ocrx_word' id='word_1_58' title='bbox 416 1745 469 1773; x_wconf 82' lang='lat' dir='ltr'><strong>ex</strong></span> <span class='ocrx_word' id='word_1_59' title='bbox 495 1730 687 1787; x_wconf 88' lang='lat' dir='ltr'><strong>abrupto.</strong></span> <span class='ocrx_word' id='word_1_60' title='bbox 746 1728 894 1771; x_wconf 89' lang='lat' dir='ltr'><strong>Plures</strong></span> <span class='ocrx_word' id='word_1_61' title='bbox 922 1742 1023 1771; x_wconf 88' lang='lat' dir='ltr'><strong>sane</strong></span> <span class='ocrx_word' id='word_1_62' title='bbox 1051 1727 1146 1770; x_wconf 86' lang='lat' dir='ltr'><strong>libri</strong></span> <span class='ocrx_word' id='word_1_63' title='bbox 1174 1734 1350 1777; x_wconf 86' lang='lat' dir='ltr'><strong>veteres,</strong></span> <span class='ocrx_word' id='word_1_64' title='bbox 1370 1734 1414 1771; x_wconf 91' lang='lat' dir='ltr'><strong>et</strong></span> <span class='ocrx_word' id='word_1_65' title='bbox 1433 1728 1463 1770; x_wconf 89' lang='lat' dir='ltr'><strong>ii</strong></span> <span class='ocrx_word' id='word_1_66' title='bbox 1485 1730 1653 1785; x_wconf 90' lang='lat' dir='ltr'><strong>quidem</strong></span> 
     </span>
     <span class='ocr_line' id='line_1_13' title="bbox 248 1785 1654 1844; baseline -0.001 -13"><span class='ocrx_word' id='word_1_67' title='bbox 248 1787 404 1844; x_wconf 89' lang='lat' dir='ltr'><strong>optimi,</strong></span> <span class='ocrx_word' id='word_1_68' title='bbox 434 1786 595 1830; x_wconf 90' lang='lat' dir='ltr'><strong>initium</strong></span> <span class='ocrx_word' id='word_1_69' title='bbox 625 1786 762 1843; x_wconf 90' lang='lat' dir='ltr'><strong>operis</strong></span> <span class='ocrx_word' id='word_1_70' title='bbox 791 1785 1045 1828; x_wconf 86' lang='lat' dir='ltr'><strong>constituunt</strong></span> <span class='ocrx_word' id='word_1_71' title='bbox 1077 1785 1121 1828; x_wconf 92' lang='lat' dir='ltr'><strong>in</strong></span> <span class='ocrx_word' id='word_1_72' title='bbox 1153 1785 1218 1827; x_wconf 88' lang='lat' dir='ltr'><strong>his</strong></span> <span class='ocrx_word' id='word_1_73' title='bbox 1243 1785 1394 1834; x_wconf 86' lang='lat' dir='ltr'><strong>verbis,</strong></span> <span class='ocrx_word' id='word_1_74' title='bbox 1426 1787 1539 1830; x_wconf 76' lang='lat' dir='ltr'><strong>Deos</strong></span> <span class='ocrx_word' id='word_1_75' title='bbox 1568 1803 1654 1830; x_wconf 78' lang='lat' dir='ltr'><strong>non</strong></span> 
     </span>
     <span class='ocr_line' id='line_1_14' title="bbox 247 1842 1654 1909; baseline -0.001 -21"><span class='ocrx_word' id='word_1_76' title='bbox 247 1859 332 1888; x_wconf 74' lang='lat' dir='ltr'><strong>esse</strong></span> <span class='ocrx_word' id='word_1_77' title='bbox 352 1859 456 1901; x_wconf 72' lang='lat' dir='ltr'><strong>quos</strong></span> <span class='ocrx_word' id='word_1_78' title='bbox 479 1845 582 1888; x_wconf 78' lang='lat' dir='ltr'><strong>colit</strong></span> <span class='ocrx_word' id='word_1_79' title='bbox 607 1845 773 1900; x_wconf 69' lang='lat' dir='ltr'><strong>vulqus.</strong></span> <span class='ocrx_word' id='word_1_80' title='bbox 831 1843 959 1909; x_wconf 83' lang='lat' dir='ltr'>Apud</span> <span class='ocrx_word' id='word_1_81' title='bbox 978 1843 1185 1900; x_wconf 84' lang='lat' dir='ltr'><strong>Angelum</strong></span> <span class='ocrx_word' id='word_1_82' title='bbox 1207 1842 1468 1893; x_wconf 76' lang='lat' dir='ltr'><strong>Pontianum,</strong></span> <span class='ocrx_word' id='word_1_83' title='bbox 1491 1859 1582 1902; x_wconf 90' lang='lat' dir='ltr'><strong>cap.</strong></span> <span class='ocrx_word' id='word_1_84' title='bbox 1595 1859 1654 1902; x_wconf 87' lang='lat'><strong>34</strong></span> 
     </span>
     <span class='ocr_line' id='line_1_15' title="bbox 249 1900 1653 1957; baseline 0 -12"><span class='ocrx_word' id='word_1_85' title='bbox 249 1901 620 1950; x_wconf 71' lang='lat' dir='ltr'><strong>ffiscellaneorum,</strong></span> <span class='ocrx_word' id='word_1_86' title='bbox 643 1906 815 1944; x_wconf 85' lang='lat' dir='ltr'><strong>vocatur</strong></span> <span class='ocrx_word' id='word_1_87' title='bbox 836 1901 962 1943; x_wconf 79' lang='lat' dir='ltr'><strong>Liber</strong></span> <span class='ocrx_word' id='word_1_88' title='bbox 982 1900 1036 1943; x_wconf 88' lang='lat' dir='ltr'><strong>de</strong></span> <span class='ocrx_word' id='word_1_89' title='bbox 1055 1900 1216 1957; x_wconf 81' lang='lat' dir='ltr'><strong>origine</strong></span> <span class='ocrx_word' id='word_1_90' title='bbox 1242 1906 1286 1943; x_wconf 91' lang='lat' dir='ltr'><strong>et</strong></span> <span class='ocrx_word' id='word_1_91' title='bbox 1315 1901 1538 1957; x_wconf 87' lang='lat' dir='ltr'><strong>generibus</strong></span> <span class='ocrx_word' id='word_1_92' title='bbox 1558 1903 1653 1945; x_wconf 88' lang='lat' dir='ltr'><strong>ldo-</strong></span> 
     </span>
     <span class='ocr_line' id='line_1_16' title="bbox 247 1957 1653 2023; baseline 0.001 -21"><span class='ocrx_word' id='word_1_93' title='bbox 247 1959 394 2002; x_wconf 90' lang='lat' dir='ltr'><strong>lorum.</strong></span> <span class='ocrx_word' id='word_1_94' title='bbox 454 1960 719 2002; x_wconf 87' lang='lat' dir='ltr'><strong>Posterorum</strong></span> <span class='ocrx_word' id='word_1_95' title='bbox 741 1958 957 2023; x_wconf 76' lang='lat' dir='ltr'><strong>diligentia</strong></span> <span class='ocrx_word' id='word_1_96' title='bbox 979 1958 1143 2001; x_wconf 88' lang='lat' dir='ltr'><strong>titulum</strong></span> <span class='ocrx_word' id='word_1_97' title='bbox 1164 1957 1222 1999; x_wconf 89' lang='lat' dir='ltr'><strong>illi</strong></span> <span class='ocrx_word' id='word_1_98' title='bbox 1242 1957 1340 2000; x_wconf 84' lang='lat' dir='ltr'><strong>fecit</strong></span> <span class='ocrx_word' id='word_1_99' title='bbox 1358 1971 1414 2000; x_wconf 74' lang='lat' dir='ltr'><strong>na</strong></span> <span class='ocrx_word' id='word_1_100' title='bbox 1435 1972 1653 2003; x_wconf 75' lang='lat' dir='ltr'><strong>mononma</strong></span> 
     </span>
    </p>

    <p class='ocr_par' dir='ltr' id='par_1_10' title="bbox 187 2015 1655 2303">
     <span class='ocr_line' id='line_1_17' title="bbox 187 2015 1655 2074; baseline 0.001 -14"><span class='ocrx_word' id='word_1_101' title='bbox 187 2033 234 2073; x_wconf 87' lang='lat'><strong>15</strong></span> <span class='ocrx_word' id='word_1_102' title='bbox 247 2030 470 2066; x_wconf 61' lang='lat' dir='ltr'><strong>vam-rus,</strong></span> <span class='ocrx_word' id='word_1_103' title='bbox 501 2022 546 2060; x_wconf 87' lang='lat' dir='ltr'><strong>at</strong></span> <span class='ocrx_word' id='word_1_104' title='bbox 575 2031 628 2059; x_wconf 89' lang='lat' dir='ltr'><strong>ue</strong></span> <span class='ocrx_word' id='word_1_105' title='bbox 658 2016 719 2059; x_wconf 87' lang='lat' dir='ltr'><strong>ita</strong></span> <span class='ocrx_word' id='word_1_106' title='bbox 751 2030 796 2059; x_wconf 87' lang='lat' dir='ltr'><strong>se</strong></span> <span class='ocrx_word' id='word_1_107' title='bbox 826 2015 1029 2058; x_wconf 76' lang='lat' dir='ltr'><strong>invenisse</strong></span> <span class='ocrx_word' id='word_1_108' title='bbox 1059 2015 1102 2058; x_wconf 87' lang='lat' dir='ltr'><strong>in</strong></span> <span class='ocrx_word' id='word_1_109' title='bbox 1133 2015 1439 2072; x_wconf 71' lang='lat' dir='ltr'><strong>exemplaribus</strong></span> <span class='ocrx_word' id='word_1_110' title='bbox 1473 2018 1655 2074; x_wconf 78' lang='lat' dir='ltr'><strong>antiquis</strong></span> 
     </span>
     <span class='ocr_line' id='line_1_18' title="bbox 248 2031 1652 2139; baseline 0.001 -21"><span class='ocrx_word' id='word_1_111' title='bbox 248 2080 426 2118; x_wconf 87' lang='lat' dir='ltr'><strong>testatur</strong></span> <span class='ocrx_word' id='word_1_112' title='bbox 446 2031 666 2132; x_wconf 50' lang='lat' dir='ltr'><strong>Rigsstius.</strong></span> <span class='ocrx_word' id='word_1_113' title='bbox 726 2074 832 2130; x_wconf 88' lang='lat' dir='ltr'><strong>Ego,</strong></span> <span class='ocrx_word' id='word_1_114' title='bbox 853 2087 1103 2139; x_wconf 87' lang='lat' dir='ltr'><strong>quamquam</strong></span> <span class='ocrx_word' id='word_1_115' title='bbox 1132 2073 1243 2116; x_wconf 91' lang='lat' dir='ltr'><strong>hunc</strong></span> <span class='ocrx_word' id='word_1_116' title='bbox 1272 2072 1436 2116; x_wconf 90' lang='lat' dir='ltr'><strong>titulum</strong></span> <span class='ocrx_word' id='word_1_117' title='bbox 1463 2075 1652 2132; x_wconf 79' lang='lat' dir='ltr'><strong>nuspiam</strong></span> 
     </span>
     <span class='ocr_line' id='line_1_19' title="bbox 247 2130 1654 2190; baseline 0.001 -16"><span class='ocrx_word' id='word_1_118' title='bbox 247 2132 476 2189; x_wconf 79' lang='lat' dir='ltr'><strong>repererim</strong></span> <span class='ocrx_word' id='word_1_119' title='bbox 495 2132 539 2175; x_wconf 91' lang='lat' dir='ltr'><strong>in</strong></span> <span class='ocrx_word' id='word_1_120' title='bbox 561 2130 778 2175; x_wconf 87' lang='lat' dir='ltr'><strong>Codicibus</strong></span> <span class='ocrx_word' id='word_1_121' title='bbox 807 2130 1108 2188; x_wconf 79' lang='lat' dir='ltr'><strong>manuscriptis,</strong></span> <span class='ocrx_word' id='word_1_122' title='bbox 1128 2130 1281 2174; x_wconf 89' lang='lat' dir='ltr'><strong>retinui</strong></span> <span class='ocrx_word' id='word_1_123' title='bbox 1310 2136 1451 2173; x_wconf 87' lang='lat' dir='ltr'><strong>tamen</strong></span> <span class='ocrx_word' id='word_1_124' title='bbox 1480 2139 1654 2190; x_wconf 83' lang='lat' dir='ltr'><strong>propter</strong></span> 
     </span>
     <span class='ocr_line' id='line_1_20' title="bbox 247 2188 1654 2248; baseline 0.001 -16"><span class='ocrx_word' id='word_1_125' title='bbox 247 2189 579 2233; x_wconf 80' lang='lat' dir='ltr'><strong>commoditatem</strong></span> <span class='ocrx_word' id='word_1_126' title='bbox 617 2188 860 2232; x_wconf 88' lang='lat' dir='ltr'><strong>studiorum.</strong></span> <span class='ocrx_word' id='word_1_127' title='bbox 920 2189 970 2231; x_wconf 93' lang='lat' dir='ltr'><strong>In</strong></span> <span class='ocrx_word' id='word_1_128' title='bbox 1002 2188 1163 2232; x_wconf 89' lang='lat' dir='ltr'><strong>edendo</strong></span> <span class='ocrx_word' id='word_1_129' title='bbox 1196 2194 1335 2230; x_wconf 87' lang='lat' dir='ltr'><strong>autem</strong></span> <span class='ocrx_word' id='word_1_130' title='bbox 1375 2188 1491 2233; x_wconf 86' lang='lat' dir='ltr'><strong>initio</strong></span> <span class='ocrx_word' id='word_1_131' title='bbox 1525 2190 1654 2248; x_wconf 89' lang='lat' dir='ltr'><strong>ipsius</strong></span> 
     </span>
     <span class='ocr_line' id='line_1_21' title="bbox 247 2246 1652 2303; baseline 0.001 -13"><span class='ocrx_word' id='word_1_132' title='bbox 247 2247 343 2290; x_wconf 88' lang='lat' dir='ltr'><strong>libri</strong></span> <span class='ocrx_word' id='word_1_133' title='bbox 372 2252 536 2290; x_wconf 88' lang='lat' dir='ltr'><strong>secutus</strong></span> <span class='ocrx_word' id='word_1_134' title='bbox 565 2261 655 2289; x_wconf 90' lang='lat' dir='ltr'><strong>sum</strong></span> <span class='ocrx_word' id='word_1_135' title='bbox 684 2246 930 2303; x_wconf 86' lang='lat' dir='ltr'><strong>scripturam</strong></span> <span class='ocrx_word' id='word_1_136' title='bbox 951 2252 1136 2290; x_wconf 88' lang='lat' dir='ltr'><strong>veterum</strong></span> <span class='ocrx_word' id='word_1_137' title='bbox 1167 2246 1367 2289; x_wconf 88' lang='lat' dir='ltr'><strong>librorum</strong></span> <span class='ocrx_word' id='word_1_138' title='bbox 1394 2252 1438 2289; x_wconf 88' lang='lat' dir='ltr'><strong>et</strong></span> <span class='ocrx_word' id='word_1_139' title='bbox 1464 2254 1652 2291; x_wconf 88' lang='lat' dir='ltr'><strong>veterum</strong></span> 
     </span>
    </p>

    <p class='ocr_par' dir='ltr' id='par_1_11' title="bbox 187 2303 1653 2419">
     <span class='ocr_line' id='line_1_22' title="bbox 187 2303 1653 2363; baseline 0.001 -14"><span class='ocrx_word' id='word_1_140' title='bbox 187 2324 236 2349; x_wconf 82' lang='lat'><strong>20</strong></span> <span class='ocrx_word' id='word_1_141' title='bbox 248 2304 487 2348; x_wconf 88' lang='lat' dir='ltr'><strong>editionum.</strong></span> <span class='ocrx_word' id='word_1_142' title='bbox 549 2305 809 2361; x_wconf 82' lang='lat' dir='ltr'><strong>Quamquam</strong></span> <span class='ocrx_word' id='word_1_143' title='bbox 843 2309 940 2348; x_wconf 89' lang='lat' dir='ltr'><strong>sunt</strong></span> <span class='ocrx_word' id='word_1_144' title='bbox 978 2303 1105 2361; x_wconf 84' lang='lat' dir='ltr'><strong>aliqui</strong></span> <span class='ocrx_word' id='word_1_145' title='bbox 1143 2303 1239 2347; x_wconf 85' lang='lat' dir='ltr'><strong>libri</strong></span> <span class='ocrx_word' id='word_1_146' title='bbox 1270 2308 1433 2347; x_wconf 85' lang='lat' dir='ltr'><strong>veteres</strong></span> <span class='ocrx_word' id='word_1_147' title='bbox 1452 2306 1524 2363; x_wconf 91' lang='lat' dir='ltr'><strong>qui</strong></span> <span class='ocrx_word' id='word_1_148' title='bbox 1554 2307 1653 2349; x_wconf 87' lang='lat' dir='ltr'><strong>inci-</strong></span> 
     </span>
     <span class='ocr_line' id='line_1_23' title="bbox 247 2361 1170 2419; baseline 0 -15"><span class='ocrx_word' id='word_1_149' title='bbox 247 2362 368 2419; x_wconf 90' lang='lat' dir='ltr'><strong>piunt</strong></span> <span class='ocrx_word' id='word_1_150' title='bbox 386 2363 499 2405; x_wconf 78' lang='lat' dir='ltr'><strong>Deos</strong></span> <span class='ocrx_word' id='word_1_151' title='bbox 517 2376 602 2404; x_wconf 80' lang='lat' dir='ltr'><strong>non</strong></span> <span class='ocrx_word' id='word_1_152' title='bbox 620 2376 718 2411; x_wconf 76' lang='lat' dir='ltr'><strong>esse,</strong></span> <span class='ocrx_word' id='word_1_153' title='bbox 738 2361 880 2418; x_wconf 89' lang='lat' dir='ltr'><strong>priora</strong></span> <span class='ocrx_word' id='word_1_154' title='bbox 899 2376 981 2404; x_wconf 89' lang='lat' dir='ltr'><strong>non</strong></span> <span class='ocrx_word' id='word_1_155' title='bbox 1000 2361 1170 2405; x_wconf 86' lang='lat' dir='ltr'><strong>habent.</strong></span> 
     </span>
    </p>

    <p class='ocr_par' dir='ltr' id='par_1_12' title="bbox 249 2418 1654 2592">
     <span class='ocr_line' id='line_1_24' title="bbox 307 2418 1652 2478; baseline 0.001 -16"><span class='ocrx_word' id='word_1_156' title='bbox 307 2420 447 2462; x_wconf 86' lang='lat' dir='ltr'><strong>Pauca</strong></span> <span class='ocrx_word' id='word_1_157' title='bbox 474 2419 596 2476; x_wconf 83' lang='lat' dir='ltr'><strong>hujus</strong></span> <span class='ocrx_word' id='word_1_158' title='bbox 629 2418 724 2463; x_wconf 86' lang='lat' dir='ltr'><strong>libri</strong></span> <span class='ocrx_word' id='word_1_159' title='bbox 753 2419 907 2462; x_wconf 87' lang='lat' dir='ltr'><strong>mentio</strong></span> <span class='ocrx_word' id='word_1_160' title='bbox 936 2419 1145 2476; x_wconf 88' lang='lat' dir='ltr'><strong>reperitur</strong></span> <span class='ocrx_word' id='word_1_161' title='bbox 1175 2419 1219 2462; x_wconf 89' lang='lat' dir='ltr'><strong>in</strong></span> <span class='ocrx_word' id='word_1_162' title='bbox 1249 2421 1518 2478; x_wconf 86' lang='lat' dir='ltr'><strong>scriptoribus</strong></span> <span class='ocrx_word' id='word_1_163' title='bbox 1544 2421 1652 2465; x_wconf 88' lang='lat' dir='ltr'><strong>anti-</strong></span> 
     </span>
     <span class='ocr_line' id='line_1_25' title="bbox 249 2476 1652 2536; baseline 0.001 -16"><span class='ocrx_word' id='word_1_164' title='bbox 249 2477 353 2533; x_wconf 88' lang='lat' dir='ltr'><strong>quis,</strong></span> <span class='ocrx_word' id='word_1_165' title='bbox 386 2477 539 2534; x_wconf 89' lang='lat' dir='ltr'><strong>quippe</strong></span> <span class='ocrx_word' id='word_1_166' title='bbox 573 2491 696 2533; x_wconf 89' lang='lat' dir='ltr'><strong>quem</strong></span> <span class='ocrx_word' id='word_1_167' title='bbox 736 2477 923 2534; x_wconf 85' lang='lat' dir='ltr'><strong>nuspiam</strong></span> <span class='ocrx_word' id='word_1_168' title='bbox 962 2476 1126 2533; x_wconf 90' lang='lat' dir='ltr'><strong>reperio</strong></span> <span class='ocrx_word' id='word_1_169' title='bbox 1165 2477 1335 2521; x_wconf 84' lang='lat' dir='ltr'><strong>citatum</strong></span> <span class='ocrx_word' id='word_1_170' title='bbox 1375 2493 1499 2535; x_wconf 88' lang='lat' dir='ltr'><strong>quam</strong></span> <span class='ocrx_word' id='word_1_171' title='bbox 1539 2480 1652 2536; x_wconf 81' lang='lat' dir='ltr'><strong>apud</strong></span> 
     </span>
     <span class='ocr_line' id='line_1_26' title="bbox 250 2533 1654 2592; baseline 0.001 -16"><span class='ocrx_word' id='word_1_172' title='bbox 250 2534 553 2590; x_wconf 85' lang='lat' dir='ltr'><strong>Hieronymum</strong></span> <span class='ocrx_word' id='word_1_173' title='bbox 591 2539 634 2577; x_wconf 91' lang='lat' dir='ltr'><strong>et</strong></span> <span class='ocrx_word' id='word_1_174' title='bbox 664 2535 732 2576; x_wconf 91' lang='lat' dir='ltr'><strong>Au</strong></span> <span class='ocrx_word' id='word_1_175' title='bbox 763 2533 955 2577; x_wconf 91' lang='lat' dir='ltr'><strong>ustinum.</strong></span> <span class='ocrx_word' id='word_1_176' title='bbox 1017 2535 1074 2577; x_wconf 89' lang='lat' dir='ltr'><strong>Et</strong></span> <span class='ocrx_word' id='word_1_177' title='bbox 1105 2535 1364 2592; x_wconf 87' lang='lat' dir='ltr'><strong>Augustinus</strong></span> <span class='ocrx_word' id='word_1_178' title='bbox 1395 2536 1562 2592; x_wconf 87' lang='lat' dir='ltr'><strong>quidem</strong></span> <span class='ocrx_word' id='word_1_179' title='bbox 1594 2537 1654 2579; x_wconf 88' lang='lat' dir='ltr'><strong>ita</strong></span> 
     </span>
    </p>

    <p class='ocr_par' dir='ltr' id='par_1_13' title="bbox 187 2591 1652 2878">
     <span class='ocr_line' id='line_1_27' title="bbox 187 2591 1651 2648; baseline 0.003 -17"><span class='ocrx_word' id='word_1_180' title='bbox 187 2604 235 2642; x_wconf 83' lang='lat'><strong>25</strong></span> <span class='ocrx_word' id='word_1_181' title='bbox 249 2592 391 2635; x_wconf 88' lang='lat' dir='ltr'><strong>scribit</strong></span> <span class='ocrx_word' id='word_1_182' title='bbox 424 2592 467 2634; x_wconf 91' lang='lat' dir='ltr'><strong>in</strong></span> <span class='ocrx_word' id='word_1_183' title='bbox 506 2591 611 2634; x_wconf 90' lang='lat' dir='ltr'><strong>libro</strong></span> <span class='ocrx_word' id='word_1_184' title='bbox 643 2592 696 2634; x_wconf 85' lang='lat' dir='ltr'><strong>de</strong></span> <span class='ocrx_word' id='word_1_185' title='bbox 774 2591 865 2635; x_wconf 91' lang='lat' dir='ltr'><strong>nico</strong></span> <span class='ocrx_word' id='word_1_186' title='bbox 901 2592 1114 2648; x_wconf 87' lang='lat' dir='ltr'><strong>Baptismo</strong></span> <span class='ocrx_word' id='word_1_187' title='bbox 1152 2593 1352 2636; x_wconf 85' lang='lat' dir='ltr'><strong>adversus</strong></span> <span class='ocrx_word' id='word_1_188' title='bbox 1390 2593 1651 2643; x_wconf 86' lang='lat' dir='ltr'><strong>Petilianum‚</strong></span> 
     </span>
     <span class='ocr_line' id='line_1_28' title="bbox 249 2649 1652 2708; baseline 0.001 -16"><span class='ocrx_word' id='word_1_189' title='bbox 249 2664 337 2706; x_wconf 89' lang='lat' dir='ltr'><strong>cap.</strong></span> <span class='ocrx_word' id='word_1_190' title='bbox 351 2663 392 2703; x_wconf 92' lang='lat'><strong>4,</strong></span> <span class='ocrx_word' id='word_1_191' title='bbox 416 2656 425 2672; x_wconf 93' lang='lat'>‘</span> <span class='ocrx_word' id='word_1_192' title='bbox 441 2649 577 2706; x_wconf 90' lang='lat' dir='ltr'><strong>Hujus</strong></span> <span class='ocrx_word' id='word_1_193' title='bbox 596 2649 766 2706; x_wconf 88' lang='lat' dir='ltr'><strong>regulae</strong></span> <span class='ocrx_word' id='word_1_194' title='bbox 785 2649 1032 2706; x_wconf 88' lang='lat' dir='ltr'><strong>apostolicae</strong></span> <span class='ocrx_word' id='word_1_195' title='bbox 1052 2655 1231 2692; x_wconf 88' lang='lat' dir='ltr'><strong>sectator</strong></span> <span class='ocrx_word' id='word_1_196' title='bbox 1254 2651 1481 2708; x_wconf 85' lang='lat' dir='ltr'><strong>Episcopus</strong></span> <span class='ocrx_word' id='word_1_197' title='bbox 1502 2651 1535 2694; x_wconf 91' lang='lat' dir='ltr'>C</span> <span class='ocrx_word' id='word_1_198' title='bbox 1554 2652 1652 2708; x_wconf 76' lang='lat' dir='ltr'><strong>rpri-</strong></span> 
     </span>
     <span class='ocr_line' id='line_1_29' title="bbox 250 2707 1651 2757; baseline 0.001 -7"><span class='ocrx_word' id='word_1_199' title='bbox 250 2715 260 2730; x_wconf 87' lang='lat'>‘</span> <span class='ocrx_word' id='word_1_200' title='bbox 280 2722 396 2757; x_wconf 88' lang='lat' dir='ltr'><strong>anus,</strong></span> <span class='ocrx_word' id='word_1_201' title='bbox 427 2707 479 2749; x_wconf 88' lang='lat' dir='ltr'><strong>de</strong></span> <span class='ocrx_word' id='word_1_202' title='bbox 510 2721 591 2750; x_wconf 90' lang='lat' dir='ltr'><strong>uno</strong></span> <span class='ocrx_word' id='word_1_203' title='bbox 612 2721 710 2750; x_wconf 88' lang='lat' dir='ltr'><strong>vero</strong></span> <span class='ocrx_word' id='word_1_204' title='bbox 741 2707 832 2749; x_wconf 93' lang='lat' dir='ltr'><strong>Deo</strong></span> <span class='ocrx_word' id='word_1_205' title='bbox 852 2707 1051 2749; x_wconf 88' lang='lat' dir='ltr'><strong>adversus</strong></span> <span class='ocrx_word' id='word_1_206' title='bbox 1078 2707 1299 2750; x_wconf 90' lang='lat' dir='ltr'><strong>multorum</strong></span> <span class='ocrx_word' id='word_1_207' title='bbox 1327 2709 1498 2751; x_wconf 91' lang='lat' dir='ltr'><strong>deorum</strong></span> <span class='ocrx_word' id='word_1_208' title='bbox 1545 2709 1651 2752; x_wconf 87' lang='lat' dir='ltr'><strong>also-</strong></span> 
     </span>
     <span class='ocr_line' id='line_1_30' title="bbox 250 2764 1651 2821; baseline 0.001 -14"><span class='ocrx_word' id='word_1_209' title='bbox 250 2773 259 2788; x_wconf 92' lang='lat'>‘</span> <span class='ocrx_word' id='word_1_210' title='bbox 282 2779 456 2821; x_wconf 87' lang='lat' dir='ltr'><strong>rumque</strong></span> <span class='ocrx_word' id='word_1_211' title='bbox 471 2764 649 2807; x_wconf 86' lang='lat' dir='ltr'><strong>cultores</strong></span> <span class='ocrx_word' id='word_1_212' title='bbox 662 2764 887 2820; x_wconf 86' lang='lat' dir='ltr'><strong>disputans,</strong></span> <span class='ocrx_word' id='word_1_213' title='bbox 901 2764 1031 2806; x_wconf 76' lang='lat' dir='ltr'><strong>multa</strong></span> <span class='ocrx_word' id='word_1_214' title='bbox 1047 2764 1207 2820; x_wconf 85' lang='lat' dir='ltr'><strong>profert</strong></span> <span class='ocrx_word' id='word_1_215' title='bbox 1222 2765 1455 2809; x_wconf 89' lang='lat' dir='ltr'><strong>testimonia</strong></span> <span class='ocrx_word' id='word_1_216' title='bbox 1467 2767 1520 2808; x_wconf 90' lang='lat' dir='ltr'><strong>de</strong></span> <span class='ocrx_word' id='word_1_217' title='bbox 1535 2766 1651 2809; x_wconf 87' lang='lat' dir='ltr'><strong>libris</strong></span> 
     </span>
     <span class='ocr_line' id='line_1_31' title="bbox 250 2822 1650 2878; baseline 0.002 -14"><span class='ocrx_word' id='word_1_218' title='bbox 250 2830 258 2846; x_wconf 93' lang='lat'>‘</span> <span class='ocrx_word' id='word_1_219' title='bbox 281 2837 423 2865; x_wconf 87' lang='lat' dir='ltr'><strong>eorum</strong></span> <span class='ocrx_word' id='word_1_220' title='bbox 454 2836 557 2878; x_wconf 91' lang='lat' dir='ltr'><strong>quos</strong></span> <span class='ocrx_word' id='word_1_221' title='bbox 591 2822 826 2878; x_wconf 86' lang='lat' dir='ltr'><strong>praeclaros</strong></span> <span class='ocrx_word' id='word_1_222' title='bbox 855 2828 1045 2864; x_wconf 85' lang='lat' dir='ltr'><strong>auctores</strong></span> <span class='ocrx_word' id='word_1_223' title='bbox 1077 2822 1256 2865; x_wconf 87' lang='lat' dir='ltr'><strong>habent:</strong></span> <span class='ocrx_word' id='word_1_224' title='bbox 1288 2823 1364 2866; x_wconf 91' lang='lat' dir='ltr'><strong>hoc</strong></span> <span class='ocrx_word' id='word_1_225' title='bbox 1396 2829 1471 2873; x_wconf 47' lang='lat' dir='ltr'><strong>est,</strong></span> <span class='ocrx_word' id='word_1_226' title='bbox 1499 2838 1552 2866; x_wconf 88' lang='lat' dir='ltr'><strong>cx</strong></span> <span class='ocrx_word' id='word_1_227' title='bbox 1579 2824 1650 2867; x_wconf 85' lang='lat' dir='ltr'><strong>illa</strong></span> 
     </span>
    </p>
   </div>
   <div class='ocr_carea' id='block_1_9' title="bbox 186 2878 1650 2936">
    <p class='ocr_par' dir='ltr' id='par_1_14' title="bbox 186 2878 1650 2936">
     <span class='ocr_line' id='line_1_32' title="bbox 186 2878 1650 2936; baseline 0 -12"><span class='ocrx_word' id='word_1_228' title='bbox 186 2888 259 2926; x_wconf 80' lang='lat'><strong>30⁶</strong></span> <span class='ocrx_word' id='word_1_229' title='bbox 282 2880 459 2923; x_wconf 85' lang='lat' dir='ltr'><strong>veritate</strong></span> <span class='ocrx_word' id='word_1_230' title='bbox 480 2893 603 2936; x_wconf 89' lang='lat' dir='ltr'><strong>quam</strong></span> <span class='ocrx_word' id='word_1_231' title='bbox 623 2879 666 2922; x_wconf 90' lang='lat' dir='ltr'><strong>in</strong></span> <span class='ocrx_word' id='word_1_232' title='bbox 681 2879 897 2935; x_wconf 87' lang='lat' dir='ltr'><strong>iniquitate</strong></span> <span class='ocrx_word' id='word_1_233' title='bbox 917 2878 1131 2922; x_wconf 81' lang='lat' dir='ltr'><strong>detinent.&#39;</strong></span> <span class='ocrx_word' id='word_1_234' title='bbox 1172 2879 1284 2924; x_wconf 86' lang='lat' dir='ltr'><strong>Citat</strong></span> <span class='ocrx_word' id='word_1_235' title='bbox 1304 2881 1427 2924; x_wconf 80' lang='lat' dir='ltr'><strong>etiam</strong></span> <span class='ocrx_word' id='word_1_236' title='bbox 1449 2881 1516 2924; x_wconf 90' lang='lat' dir='ltr'><strong>lib.</strong></span> <span class='ocrx_word' id='word_1_237' title='bbox 1534 2895 1577 2923; x_wconf 91' lang='lat' dir='ltr'><strong>v1</strong></span> <span class='ocrx_word' id='word_1_238' title='bbox 1597 2882 1650 2924; x_wconf 88' lang='lat' dir='ltr'><strong>de</strong></span> 
     </span>
    </p>
   </div>
  </div>
 </body>
</html>
