2034 3204
441 254 524 295 DE
558 253 773 296 OPERE
810 253 890 295 ET
929 251 1414 294 ELEEMOSYNIS.
1551 253 1637 293 313

237 362 379 415 sitivi,
418 368 459 408 et
498 378 589 409 non
620 363 817 425 potastis
857 376 964 418 me‚·
1013 360 1172 424 hospes
1197 360 1298 424 fui,
1337 367 1379 407 et
1424 377 1515 407 non
1558 362 1640 407 ad-

238 438 440 486 duaeistis
476 456 574 492 me;
609 439 771 494 nudus,
795 445 837 486 et
868 455 960 486 non
995 439 1190 486 vestistis
1224 455 1316 491 me,·
1351 439 1564 501 infirmus
1599 445 1640 485 et

238 516 290 562 in
313 533 507 571 earcere,
531 525 573 564 et
607 533 698 564 non
731 518 950 564 visitastis
986 533 1068 563 me.
1144 516 1276 564 Tunc
1308 516 1640 579 respondebunt

238 599 280 640 et
325 595 430 657 ipsi,
472 595 680 648 dicentes,
722 594 938 650 Domine,
979 595 1162 657 quando
1208 601 1250 641 te
1295 594 1495 641 vidimus
1540 610 1638 640 esu-

202 672 429 723 5rientem
466 679 545 719 aut
578 674 821 728 sitientem,
858 679 937 719 aut
971 671 1190 735 hospitem
1226 679 1306 719 aut
1340 671 1527 726 nudum,
1562 678 1642 718 aut

239 750 474 811 infirmum
511 757 591 797 aut
625 751 676 797 in
711 766 904 805 earcere,
930 757 971 797 et
994 766 1086 796 non
1121 750 1486 796 ministravimus
1521 748 1642 795 tibi?

238 826 305 874 Et
337 828 623 891 respondebit
664 826 773 882 illis,
797 827 949 874 Amen
984 826 1087 872 dico
1120 824 1258 880 vobis,
1294 824 1514 888 quamdiu
1549 841 1641 871 non

223 903 414 966 fecistis
443 906 527 951 uni
562 922 620 952 ea’
650 903 857 951 minimis
891 903 977 958 his,
1002 919 1145 966 neque
1176 901 1292 950 mihi
1306 902 1508 965 fecistis.
1577 901 1643 949 Et

239 980 424 1029 abibunt
455 983 540 1029 isti
571 984 621 1029 in
645 982 970 1030 ambustionem
999 988 1246 1037 aeternam,
1257 981 1380 1043 justi
1411 987 1559 1028 autem
1590 982 1641 1027 in

179 1078 226 1103 10
239 1058 377 1104 vitam
402 1064 647 1106 aeternam.

306 1136 501 1183 XVIII.
539 1138 668 1191 Quid
711 1140 867 1198 potuit
907 1138 1044 1185 nobis
1081 1140 1238 1200 majus
1279 1139 1502 1185 Christus
1543 1138 1642 1184 edi·
1655 1152 1793 1184 Summa
1838 1195 1845 1201 .

237 1215 378 1260 cere?
429 1214 679 1268 Quomodo
718 1217 872 1278 magis
909 1216 1068 1276 potuit
1101 1216 1322 1278 justitiae
1363 1232 1416 1262 ac
1455 1216 1642 1262 miseri·
1653 1204 1859 1271 ζ’ξξζὲῗᾱῖζ

238 1290 425 1337 cordiae
443 1300 630 1338 nostrae
649 1308 792 1353 opera
813 1309 1067 1353 provocare
1090 1308 1233 1353 quam
1254 1294 1380 1353 quod
1408 1293 1638 1352 praestari
1652 1293 1816 1315 ⁰⁰¹¹¹¹¹²⁶¹¹‘

1652 1328 1754 1364 datio,
1770 1324 1860 1368 quod

237 1368 363 1414 dixit
394 1370 484 1415 sibi
519 1370 746 1431 quicquid
777 1371 936 1433 egenti
971 1378 1242 1431 praestatur
1274 1378 1323 1417 et
1356 1372 1569 1431 pauperi,
1594 1379 1641 1417 et
1653 1371 1815 1456 ἑξέξὲή

178 1458 225 1497 15
239 1457 288 1488 se
311 1442 436 1489 dixit
459 1443 634 1490 offendi
661 1446 753 1491 nisi
776 1447 932 1508 egenti
961 1453 1228 1506 praestetur
1249 1453 1297 1492 et
1320 1448 1518 1507 pauperi
1537 1462 1549 1502 ;
1587 1454 1641 1493 ut
1653 1459 1821 1490 dicuntur.

237 1520 322 1580 qui
362 1528 578 1581 respectu
613 1522 777 1569 fratris
818 1523 869 1569 in
906 1524 1120 1570 Ecclesia
1160 1540 1255 1570 non
1298 1534 1529 1580 movetur,
1567 1527 1641 1571 vel

238 1599 422 1646 Christi
456 1601 854 1660 contemplatione
888 1609 1151 1656 moveatur,
1184 1610 1231 1648 et
1265 1603 1348 1662 qui
1386 1619 1478 1649 non
1515 1604 1642 1665 cogi-

238 1682 309 1723 tat
345 1678 395 1723 in
431 1679 590 1724 labore
625 1684 768 1739 atque
802 1679 850 1724 in
888 1686 1097 1742 egestate
1127 1695 1421 1734 conservum,
1446 1683 1518 1726 vel
1544 1681 1643 1727 Do-

238 1754 424 1800 minum
461 1756 635 1817 cogitet
675 1757 724 1802 in
767 1757 870 1817 ipso
915 1757 998 1804 illo
1038 1774 1179 1818 quem
1221 1758 1422 1818 despicit
1467 1759 1641 1805 consti-

178 1851 227 1876 20
240 1838 399 1878 tutum
418 1833 441 1879 p
477 1833 547 1879 Et
580 1834 772 1890 idcirco,
795 1836 965 1881 fratres
1001 1836 1250 1891 carissimi,
1276 1836 1450 1896 quibus
1486 1844 1641 1883 metus

240 1909 292 1955 in
309 1909 466 1956 Deum
491 1926 668 1970 pronus
691 1918 776 1965 est,
795 1919 843 1958 et
867 1919 1026 1972 spreto
1042 1914 1315 1972 calcatoque
1332 1914 1434 1974 jam
1462 1915 1641 1959 mundo

240 1989 299 2033 ad
328 2003 536 2048 superna
565 1995 612 2035 et
643 1989 807 2035 divina
837 1990 1025 2036 animus
1049 1997 1231 2036 erectus
1255 1997 1342 2044 est,
1366 1990 1458 2036 fide
1486 1993 1640 2051 plena,

240 2071 398 2111 mente
429 2066 610 2120 devota,
641 2067 914 2126 operatione
941 2067 1182 2121 continua,
1207 2070 1518 2127 promerendo
1542 2069 1641 2114 Do-

240 2143 372 2188 mino
389 2144 668 2203 obsequium
695 2145 1019 2203 praebeamus·
1088 2145 1269 2191 Demus
1289 2146 1482 2192 Christo
1499 2148 1643 2194 vesti-

179 2230 227 2269 25
241 2226 402 2266 menta
419 2227 622 2275 terrena,
638 2221 918 2268 indumenta
935 2222 1155 2268 coelestia
1172 2224 1421 2283 recepturi.
1459 2224 1641 2271 Demus

240 2297 397 2343 cibum
423 2304 471 2343 et
500 2304 666 2358 potum
696 2301 998 2353 saecularem,
1025 2316 1133 2346 cum
1158 2300 1408 2347 Abraham
1434 2309 1483 2349 et
1508 2303 1642 2350 Isaac

240 2382 288 2420 et
312 2375 462 2421 Jacob
486 2377 545 2421 ad
569 2376 839 2423 convivium
867 2379 1065 2424 coeleste
1090 2378 1291 2424 venturi.
1365 2366 1438 2425 Ne
1469 2396 1641 2440 parum

242 2459 493 2508 metamus,
521 2454 783 2513 plurimum
817 2455 1118 2501 seminemus.
1189 2456 1444 2503 Securitati
1479 2474 1532 2504 ac
1567 2474 1642 2505 sa-

241 2530 333 2576 luti
377 2537 596 2577 aeternae
633 2533 746 2578 dum
790 2542 976 2594 tempus
1022 2540 1093 2579 est
1133 2536 1450 2588 consulamuS‚
1489 2536 1642 2583 Paulo

177 2622 229 2658 30
242 2607 476 2668 Apostolo
509 2610 804 2661 admonente,
840 2616 886 2655 et
921 2610 1118 2664 dicente,
1154 2609 1284 2674 Eryo
1324 2610 1432 2657 dum
1469 2618 1728 2674 tempusGaL
1749 2634 1860 2666 v1‚10,

241 2684 452 2731 habemus
475 2701 714 2748 operemur
737 2685 859 2748 quod
879 2685 1043 2733 bonum
1068 2693 1132 2733 est
1163 2687 1225 2734 ad
1251 2703 1417 2742 omnes,
1442 2690 1643 2736 mamime

242 2769 389 2810 autem
425 2763 488 2809 ad
521 2763 786 2810 domesticos
805 2764 940 2826 fidei.
1018 2763 1204 2811 Bonum
1241 2771 1389 2813 autem
1409 2765 1642 2829 facientes

243 2856 333 2888 non
358 2840 619 2903 deficiamus
639 2858 654 2893 ;
690 2848 886 2903 tempore
909 2842 1032 2888 enim
1056 2858 1139 2889 suo
1163 2849 1391 2894 metemus.
