<?xml version="1.0" encoding="UTF-8"?>
<!DOCTYPE html PUBLIC "-//W3C//DTD XHTML 1.0 Transitional//EN"
    "http://www.w3.org/TR/xhtml1/DTD/xhtml1-transitional.dtd">
<html xmlns="http://www.w3.org/1999/xhtml" xml:lang="en" lang="en">
 <head>
  <title>
</title>
<meta http-equiv="Content-Type" content="text/html;charset=utf-8" />
  <meta name='ocr-system' content='tesseract 3.04.00' />
  <meta name='ocr-capabilities' content='ocr_page ocr_carea ocr_par ocr_line ocrx_word'/>
</head>
<body>
  <div class='ocr_page' id='page_1' title='image "./scriptorumeccles01rout_0221.png"; bbox 0 0 2034 3204; ppageno 0'>
   <div class='ocr_carea' id='block_1_1' title="bbox 344 219 1625 266">
    <p class='ocr_par' dir='ltr' id='par_1_1' title="bbox 344 219 1625 266">
     <span class='ocr_line' id='line_1_1' title="bbox 344 219 1625 266; baseline -0.002 -2"><span class='ocrx_word' id='word_1_1' title='bbox 344 222 407 264; x_wconf 93' lang='lat' dir='ltr'>IN</span> <span class='ocrx_word' id='word_1_2' title='bbox 438 223 724 266; x_wconf 78' lang='lat' dir='ltr'><strong>TERTULL.</strong></span> <span class='ocrx_word' id='word_1_3' title='bbox 756 219 835 263; x_wconf 89' lang='lat' dir='ltr'>DE</span> <span class='ocrx_word' id='word_1_4' title='bbox 867 220 1242 263; x_wconf 84' lang='lat' dir='ltr'>PRAESCRIPT.</span> <span class='ocrx_word' id='word_1_5' title='bbox 1277 221 1451 262; x_wconf 83' lang='lat' dir='ltr'><strong>HAER.</strong></span> <span class='ocrx_word' id='word_1_6' title='bbox 1541 224 1625 263; x_wconf 72' lang='lat'>205</span> 
     </span>
    </p>
   </div>
   <div class='ocr_carea' id='block_1_2' title="bbox 169 328 1636 2918">
    <p class='ocr_par' dir='ltr' id='par_1_2' title="bbox 169 328 1636 2918">
     <span class='ocr_line' id='line_1_2' title="bbox 229 328 1629 386; baseline 0.001 -15"><span class='ocrx_word' id='word_1_7' title='bbox 229 329 407 372; x_wconf 88' lang='lat' dir='ltr'>Franek.</span> <span class='ocrx_word' id='word_1_8' title='bbox 422 338 578 386; x_wconf 73' lang='lat' dir='ltr'>postea</span> <span class='ocrx_word' id='word_1_9' title='bbox 597 330 769 372; x_wconf 75' lang='lat' dir='ltr'>obortae</span> <span class='ocrx_word' id='word_1_10' title='bbox 788 333 897 378; x_wconf 88' lang='lat' dir='ltr'>suut,</span> <span class='ocrx_word' id='word_1_11' title='bbox 918 333 962 370; x_wconf 88' lang='lat' dir='ltr'>et</span> <span class='ocrx_word' id='word_1_12' title='bbox 981 328 1196 384; x_wconf 68' lang='lat' dir='ltr'>quasdam</span> <span class='ocrx_word' id='word_1_13' title='bbox 1216 342 1268 370; x_wconf 76' lang='lat' dir='ltr'>ex</span> <span class='ocrx_word' id='word_1_14' title='bbox 1286 328 1380 370; x_wconf 67' lang='lat' dir='ltr'>illie</span> <span class='ocrx_word' id='word_1_15' title='bbox 1392 330 1629 384; x_wconf 68' lang='lat' dir='ltr'>‘opinicmee</span> 
     </span>
     <span class='ocr_line' id='line_1_3' title="bbox 227 395 1629 500; baseline -0.001 -15"><span class='ocrx_word' id='word_1_16' title='bbox 227 395 609 499; x_wconf 42' lang='lat' dir='ltr'>uevgpsslggrulntffl·</span> <span class='ocrx_word' id='word_1_17' title='bbox 648 442 923 500; x_wconf 87' lang='lat' dir='ltr'>praecedente</span> <span class='ocrx_word' id='word_1_18' title='bbox 956 441 1026 484; x_wconf 93' lang='lat' dir='ltr'>illo</span> <span class='ocrx_word' id='word_1_19' title='bbox 1060 442 1142 483; x_wconf 88' lang='lat' dir='ltr'>fine</span> <span class='ocrx_word' id='word_1_20' title='bbox 1177 442 1414 498; x_wconf 85' lang='lat' dir='ltr'>supradicto</span> <span class='ocrx_word' id='word_1_21' title='bbox 1454 443 1629 499; x_wconf 85' lang='lat' dir='ltr'>posteri-</span> 
     </span>
     <span class='ocr_line' id='line_1_4' title="bbox 227 500 1628 558; baseline -0.001 -15"><span class='ocrx_word' id='word_1_22' title='bbox 227 501 344 556; x_wconf 90' lang='lat' dir='ltr'>tatis]</span> <span class='ocrx_word' id='word_1_23' title='bbox 373 501 488 558; x_wconf 92' lang='lat' dir='ltr'>Lego</span> <span class='ocrx_word' id='word_1_24' title='bbox 508 501 783 558; x_wconf 82' lang='lat' dir='ltr'>praecedente</span> <span class='ocrx_word' id='word_1_25' title='bbox 801 501 1000 556; x_wconf 74' lang='lat' dir='ltr'>illofaeme</span> <span class='ocrx_word' id='word_1_26' title='bbox 1018 500 1272 556; x_wconf 64' lang='lat' dir='ltr'>supradicto</span> <span class='ocrx_word' id='word_1_27' title='bbox 1286 502 1572 556; x_wconf 70' lang='lat' dir='ltr'>posteritatis,</span> <span class='ocrx_word' id='word_1_28' title='bbox 1585 500 1628 542; x_wconf 84' lang='lat' dir='ltr'>id</span> 
     </span>
     <span class='ocr_line' id='line_1_5' title="bbox 191 557 1630 614; baseline -0.002 -12"><span class='ocrx_word' id='word_1_29' title='bbox 191 564 215 603; x_wconf 88' lang='lat'>5</span> <span class='ocrx_word' id='word_1_30' title='bbox 229 564 304 608; x_wconf 85' lang='lat' dir='ltr'>est,</span> <span class='ocrx_word' id='word_1_31' title='bbox 335 558 481 601; x_wconf 81' lang='lat' dir='ltr'>ordine</span> <span class='ocrx_word' id='word_1_32' title='bbox 510 557 786 607; x_wconf 82' lang='lat' dir='ltr'>successionis,</span> <span class='ocrx_word' id='word_1_33' title='bbox 817 572 899 614; x_wconf 90' lang='lat' dir='ltr'>quo</span> <span class='ocrx_word' id='word_1_34' title='bbox 929 563 1127 614; x_wconf 79' lang='lat' dir='ltr'>tanquam</span> <span class='ocrx_word' id='word_1_35' title='bbox 1157 557 1255 599; x_wconf 88' lang='lat' dir='ltr'>fune</span> <span class='ocrx_word' id='word_1_36' title='bbox 1287 558 1343 599; x_wconf 87' lang='lat' dir='ltr'>ad</span> <span class='ocrx_word' id='word_1_37' title='bbox 1373 557 1630 614; x_wconf 83' lang='lat' dir='ltr'>Apostolicas</span> 
     </span>
     <span class='ocr_line' id='line_1_6' title="bbox 229 615 1625 672; baseline -0.001 -14"><span class='ocrx_word' id='word_1_38' title='bbox 229 615 433 658; x_wconf 76' lang='lat' dir='ltr'>Ecclesiae</span> <span class='ocrx_word' id='word_1_39' title='bbox 464 615 765 666; x_wconf 78' lang='lat' dir='ltr'>conscenditur,</span> <span class='ocrx_word' id='word_1_40' title='bbox 796 622 843 658; x_wconf 91' lang='lat' dir='ltr'>ut</span> <span class='ocrx_word' id='word_1_41' title='bbox 872 629 948 671; x_wconf 86' lang='lat' dir='ltr'>cap</span> <span class='ocrx_word' id='word_1_42' title='bbox 980 647 990 658; x_wconf 92' lang='lat'><em>.</em></span> <span class='ocrx_word' id='word_1_43' title='bbox 1020 629 1070 671; x_wconf 86' lang='lat'>3¹</span> <span class='ocrx_word' id='word_1_44' title='bbox 1107 619 1151 656; x_wconf 88' lang='lat' dir='ltr'>et</span> <span class='ocrx_word' id='word_1_45' title='bbox 1181 627 1235 670; x_wconf 87' lang='lat'>32</span> <span class='ocrx_word' id='word_1_46' title='bbox 1267 615 1429 672; x_wconf 84' lang='lat' dir='ltr'>copiose</span> <span class='ocrx_word' id='word_1_47' title='bbox 1458 615 1625 658; x_wconf 88' lang='lat' dir='ltr'>dictum.</span> 
     </span>
     <span class='ocr_line' id='line_1_7' title="bbox 227 672 1630 730; baseline 0 -15"><span class='ocrx_word' id='word_1_48' title='bbox 227 673 337 716; x_wconf 88' lang='lat' dir='ltr'>Nam</span> <span class='ocrx_word' id='word_1_49' title='bbox 357 687 381 715; x_wconf 92' lang='lat' dir='ltr'>e</span> <span class='ocrx_word' id='word_1_50' title='bbox 401 673 564 715; x_wconf 87' lang='lat' dir='ltr'>diverso</span> <span class='ocrx_word' id='word_1_51' title='bbox 594 672 924 730; x_wconf 86' lang='lat' dir='ltr'>deprehenditur</span> <span class='ocrx_word' id='word_1_52' title='bbox 1030 686 1178 715; x_wconf 88' lang='lat' dir='ltr'>reseon</span> <span class='ocrx_word' id='word_1_53' title='bbox 1206 672 1379 715; x_wconf 88' lang='lat' dir='ltr'>istarum</span> <span class='ocrx_word' id='word_1_54' title='bbox 1410 673 1630 730; x_wconf 76' lang='lat' dir='ltr'>posteritas</span> 
     </span>
     <span class='ocr_line' id='line_1_8' title="bbox 227 729 1630 788; baseline 0 -16"><span class='ocrx_word' id='word_1_55' title='bbox 227 730 327 773; x_wconf 86' lang='lat' dir='ltr'>fune</span> <span class='ocrx_word' id='word_1_56' title='bbox 346 730 454 774; x_wconf 89' lang='lat' dir='ltr'>illius</span> <span class='ocrx_word' id='word_1_57' title='bbox 477 731 637 788; x_wconf 88' lang='lat' dir='ltr'>pariter</span> <span class='ocrx_word' id='word_1_58' title='bbox 658 731 888 773; x_wconf 87' lang='lat' dir='ltr'>observato.</span> <span class='ocrx_word' id='word_1_59' title='bbox 918 731 946 773; x_wconf 87' lang='lat' dir='ltr'>J</span> <span class='ocrx_word' id='word_1_60' title='bbox 952 730 1148 773; x_wconf 84' lang='lat' dir='ltr'>UNIUS.</span> <span class='ocrx_word' id='word_1_61' title='bbox 1211 729 1280 772; x_wconf 87' lang='lat' dir='ltr'>Sic</span> <span class='ocrx_word' id='word_1_62' title='bbox 1306 745 1424 772; x_wconf 88' lang='lat' dir='ltr'>orsus</span> <span class='ocrx_word' id='word_1_63' title='bbox 1444 736 1507 773; x_wconf 86' lang='lat' dir='ltr'>est</span> <span class='ocrx_word' id='word_1_64' title='bbox 1527 731 1630 773; x_wconf 88' lang='lat' dir='ltr'>Ter-</span> 
     </span>
     <span class='ocr_line' id='line_1_9' title="bbox 227 787 1629 845; baseline -0.001 -14"><span class='ocrx_word' id='word_1_65' title='bbox 227 787 423 831; x_wconf 80' lang='lat' dir='ltr'>tullianus</span> <span class='ocrx_word' id='word_1_66' title='bbox 452 788 546 831; x_wconf 86' lang='lat' dir='ltr'>adv.</span> <span class='ocrx_word' id='word_1_67' title='bbox 567 789 596 831; x_wconf 87' lang='lat' dir='ltr'>J</span> <span class='ocrx_word' id='word_1_68' title='bbox 600 788 752 830; x_wconf 90' lang='lat' dir='ltr'>udaeos</span> <span class='ocrx_word' id='word_1_69' title='bbox 781 788 946 840; x_wconf 88' lang='lat' dir='ltr'>librum,</span> <span class='ocrx_word' id='word_1_70' title='bbox 969 794 979 811; x_wconf 92' lang='lat'>‘</span> <span class='ocrx_word' id='word_1_71' title='bbox 997 787 1190 830; x_wconf 83' lang='lat' dir='ltr'>Proxime</span> <span class='ocrx_word' id='word_1_72' title='bbox 1219 788 1380 837; x_wconf 89' lang='lat' dir='ltr'>accidit,</span> <span class='ocrx_word' id='word_1_73' title='bbox 1405 788 1629 845; x_wconf 86' lang='lat' dir='ltr'>disputatio</span> 
     </span>
     <span class='ocr_line' id='line_1_10' title="bbox 169 844 1631 902; baseline 0.003 -18"><span class='ocrx_word' id='word_1_74' title='bbox 169 852 240 884; x_wconf 90' lang='lat'>10‘</span> <span class='ocrx_word' id='word_1_75' title='bbox 258 845 402 888; x_wconf 88' lang='lat' dir='ltr'>habita</span> <span class='ocrx_word' id='word_1_76' title='bbox 431 852 494 888; x_wconf 88' lang='lat' dir='ltr'>est</span> <span class='ocrx_word' id='word_1_77' title='bbox 525 846 762 889; x_wconf 85' lang='lat' dir='ltr'>Christiano</span> <span class='ocrx_word' id='word_1_78' title='bbox 791 851 834 888; x_wconf 92' lang='lat' dir='ltr'>et</span> <span class='ocrx_word' id='word_1_79' title='bbox 863 845 1075 902; x_wconf 87' lang='lat' dir='ltr'>proselyto</span> <span class='ocrx_word' id='word_1_80' title='bbox 1104 844 1292 895; x_wconf 76' lang='lat' dir='ltr'>Judae03</span> <span class='ocrx_word' id='word_1_81' title='bbox 1323 845 1495 888; x_wconf 87' lang='lat' dir='ltr'>alternis</span> <span class='ocrx_word' id='word_1_82' title='bbox 1525 846 1631 888; x_wconf 84' lang='lat' dir='ltr'>voci-</span> 
     </span>
     <span class='ocr_line' id='line_1_11' title="bbox 230 902 1611 960; baseline 0.001 -15"><span class='ocrx_word' id='word_1_83' title='bbox 230 909 240 927; x_wconf 82' lang='lat'><strong><em>⁴</em></strong></span> <span class='ocrx_word' id='word_1_84' title='bbox 258 903 335 946; x_wconf 90' lang='lat' dir='ltr'>bus</span> <span class='ocrx_word' id='word_1_85' title='bbox 355 904 608 946; x_wconf 87' lang='lat' dir='ltr'>contentioso</span> <span class='ocrx_word' id='word_1_86' title='bbox 615 905 730 959; x_wconf 77' lang='lat' dir='ltr'>fane</span> <span class='ocrx_word' id='word_1_87' title='bbox 749 909 925 960; x_wconf 91' lang='lat' dir='ltr'>uterque</span> <span class='ocrx_word' id='word_1_88' title='bbox 945 903 1052 946; x_wconf 87' lang='lat' dir='ltr'>diem</span> <span class='ocrx_word' id='word_1_89' title='bbox 1073 902 1115 944; x_wconf 90' lang='lat' dir='ltr'>in</span> <span class='ocrx_word' id='word_1_90' title='bbox 1131 917 1344 960; x_wconf 85' lang='lat' dir='ltr'>vesperam</span> <span class='ocrx_word' id='word_1_91' title='bbox 1367 907 1611 946; x_wconf 68' lang='lat' dir='ltr'>traxerunt!</span> 
     </span>
     <span class='ocr_line' id='line_1_12' title="bbox 287 960 1465 1025; baseline 0.002 -23"><span class='ocrx_word' id='word_1_92' title='bbox 287 961 334 1002; x_wconf 92' lang='lat' dir='ltr'>P.</span> <span class='ocrx_word' id='word_1_93' title='bbox 358 974 450 1016; x_wconf 84' lang='lat'>151.</span> <span class='ocrx_word' id='word_1_94' title='bbox 471 961 496 1003; x_wconf 91' lang='lat'>1.</span> <span class='ocrx_word' id='word_1_95' title='bbox 515 975 555 1016; x_wconf 83' lang='lat'>5.</span> <span class='ocrx_word' id='word_1_96' title='bbox 577 960 850 1018; x_wconf 87' lang='lat' dir='ltr'>respondere]</span> <span class='ocrx_word' id='word_1_97' title='bbox 875 961 990 1003; x_wconf 86' lang='lat' dir='ltr'>Fors.</span> <span class='ocrx_word' id='word_1_98' title='bbox 1012 960 1233 1025; x_wconf 81' lang='lat' dir='ltr'>legendum</span> <span class='ocrx_word' id='word_1_99' title='bbox 1254 975 1465 1017; x_wconf 79' lang='lat' dir='ltr'>reponere.</span> 
     </span>
     <span class='ocr_line' id='line_1_13' title="bbox 288 1018 1631 1075; baseline 0 -15"><span class='ocrx_word' id='word_1_100' title='bbox 288 1018 393 1061; x_wconf 90' lang='lat' dir='ltr'>Ibid.</span> <span class='ocrx_word' id='word_1_101' title='bbox 415 1018 441 1060; x_wconf 91' lang='lat' dir='ltr'>l.</span> <span class='ocrx_word' id='word_1_102' title='bbox 464 1032 528 1074; x_wconf 86' lang='lat'>13.</span> <span class='ocrx_word' id='word_1_103' title='bbox 552 1019 675 1070; x_wconf 84' lang='lat' dir='ltr'>Quod</span> <span class='ocrx_word' id='word_1_104' title='bbox 700 1019 754 1060; x_wconf 91' lang='lat' dir='ltr'>ab</span> <span class='ocrx_word' id='word_1_105' title='bbox 776 1019 982 1075; x_wconf 87' lang='lat' dir='ltr'>Apostolis</span> <span class='ocrx_word' id='word_1_106' title='bbox 1009 1025 1151 1074; x_wconf 79' lang='lat' dir='ltr'>utique</span> <span class='ocrx_word' id='word_1_107' title='bbox 1181 1033 1263 1060; x_wconf 89' lang='lat' dir='ltr'>non</span> <span class='ocrx_word' id='word_1_108' title='bbox 1283 1018 1521 1074; x_wconf 85' lang='lat' dir='ltr'>damnatur]</span> <span class='ocrx_word' id='word_1_109' title='bbox 1548 1019 1631 1060; x_wconf 81' lang='lat' dir='ltr'>Ex-</span> 
     </span>
     <span class='ocr_line' id='line_1_14' title="bbox 229 1075 1629 1133; baseline 0.001 -16"><span class='ocrx_word' id='word_1_110' title='bbox 229 1076 377 1133; x_wconf 87' lang='lat' dir='ltr'>punxit</span> <span class='ocrx_word' id='word_1_111' title='bbox 403 1076 730 1133; x_wconf 87' lang='lat' dir='ltr'>conjunctionem</span> <span class='ocrx_word' id='word_1_112' title='bbox 751 1078 865 1132; x_wconf 82' lang='lat' dir='ltr'>quod</span> <span class='ocrx_word' id='word_1_113' title='bbox 895 1082 1072 1132; x_wconf 87' lang='lat' dir='ltr'>utraque</span> <span class='ocrx_word' id='word_1_114' title='bbox 1098 1075 1278 1118; x_wconf 85' lang='lat' dir='ltr'>editione</span> <span class='ocrx_word' id='word_1_115' title='bbox 1305 1091 1381 1118; x_wconf 89' lang='lat' dir='ltr'>sua</span> <span class='ocrx_word' id='word_1_116' title='bbox 1408 1076 1629 1133; x_wconf 86' lang='lat' dir='ltr'>Rigaltius,</span> 
     </span>
     <span class='ocr_line' id='line_1_15' title="bbox 170 1133 1630 1190; baseline 0 -14"><span class='ocrx_word' id='word_1_117' title='bbox 170 1143 216 1182; x_wconf 84' lang='lat'>¹5</span> <span class='ocrx_word' id='word_1_118' title='bbox 230 1147 337 1190; x_wconf 89' lang='lat' dir='ltr'>quae</span> <span class='ocrx_word' id='word_1_119' title='bbox 356 1133 521 1190; x_wconf 88' lang='lat' dir='ltr'>quidem</span> <span class='ocrx_word' id='word_1_120' title='bbox 552 1134 595 1176; x_wconf 88' lang='lat' dir='ltr'>in</span> <span class='ocrx_word' id='word_1_121' title='bbox 625 1133 872 1176; x_wconf 85' lang='lat' dir='ltr'>editionibus</span> <span class='ocrx_word' id='word_1_122' title='bbox 900 1133 1183 1176; x_wconf 88' lang='lat' dir='ltr'>Rhenanianis</span> <span class='ocrx_word' id='word_1_123' title='bbox 1214 1134 1325 1175; x_wconf 88' lang='lat' dir='ltr'>haud</span> <span class='ocrx_word' id='word_1_124' title='bbox 1355 1140 1525 1190; x_wconf 85' lang='lat' dir='ltr'>reperta</span> <span class='ocrx_word' id='word_1_125' title='bbox 1553 1139 1630 1182; x_wconf 88' lang='lat' dir='ltr'>est,</span> 
     </span>
     <span class='ocr_line' id='line_1_16' title="bbox 228 1190 1632 1248; baseline 0.001 -15"><span class='ocrx_word' id='word_1_126' title='bbox 228 1191 303 1234; x_wconf 85' lang='lat' dir='ltr'>sed</span> <span class='ocrx_word' id='word_1_127' title='bbox 329 1197 467 1234; x_wconf 89' lang='lat' dir='ltr'>tamen</span> <span class='ocrx_word' id='word_1_128' title='bbox 494 1191 538 1234; x_wconf 90' lang='lat' dir='ltr'>in</span> <span class='ocrx_word' id='word_1_129' title='bbox 564 1191 743 1234; x_wconf 89' lang='lat' dir='ltr'>editione</span> <span class='ocrx_word' id='word_1_130' title='bbox 764 1191 952 1233; x_wconf 87' lang='lat' dir='ltr'>Parisina</span> <span class='ocrx_word' id='word_1_131' title='bbox 977 1190 1074 1233; x_wconf 88' lang='lat' dir='ltr'>anni</span> <span class='ocrx_word' id='word_1_132' title='bbox 1104 1204 1207 1246; x_wconf 85' lang='lat'>¹455</span> <span class='ocrx_word' id='word_1_133' title='bbox 1229 1191 1420 1248; x_wconf 87' lang='lat' dir='ltr'>suppleta</span> <span class='ocrx_word' id='word_1_134' title='bbox 1445 1198 1522 1241; x_wconf 86' lang='lat' dir='ltr'>est,</span> <span class='ocrx_word' id='word_1_135' title='bbox 1543 1198 1586 1234; x_wconf 87' lang='lat' dir='ltr'>et</span> <span class='ocrx_word' id='word_1_136' title='bbox 1605 1206 1632 1233; x_wconf 88' lang='lat' dir='ltr'>a</span> 
     </span>
     <span class='ocr_line' id='line_1_17' title="bbox 230 1248 1032 1305; baseline 0.001 -15"><span class='ocrx_word' id='word_1_137' title='bbox 230 1248 293 1291; x_wconf 90' lang='lat' dir='ltr'>Lu</span> <span class='ocrx_word' id='word_1_138' title='bbox 325 1263 349 1290; x_wconf 94' lang='grc' dir='ltr'>ο</span> <span class='ocrx_word' id='word_1_139' title='bbox 370 1249 672 1305; x_wconf 88' lang='lat' dir='ltr'>Thomasioque</span> <span class='ocrx_word' id='word_1_140' title='bbox 691 1254 805 1291; x_wconf 89' lang='lat' dir='ltr'>recte</span> <span class='ocrx_word' id='word_1_141' title='bbox 825 1248 1032 1291; x_wconf 88' lang='lat' dir='ltr'>restituta.</span> 
     </span>
     <span class='ocr_line' id='line_1_18' title="bbox 313 1305 1630 1363; baseline 0.001 -15"><span class='ocrx_word' id='word_1_142' title='bbox 313 1305 394 1348; x_wconf 91' lang='lat' dir='ltr'>bid.</span> <span class='ocrx_word' id='word_1_143' title='bbox 427 1307 456 1348; x_wconf 92' lang='lat' dir='ltr'>l.</span> <span class='ocrx_word' id='word_1_144' title='bbox 485 1309 547 1348; x_wconf 76' lang='lat'>18.</span> <span class='ocrx_word' id='word_1_145' title='bbox 591 1306 868 1349; x_wconf 86' lang='lat' dir='ltr'>curiositatem</span> <span class='ocrx_word' id='word_1_146' title='bbox 908 1306 1053 1348; x_wconf 90' lang='lat' dir='ltr'>melius</span> <span class='ocrx_word' id='word_1_147' title='bbox 1091 1307 1303 1359; x_wconf 77' lang='lat' dir='ltr'>exercere]</span> <span class='ocrx_word' id='word_1_148' title='bbox 1349 1305 1503 1349; x_wconf 83' lang='lat' dir='ltr'>Confer</span> <span class='ocrx_word' id='word_1_149' title='bbox 1542 1306 1630 1363; x_wconf 78' lang='lat' dir='ltr'>Jam</span> 
     </span>
     <span class='ocr_line' id='line_1_19' title="bbox 169 1363 1629 1478; baseline -0.001 -15"><span class='ocrx_word' id='word_1_150' title='bbox 169 1363 785 1478; x_wconf 44' lang='lat' dir='ltr'>zosuqffiduictpoizpoff.qigfl</span> <span class='ocrx_word' id='word_1_151' title='bbox 805 1420 917 1478; x_wconf 83' lang='lat' dir='ltr'>ipsae</span> <span class='ocrx_word' id='word_1_152' title='bbox 936 1419 1072 1462; x_wconf 87' lang='lat' dir='ltr'>adhuc</span> <span class='ocrx_word' id='word_1_153' title='bbox 1093 1420 1317 1462; x_wconf 86' lang='lat' dir='ltr'>cathedrae</span> <span class='ocrx_word' id='word_1_154' title='bbox 1334 1420 1629 1477; x_wconf 86' lang='lat' dir='ltr'>Apostolorum</span> 
     </span>
     <span class='ocr_line' id='line_1_20' title="bbox 230 1477 1632 1535; baseline 0 -15"><span class='ocrx_word' id='word_1_155' title='bbox 230 1477 314 1520; x_wconf 88' lang='lat' dir='ltr'>suis</span> <span class='ocrx_word' id='word_1_156' title='bbox 348 1478 446 1520; x_wconf 90' lang='lat' dir='ltr'>locis</span> <span class='ocrx_word' id='word_1_157' title='bbox 480 1478 734 1535; x_wconf 83' lang='lat' dir='ltr'>praesident]</span> <span class='ocrx_word' id='word_1_158' title='bbox 771 1478 813 1521; x_wconf 88' lang='lat' dir='ltr'>S.</span> <span class='ocrx_word' id='word_1_159' title='bbox 846 1477 1034 1535; x_wconf 89' lang='lat' dir='ltr'>Ignatius</span> <span class='ocrx_word' id='word_1_160' title='bbox 1067 1477 1183 1520; x_wconf 88' lang='lat' dir='ltr'>initio</span> <span class='ocrx_word' id='word_1_161' title='bbox 1217 1477 1427 1534; x_wconf 83' lang='lat' dir='ltr'>Epistolae</span> <span class='ocrx_word' id='word_1_162' title='bbox 1461 1479 1515 1520; x_wconf 84' lang='lat' dir='ltr'>ad</span> <span class='ocrx_word' id='word_1_163' title='bbox 1548 1479 1632 1520; x_wconf 85' lang='lat' dir='ltr'>Ro-</span> 
     </span>
     <span class='ocr_line' id='line_1_21' title="bbox 229 1535 1632 1592; baseline 0 -14"><span class='ocrx_word' id='word_1_164' title='bbox 229 1538 663 1592; x_wconf 44' lang='lat' dir='ltr'>manoa—’Ennavia</span> <span class='ocrx_word' id='word_1_165' title='bbox 687 1537 771 1588; x_wconf 84' lang='grc' dir='ltr'>ἥτις</span> <span class='ocrx_word' id='word_1_166' title='bbox 801 1536 865 1578; x_wconf 83' lang='grc' dir='ltr'>καὶ</span> <span class='ocrx_word' id='word_1_167' title='bbox 893 1535 1135 1589; x_wconf 77' lang='grc' dir='ltr'>προκάθηται</span> <span class='ocrx_word' id='word_1_168' title='bbox 1162 1537 1207 1577; x_wconf 74' lang='grc' dir='ltr'>ἐν</span> <span class='ocrx_word' id='word_1_169' title='bbox 1233 1537 1340 1592; x_wconf 79' lang='grc' dir='ltr'>τόπῳ</span> <span class='ocrx_word' id='word_1_170' title='bbox 1366 1538 1512 1590; x_wconf 82' lang='grc' dir='ltr'>χωρίου</span> <span class='ocrx_word' id='word_1_171' title='bbox 1538 1535 1632 1578; x_wconf 80' lang='grc' dir='ltr'>Ῥω-</span> 
     </span>
     <span class='ocr_line' id='line_1_22' title="bbox 230 1592 1632 1650; baseline 0 -14"><span class='ocrx_word' id='word_1_172' title='bbox 230 1594 370 1646; x_wconf 83' lang='grc' dir='ltr'>μαίων.</span> <span class='ocrx_word' id='word_1_173' title='bbox 431 1593 503 1636; x_wconf 86' lang='lat' dir='ltr'>Sin</span> <span class='ocrx_word' id='word_1_174' title='bbox 533 1600 672 1636; x_wconf 86' lang='lat' dir='ltr'>autem</span> <span class='ocrx_word' id='word_1_175' title='bbox 701 1594 743 1635; x_wconf 91' lang='lat' dir='ltr'>in</span> <span class='ocrx_word' id='word_1_176' title='bbox 774 1608 937 1635; x_wconf 87' lang='lat' dir='ltr'>sensum</span> <span class='ocrx_word' id='word_1_177' title='bbox 967 1592 1180 1650; x_wconf 89' lang='lat' dir='ltr'>proprium</span> <span class='ocrx_word' id='word_1_178' title='bbox 1205 1593 1334 1635; x_wconf 87' lang='lat' dir='ltr'>verba</span> <span class='ocrx_word' id='word_1_179' title='bbox 1362 1593 1632 1650; x_wconf 83' lang='lat' dir='ltr'>accipiantur,</span> 
     </span>
     <span class='ocr_line' id='line_1_23' title="bbox 169 1651 1631 1766; baseline -0.001 -14"><span class='ocrx_word' id='word_1_180' title='bbox 169 1651 1631 1766; x_wconf 50' lang='lat' dir='ltr'>25ffl03t⁶l2ifssniafflssgssbfiff⁰ffgffl&#39;aeZffJ&#39;Xssssbi‘e&#39;iussLZissh</span> 
     </span>
     <span class='ocr_line' id='line_1_24' title="bbox 231 1765 1631 1823; baseline -0.001 -15"><span class='ocrx_word' id='word_1_181' title='bbox 231 1765 431 1808; x_wconf 87' lang='lat' dir='ltr'>cathedra</span> <span class='ocrx_word' id='word_1_182' title='bbox 457 1766 848 1823; x_wconf 87' lang='lat' dir='ltr'>Hierosolymitana,</span> <span class='ocrx_word' id='word_1_183' title='bbox 869 1767 979 1822; x_wconf 92' lang='lat' dir='ltr'>quod</span> <span class='ocrx_word' id='word_1_184' title='bbox 1010 1781 1063 1808; x_wconf 80' lang='lat' dir='ltr'>ex</span> <span class='ocrx_word' id='word_1_185' title='bbox 1087 1765 1255 1808; x_wconf 88' lang='lat' dir='ltr'>Eusebii</span> <span class='ocrx_word' id='word_1_186' title='bbox 1277 1766 1475 1816; x_wconf 74' lang='lat' dir='ltr'>Historia,</span> <span class='ocrx_word' id='word_1_187' title='bbox 1496 1767 1567 1809; x_wconf 91' lang='lat' dir='ltr'>lib.</span> <span class='ocrx_word' id='word_1_188' title='bbox 1592 1779 1631 1822; x_wconf 90' lang='lat'>7,</span> 
     </span>
     <span class='ocr_line' id='line_1_25' title="bbox 231 1823 1633 1880; baseline 0.001 -15"><span class='ocrx_word' id='word_1_189' title='bbox 231 1837 281 1866; x_wconf 89' lang='lat' dir='ltr'>ca</span> <span class='ocrx_word' id='word_1_190' title='bbox 312 1855 322 1865; x_wconf 88' lang='lat'><strong>.</strong></span> <span class='ocrx_word' id='word_1_191' title='bbox 348 1837 414 1873; x_wconf 92' lang='lat'>10,</span> <span class='ocrx_word' id='word_1_192' title='bbox 435 1830 623 1874; x_wconf 81' lang='lat' dir='ltr'>coustat3</span> <span class='ocrx_word' id='word_1_193' title='bbox 663 1829 790 1880; x_wconf 88' lang='lat' dir='ltr'>atque</span> <span class='ocrx_word' id='word_1_194' title='bbox 819 1829 867 1866; x_wconf 87' lang='lat' dir='ltr'>ut</span> <span class='ocrx_word' id='word_1_195' title='bbox 886 1824 1045 1866; x_wconf 86' lang='lat' dir='ltr'>Romae</span> <span class='ocrx_word' id='word_1_196' title='bbox 1075 1823 1191 1866; x_wconf 89' lang='lat' dir='ltr'>Petri</span> <span class='ocrx_word' id='word_1_197' title='bbox 1211 1824 1403 1880; x_wconf 90' lang='lat' dir='ltr'>Apostoli</span> <span class='ocrx_word' id='word_1_198' title='bbox 1433 1825 1633 1867; x_wconf 84' lang='lat' dir='ltr'>cathedra</span> 
     </span>
     <span class='ocr_line' id='line_1_26' title="bbox 232 1880 775 1924; baseline 0 -1"><span class='ocrx_word' id='word_1_199' title='bbox 232 1880 288 1923; x_wconf 85' lang='lat' dir='ltr'>ad</span> <span class='ocrx_word' id='word_1_200' title='bbox 317 1895 369 1923; x_wconf 91' lang='lat' dir='ltr'>uc</span> <span class='ocrx_word' id='word_1_201' title='bbox 387 1887 547 1924; x_wconf 85' lang='lat' dir='ltr'>restare</span> <span class='ocrx_word' id='word_1_202' title='bbox 567 1881 775 1924; x_wconf 86' lang='lat' dir='ltr'>credatur.</span> 
     </span>
     <span class='ocr_line' id='line_1_27' title="bbox 292 1937 1630 1997; baseline 0.001 -17"><span class='ocrx_word' id='word_1_203' title='bbox 292 1937 398 1981; x_wconf 90' lang='lat' dir='ltr'>Ibid.</span> <span class='ocrx_word' id='word_1_204' title='bbox 430 1938 458 1980; x_wconf 93' lang='lat' dir='ltr'>l.</span> <span class='ocrx_word' id='word_1_205' title='bbox 483 1951 550 1982; x_wconf 86' lang='lat'>21.</span> <span class='ocrx_word' id='word_1_206' title='bbox 585 1938 848 1981; x_wconf 83' lang='lat' dir='ltr'>authenticae</span> <span class='ocrx_word' id='word_1_207' title='bbox 881 1937 1063 1994; x_wconf 84' lang='lat' dir='ltr'>litterae]</span> <span class='ocrx_word' id='word_1_208' title='bbox 1102 1938 1266 1997; x_wconf 88' lang='lat' dir='ltr'>Lingua</span> <span class='ocrx_word' id='word_1_209' title='bbox 1299 1938 1453 1981; x_wconf 86' lang='lat' dir='ltr'>scilicet</span> <span class='ocrx_word' id='word_1_210' title='bbox 1486 1939 1630 1982; x_wconf 86' lang='lat' dir='ltr'>eadem</span> 
     </span>
     <span class='ocr_line' id='line_1_28' title="bbox 170 1995 1632 2053; baseline 0.001 -16"><span class='ocrx_word' id='word_1_211' title='bbox 170 2010 221 2046; x_wconf 85' lang='lat'>30</span> <span class='ocrx_word' id='word_1_212' title='bbox 233 2009 316 2052; x_wconf 91' lang='lat' dir='ltr'>qua</span> <span class='ocrx_word' id='word_1_213' title='bbox 335 1995 502 2039; x_wconf 82' lang='lat' dir='ltr'>fuerant</span> <span class='ocrx_word' id='word_1_214' title='bbox 521 1997 574 2038; x_wconf 91' lang='lat' dir='ltr'>ab</span> <span class='ocrx_word' id='word_1_215' title='bbox 596 1996 804 2053; x_wconf 84' lang='lat' dir='ltr'>Apostolis</span> <span class='ocrx_word' id='word_1_216' title='bbox 827 1995 1095 2052; x_wconf 77' lang='lat' dir='ltr'>conscriptae,</span> <span class='ocrx_word' id='word_1_217' title='bbox 1116 2002 1310 2038; x_wconf 83' lang='lat' dir='ltr'>sonantes</span> <span class='ocrx_word' id='word_1_218' title='bbox 1329 2011 1469 2039; x_wconf 83' lang='lat' dir='ltr'>vocem</span> <span class='ocrx_word' id='word_1_219' title='bbox 1494 1997 1632 2039; x_wconf 86' lang='lat' dir='ltr'>unius-</span> 
     </span>
     <span class='ocr_line' id='line_1_29' title="bbox 233 2053 1631 2111; baseline 0.001 -16"><span class='ocrx_word' id='word_1_220' title='bbox 233 2053 442 2110; x_wconf 88' lang='lat' dir='ltr'>cujusque.</span> <span class='ocrx_word' id='word_1_221' title='bbox 494 2054 562 2097; x_wconf 88' lang='lat' dir='ltr'>Sic</span> <span class='ocrx_word' id='word_1_222' title='bbox 582 2053 682 2111; x_wconf 90' lang='lat' dir='ltr'>ipse,</span> <span class='ocrx_word' id='word_1_223' title='bbox 700 2053 769 2096; x_wconf 91' lang='lat' dir='ltr'>lib.</span> <span class='ocrx_word' id='word_1_224' title='bbox 791 2053 843 2095; x_wconf 89' lang='lat' dir='ltr'>de</span> <span class='ocrx_word' id='word_1_225' title='bbox 864 2054 1033 2110; x_wconf 89' lang='lat' dir='ltr'>Monog.</span> <span class='ocrx_word' id='word_1_226' title='bbox 1050 2053 1104 2096; x_wconf 90' lang='lat' dir='ltr'>ad</span> <span class='ocrx_word' id='word_1_227' title='bbox 1123 2054 1326 2096; x_wconf 87' lang='lat' dir='ltr'>Graecum</span> <span class='ocrx_word' id='word_1_228' title='bbox 1347 2055 1631 2097; x_wconf 87' lang='lat' dir='ltr'>authenticum</span> 
     </span>
     <span class='ocr_line' id='line_1_30' title="bbox 234 2110 1633 2169; baseline 0.001 -16"><span class='ocrx_word' id='word_1_229' title='bbox 234 2110 354 2154; x_wconf 86' lang='lat' dir='ltr'>Pauli</span> <span class='ocrx_word' id='word_1_230' title='bbox 378 2117 589 2168; x_wconf 87' lang='lat' dir='ltr'>provocat.</span> <span class='ocrx_word' id='word_1_231' title='bbox 619 2111 853 2154; x_wconf 83' lang='lat' dir='ltr'><strong>RIGALT.</strong></span> <span class='ocrx_word' id='word_1_232' title='bbox 915 2110 1036 2153; x_wconf 89' lang='lat' dir='ltr'>Idem</span> <span class='ocrx_word' id='word_1_233' title='bbox 1057 2111 1242 2154; x_wconf 87' lang='lat' dir='ltr'>Semlero</span> <span class='ocrx_word' id='word_1_234' title='bbox 1261 2112 1411 2168; x_wconf 86' lang='lat' dir='ltr'>placet,</span> <span class='ocrx_word' id='word_1_235' title='bbox 1431 2112 1503 2169; x_wconf 90' lang='lat' dir='ltr'>qui</span> <span class='ocrx_word' id='word_1_236' title='bbox 1530 2113 1633 2155; x_wconf 85' lang='lat' dir='ltr'>haec</span> 
     </span>
     <span class='ocr_line' id='line_1_31' title="bbox 233 2168 1634 2225; baseline 0.002 -15"><span class='ocrx_word' id='word_1_237' title='bbox 233 2168 462 2219; x_wconf 84' lang='lat' dir='ltr'>adnotavit,</span> <span class='ocrx_word' id='word_1_238' title='bbox 495 2173 507 2192; x_wconf 93' lang='lat'><em>‘</em></span> <span class='ocrx_word' id='word_1_239' title='bbox 526 2170 798 2212; x_wconf 75' lang='lat' dir='ltr'>authenticae</span> <span class='ocrx_word' id='word_1_240' title='bbox 839 2169 1021 2218; x_wconf 81' lang='lat' dir='ltr'>litterae,</span> <span class='ocrx_word' id='word_1_241' title='bbox 1052 2183 1136 2211; x_wconf 90' lang='lat' dir='ltr'>non</span> <span class='ocrx_word' id='word_1_242' title='bbox 1166 2170 1410 2225; x_wconf 73' lang='lat' dir='ltr'>oriyinalia</span> <span class='ocrx_word' id='word_1_243' title='bbox 1440 2176 1484 2213; x_wconf 89' lang='lat' dir='ltr'>et</span> <span class='ocrx_word' id='word_1_244' title='bbox 1516 2176 1634 2213; x_wconf 82' lang='lat' dir='ltr'>auto-</span> 
     </span>
     <span class='ocr_line' id='line_1_32' title="bbox 235 2226 1633 2284; baseline 0.001 -16"><span class='ocrx_word' id='word_1_245' title='bbox 235 2232 247 2251; x_wconf 83' lang='lat'>‘</span> <span class='ocrx_word' id='word_1_246' title='bbox 264 2226 441 2283; x_wconf 84' lang='lat' dir='ltr'>grapha,</span> <span class='ocrx_word' id='word_1_247' title='bbox 461 2232 509 2269; x_wconf 89' lang='lat' dir='ltr'>ut</span> <span class='ocrx_word' id='word_1_248' title='bbox 531 2226 650 2269; x_wconf 89' lang='lat' dir='ltr'>multi</span> <span class='ocrx_word' id='word_1_249' title='bbox 667 2226 771 2268; x_wconf 86' lang='lat' dir='ltr'>falso</span> <span class='ocrx_word' id='word_1_250' title='bbox 796 2226 1096 2283; x_wconf 87' lang='lat' dir='ltr'>intelligebant,</span> <span class='ocrx_word' id='word_1_251' title='bbox 1117 2227 1191 2269; x_wconf 91' lang='lat' dir='ltr'>sed</span> <span class='ocrx_word' id='word_1_252' title='bbox 1216 2228 1422 2277; x_wconf 77' lang='lat' dir='ltr'>Graecae,</span> <span class='ocrx_word' id='word_1_253' title='bbox 1443 2228 1541 2284; x_wconf 85' lang='lat' dir='ltr'>quia</span> <span class='ocrx_word' id='word_1_254' title='bbox 1566 2229 1633 2271; x_wconf 84' lang='lat' dir='ltr'>isti</span> 
     </span>
     <span class='ocr_line' id='line_1_33' title="bbox 171 2283 1634 2342; baseline 0.003 -17"><span class='ocrx_word' id='word_1_255' title='bbox 171 2299 222 2339; x_wconf 87' lang='lat'>35</span> <span class='ocrx_word' id='word_1_256' title='bbox 237 2290 248 2308; x_wconf 92' lang='lat'>‘</span> <span class='ocrx_word' id='word_1_257' title='bbox 264 2283 334 2326; x_wconf 86' lang='lat' dir='ltr'>alii</span> <span class='ocrx_word' id='word_1_258' title='bbox 353 2285 524 2326; x_wconf 78' lang='lat' dir='ltr'>Latina</span> <span class='ocrx_word' id='word_1_259' title='bbox 549 2283 818 2327; x_wconf 87' lang='lat' dir='ltr'>translatione</span> <span class='ocrx_word' id='word_1_260' title='bbox 838 2284 1075 2333; x_wconf 85' lang='lat' dir='ltr'>utebantur,</span> <span class='ocrx_word' id='word_1_261' title='bbox 1096 2284 1201 2327; x_wconf 85' lang='lat' dir='ltr'>sicut</span> <span class='ocrx_word' id='word_1_262' title='bbox 1219 2284 1308 2342; x_wconf 91' lang='lat' dir='ltr'>ipse</span> <span class='ocrx_word' id='word_1_263' title='bbox 1328 2285 1634 2329; x_wconf 63' lang='lat' dir='ltr'>Tertullianus?</span> 
     </span>
     <span class='ocr_line' id='line_1_34' title="bbox 236 2341 1635 2398; baseline 0.002 -15"><span class='ocrx_word' id='word_1_264' title='bbox 236 2342 352 2383; x_wconf 85' lang='lat' dir='ltr'>Haec</span> <span class='ocrx_word' id='word_1_265' title='bbox 381 2341 602 2392; x_wconf 86' lang='lat' dir='ltr'>Semlerus,</span> <span class='ocrx_word' id='word_1_266' title='bbox 623 2355 758 2398; x_wconf 84' lang='lat' dir='ltr'>neque</span> <span class='ocrx_word' id='word_1_267' title='bbox 783 2341 906 2384; x_wconf 80' lang='lat' dir='ltr'>aliter</span> <span class='ocrx_word' id='word_1_268' title='bbox 925 2342 1003 2384; x_wconf 89' lang='lat' dir='ltr'>hac</span> <span class='ocrx_word' id='word_1_269' title='bbox 1029 2342 1084 2384; x_wconf 85' lang='lat' dir='ltr'>de</span> <span class='ocrx_word' id='word_1_270' title='bbox 1110 2357 1157 2384; x_wconf 90' lang='lat' dir='ltr'>re</span> <span class='ocrx_word' id='word_1_271' title='bbox 1187 2348 1424 2386; x_wconf 88' lang='lat' dir='ltr'>statuerunt</span> <span class='ocrx_word' id='word_1_272' title='bbox 1450 2344 1635 2386; x_wconf 91' lang='lat' dir='ltr'>nonnulli</span> 
     </span>
     <span class='ocr_line' id='line_1_35' title="bbox 233 2398 1634 2458; baseline 0.003 -18"><span class='ocrx_word' id='word_1_273' title='bbox 233 2398 305 2441; x_wconf 90' lang='lat' dir='ltr'>alii</span> <span class='ocrx_word' id='word_1_274' title='bbox 343 2399 575 2456; x_wconf 64' lang='lat' dir='ltr'>scriptores</span> <span class='ocrx_word' id='word_1_275' title='bbox 647 2399 806 2443; x_wconf 91' lang='lat' dir='ltr'>Verum</span> <span class='ocrx_word' id='word_1_276' title='bbox 844 2399 944 2442; x_wconf 86' lang='lat' dir='ltr'>scite</span> <span class='ocrx_word' id='word_1_277' title='bbox 982 2400 1140 2442; x_wconf 89' lang='lat' dir='ltr'>monuit</span> <span class='ocrx_word' id='word_1_278' title='bbox 1180 2400 1386 2458; x_wconf 85' lang='lat' dir='ltr'>Georgius</span> <span class='ocrx_word' id='word_1_279' title='bbox 1427 2402 1634 2444; x_wconf 88' lang='lat' dir='ltr'>Stanleius</span> 
     </span>
     <span class='ocr_line' id='line_1_36' title="bbox 236 2456 1634 2516; baseline 0.002 -18"><span class='ocrx_word' id='word_1_280' title='bbox 236 2457 386 2506; x_wconf 87' lang='lat' dir='ltr'>Faber,</span> <span class='ocrx_word' id='word_1_281' title='bbox 418 2456 486 2498; x_wconf 87' lang='lat' dir='ltr'>vix</span> <span class='ocrx_word' id='word_1_282' title='bbox 518 2457 599 2499; x_wconf 89' lang='lat' dir='ltr'>dici</span> <span class='ocrx_word' id='word_1_283' title='bbox 632 2456 676 2500; x_wconf 92' lang='lat' dir='ltr'>id</span> <span class='ocrx_word' id='word_1_284' title='bbox 709 2471 829 2514; x_wconf 87' lang='lat' dir='ltr'>posse</span> <span class='ocrx_word' id='word_1_285' title='bbox 862 2457 916 2500; x_wconf 87' lang='lat' dir='ltr'>de</span> <span class='ocrx_word' id='word_1_286' title='bbox 947 2457 990 2500; x_wconf 90' lang='lat' dir='ltr'>S.</span> <span class='ocrx_word' id='word_1_287' title='bbox 1022 2458 1331 2514; x_wconf 84' lang='lat' dir='ltr'>Scripturarum</span> <span class='ocrx_word' id='word_1_288' title='bbox 1366 2460 1634 2516; x_wconf 82' lang='lat' dir='ltr'>apographis,</span> 
     </span>
     <span class='ocr_line' id='line_1_37' title="bbox 235 2513 1635 2580; baseline 0.002 -24"><span class='ocrx_word' id='word_1_289' title='bbox 235 2513 307 2556; x_wconf 79' lang='lat' dir='ltr'>illa</span> <span class='ocrx_word' id='word_1_290' title='bbox 352 2519 515 2557; x_wconf 88' lang='lat' dir='ltr'>tantum</span> <span class='ocrx_word' id='word_1_291' title='bbox 563 2529 690 2580; x_wconf 87' lang='lat' dir='ltr'>penes</span> <span class='ocrx_word' id='word_1_292' title='bbox 736 2514 940 2557; x_wconf 82' lang='lat' dir='ltr'>Ecclesias</span> <span class='ocrx_word' id='word_1_293' title='bbox 982 2515 1239 2572; x_wconf 88' lang='lat' dir='ltr'>Apostolicas</span> <span class='ocrx_word' id='word_1_294' title='bbox 1281 2515 1419 2565; x_wconf 88' lang='lat' dir='ltr'>fuisse,</span> <span class='ocrx_word' id='word_1_295' title='bbox 1460 2517 1635 2559; x_wconf 84' lang='lat' dir='ltr'>exclusis</span> 
     </span>
     <span class='ocr_line' id='line_1_38' title="bbox 173 2571 1635 2631; baseline 0.001 -16"><span class='ocrx_word' id='word_1_296' title='bbox 173 2591 225 2625; x_wconf 90' lang='lat'>40</span> <span class='ocrx_word' id='word_1_297' title='bbox 236 2571 384 2614; x_wconf 89' lang='lat' dir='ltr'>ceteris</span> <span class='ocrx_word' id='word_1_298' title='bbox 405 2571 609 2614; x_wconf 87' lang='lat' dir='ltr'>Ecclesi1s.</span> <span class='ocrx_word' id='word_1_299' title='bbox 669 2571 778 2614; x_wconf 88' lang='lat' dir='ltr'>Vide</span> <span class='ocrx_word' id='word_1_300' title='bbox 797 2571 1079 2628; x_wconf 87' lang='lat' dir='ltr'>Appendicem</span> <span class='ocrx_word' id='word_1_301' title='bbox 1110 2573 1267 2630; x_wconf 85' lang='lat' dir='ltr'>egregii</span> <span class='ocrx_word' id='word_1_302' title='bbox 1299 2574 1436 2629; x_wconf 88' lang='lat' dir='ltr'>operis</span> <span class='ocrx_word' id='word_1_303' title='bbox 1459 2574 1635 2631; x_wconf 86' lang='lat' dir='ltr'>Anglica</span> 
     </span>
     <span class='ocr_line' id='line_1_39' title="bbox 237 2629 1633 2686; baseline 0.003 -16"><span class='ocrx_word' id='word_1_304' title='bbox 237 2629 380 2686; x_wconf 87' lang='lat' dir='ltr'>lingua</span> <span class='ocrx_word' id='word_1_305' title='bbox 399 2629 631 2685; x_wconf 87' lang='lat' dir='ltr'>conscripti,</span> <span class='ocrx_word' id='word_1_306' title='bbox 653 2629 718 2671; x_wconf 88' lang='lat' dir='ltr'>cui</span> <span class='ocrx_word' id='word_1_307' title='bbox 737 2629 894 2679; x_wconf 90' lang='lat' dir='ltr'>titulus,</span> <span class='ocrx_word' id='word_1_308' title='bbox 922 2631 1009 2672; x_wconf 76' lang='lat' dir='ltr'>The</span> <span class='ocrx_word' id='word_1_309' title='bbox 1029 2631 1283 2686; x_wconf 66' lang='lat' dir='ltr'>Dzfficultiee</span> <span class='ocrx_word' id='word_1_310' title='bbox 1302 2632 1358 2686; x_wconf 78' lang='lat' dir='ltr'>qf</span> <span class='ocrx_word' id='word_1_311' title='bbox 1366 2633 1633 2682; x_wconf 68' lang='lat' dir='ltr'>Romanimn,</span> 
     </span>
     <span class='ocr_line' id='line_1_40' title="bbox 236 2687 1635 2744; baseline 0.003 -15"><span class='ocrx_word' id='word_1_312' title='bbox 236 2688 510 2729; x_wconf 70' lang='lat' dir='ltr'>Emanismi</span> <span class='ocrx_word' id='word_1_313' title='bbox 529 2687 754 2743; x_wconf 73' lang='lat' dir='ltr'>Difficilia.</span> <span class='ocrx_word' id='word_1_314' title='bbox 815 2687 941 2730; x_wconf 86' lang='lat' dir='ltr'>Certe</span> <span class='ocrx_word' id='word_1_315' title='bbox 971 2693 1144 2736; x_wconf 85' lang='lat' dir='ltr'>constat,</span> <span class='ocrx_word' id='word_1_316' title='bbox 1175 2687 1358 2744; x_wconf 83' lang='lat' dir='ltr'>singulos</span> <span class='ocrx_word' id='word_1_317' title='bbox 1387 2688 1453 2730; x_wconf 91' lang='lat' dir='ltr'>hic</span> <span class='ocrx_word' id='word_1_318' title='bbox 1478 2689 1586 2732; x_wconf 90' lang='lat' dir='ltr'>mitti</span> <span class='ocrx_word' id='word_1_319' title='bbox 1609 2706 1635 2733; x_wconf 89' lang='lat' dir='ltr'>a</span> 
     </span>
     <span class='ocr_line' id='line_1_41' title="bbox 237 2744 1635 2804; baseline 0.004 -19"><span class='ocrx_word' id='word_1_320' title='bbox 237 2744 494 2787; x_wconf 85' lang='lat' dir='ltr'>Tertulliano</span> <span class='ocrx_word' id='word_1_321' title='bbox 542 2744 798 2786; x_wconf 85' lang='lat' dir='ltr'>Christianos</span> <span class='ocrx_word' id='word_1_322' title='bbox 843 2745 896 2786; x_wconf 82' lang='lat' dir='ltr'>ad</span> <span class='ocrx_word' id='word_1_323' title='bbox 935 2744 1106 2787; x_wconf 86' lang='lat' dir='ltr'>vicinam</span> <span class='ocrx_word' id='word_1_324' title='bbox 1154 2745 1427 2802; x_wconf 89' lang='lat' dir='ltr'>metropolim,</span> <span class='ocrx_word' id='word_1_325' title='bbox 1471 2746 1514 2788; x_wconf 92' lang='lat' dir='ltr'>in</span> <span class='ocrx_word' id='word_1_326' title='bbox 1552 2762 1635 2804; x_wconf 84' lang='lat' dir='ltr'>qua</span> 
     </span>
     <span class='ocr_line' id='line_1_42' title="bbox 237 2801 1634 2862; baseline 0.002 -18"><span class='ocrx_word' id='word_1_327' title='bbox 237 2801 274 2843; x_wconf 88' lang='grc' dir='ltr'>Ε</span> <span class='ocrx_word' id='word_1_328' title='bbox 303 2801 450 2844; x_wconf 89' lang='lat' dir='ltr'>istolae</span> <span class='ocrx_word' id='word_1_329' title='bbox 488 2801 736 2858; x_wconf 89' lang='lat' dir='ltr'>apostolicae</span> <span class='ocrx_word' id='word_1_330' title='bbox 775 2802 1071 2852; x_wconf 88' lang='lat' dir='ltr'>recitabantur,</span> <span class='ocrx_word' id='word_1_331' title='bbox 1106 2802 1364 2852; x_wconf 86' lang='lat' dir='ltr'>Corinthum,</span> <span class='ocrx_word' id='word_1_332' title='bbox 1405 2803 1634 2862; x_wconf 88' lang='lat' dir='ltr'>Philippos,</span> 
     </span>
     <span class='ocr_line' id='line_1_43' title="bbox 175 2815 1636 2918; baseline 0.004 -18"><span class='ocrx_word' id='word_1_333' title='bbox 175 2874 225 2912; x_wconf 86' lang='lat'>45</span> <span class='ocrx_word' id='word_1_334' title='bbox 238 2815 582 2908; x_wconf 57' lang='lat' dir='ltr'>Thessalonicam,</span> <span class='ocrx_word' id='word_1_335' title='bbox 616 2859 841 2916; x_wconf 83' lang='lat' dir='ltr'>Ephesum,</span> <span class='ocrx_word' id='word_1_336' title='bbox 874 2860 1049 2903; x_wconf 88' lang='lat' dir='ltr'>Romam</span> <span class='ocrx_word' id='word_1_337' title='bbox 1073 2875 1083 2909; x_wconf 91' lang='lat'>;</span> <span class='ocrx_word' id='word_1_338' title='bbox 1133 2860 1187 2902; x_wconf 87' lang='lat' dir='ltr'>ad</span> <span class='ocrx_word' id='word_1_339' title='bbox 1227 2875 1330 2916; x_wconf 87' lang='lat' dir='ltr'>quas</span> <span class='ocrx_word' id='word_1_340' title='bbox 1367 2861 1478 2918; x_wconf 84' lang='lat' dir='ltr'>ipsas</span> <span class='ocrx_word' id='word_1_341' title='bbox 1511 2864 1636 2906; x_wconf 89' lang='lat' dir='ltr'>urbes</span> 
     </span>
    </p>
   </div>
  </div>
 </body>
</html>
