2034 3204
461 275 544 316 DE
578 273 793 316 OPERE
825 273 904 314 ET
935 271 1419 314 ELEEMOSYNIS.
1544 273 1631 318 309

228 400 336 430 vere
361 383 482 430 filios
517 390 623 430 tuos
657 383 834 445 diligis,
858 383 899 429 si
928 383 996 428 eis
1031 382 1228 428 exhibes
1260 383 1448 441 plenam
1474 388 1519 427 et
1551 397 1633 440 pa-

228 469 413 508 ternam
436 462 735 508 dulcedinem
764 461 992 515 caritatis,
1017 460 1203 520 operari
1228 459 1382 521 magis
1405 459 1547 505 debes
1576 465 1632 504 ut

228 539 350 585 filios
386 546 493 586 tuos
527 539 631 585 Deo
665 540 800 602 justa
833 539 1106 599 operatione
1141 538 1452 583 commendes.
1527 535 1630 582 Nec

228 632 335 663 eum
372 617 533 663 liberis
568 617 665 663 tuis
699 617 877 679 cogites
913 623 1094 676 patrem
1121 615 1205 676 qui
1237 622 1285 660 et
1314 615 1631 675 temporarius

193 707 216 746 5
229 700 277 740 et
299 694 516 740 infirmus
535 701 621 749 est,
638 695 718 740 sed
743 694 879 740 illum
903 709 1039 754 pares
1054 693 1137 753 qui
1157 699 1379 739 aeternus
1397 699 1444 738 et
1465 691 1632 738 firmus

228 770 436 818 filiorum
471 771 761 832 spiritalium
804 771 948 817 Pater
987 777 1072 817 est.
1145 771 1223 816 Illi
1258 770 1452 832 assigna
1483 770 1633 816 facul-

228 855 350 895 tates
385 856 492 896 tuas
527 865 644 910 quas
680 848 962 895 haeredibus
997 864 1172 894 servasi.
1246 848 1333 894 Ille
1368 848 1431 894 sit
1467 848 1632 894 liberis

228 927 325 972 tuis
349 933 494 980 tutor,
510 927 590 973 ille
609 933 810 976 curator,
830 926 910 972 ille
933 932 1098 972 contra
1116 941 1279 972 omnes
1303 925 1509 987 injurias
1533 940 1635 971 sae-

227 1006 409 1050 culares
455 1004 619 1050 divina
663 1004 912 1065 majestate
958 1009 1208 1064 protector.
1280 1003 1631 1048 Patrimonium

170 1096 217 1120 10
228 1081 332 1127 Deo
366 1083 599 1128 creditum
633 1097 718 1127 nec
753 1081 1018 1141 respublica
1063 1080 1222 1140 eripit,
1258 1096 1342 1126 nec
1378 1079 1519 1126 fiscus
1560 1080 1634 1126 in-

228 1159 376 1211 vadit,
400 1175 485 1205 nec
509 1159 747 1205 calumnia
776 1160 938 1218 aliqua
960 1158 1160 1204 forensis
1185 1159 1371 1205 evertit.
1443 1159 1500 1204 In
1525 1165 1632 1204 tuto

226 1237 495 1282 haereditas
519 1236 714 1296 ponitur
730 1251 852 1296 quae
876 1236 979 1281 Deo
1001 1237 1195 1281 custode
1219 1242 1451 1281 servatur.
1526 1235 1631 1281 Hoc

227 1319 300 1359 est
330 1314 451 1360 caris
483 1314 763 1376 pignoribus
796 1314 846 1359 in
878 1319 1119 1374 posterum
1145 1314 1411 1373 providere,
1435 1314 1525 1359 hoc
1559 1321 1632 1359 est

227 1391 404 1437 futuris
431 1392 715 1437 haeredibus
746 1397 944 1451 paterna
976 1391 1153 1451 pietate
1187 1392 1431 1436 consulere
1466 1406 1632 1437 secun-

169 1483 215 1522 15
227 1469 343 1514 dum
366 1467 506 1514 fidem
531 1468 803 1528 Scripturae
826 1475 1017 1514 sanctae
1040 1468 1256 1520 dicentis,
1279 1466 1570 1530 Jum‘orsui,
1590 1474 1631 1514 et
1643 1484 1698 1516 Pa.
1717 1484 1833 1516 xxxvi.

227 1545 370 1600 senui,
409 1551 451 1592 et
496 1561 587 1591 non
628 1545 726 1592 vidi
756 1545 935 1607 juxtam
977 1544 1254 1597 derelictum,
1295 1560 1436 1606 neque
1482 1561 1630 1591 semen

229 1623 322 1684 ejus
357 1638 486 1687 eyens
518 1639 651 1685 pane.
727 1622 844 1669 Tota
879 1622 954 1669 die
989 1623 1231 1669 miseretur
1261 1629 1302 1669 et
1322 1623 1555 1685 foenerat,
1593 1631 1634 1669 et

228 1717 376 1747 semen
401 1701 493 1762 ejus
526 1702 576 1747 in
606 1699 911 1747 bmzedictione
938 1707 1015 1746 est.
1088 1702 1155 1747 Et
1190 1701 1378 1755 iterum,
1406 1700 1500 1760 Qui
1531 1717 1635 1746 con-
1647 1718 1747 1750 Prov.
1763 1729 1819 1749 xx.

227 1784 436 1825 versatur
481 1778 581 1824 sine
626 1778 959 1840 vituperatione
1004 1778 1054 1823 in
1089 1777 1293 1839 justitia,
1341 1777 1489 1824 beatos
1529 1783 1635 1840 post

167 1877 217 1902 20
229 1871 277 1901 se
291 1854 424 1917 filios·
454 1853 692 1917 relinquet.

297 1932 411 1979 XV.
440 1932 799 1978 Praevaricator
815 1933 979 1993 itaque
997 1941 1042 1979 et
1067 1934 1284 1993 proditor
1306 1941 1443 1994 pater
1459 1950 1525 1987 es,
1541 1934 1742 1980 nisiMale
1758 1943 1834 1975 filiis

231 2009 342 2056 filiis
365 2010 462 2056 tuis
486 2010 689 2057 fideliter
712 2013 943 2065 consulas,
968 2012 1062 2058 nisi
1093 2012 1427 2058 conservandis
1462 2012 1530 2058 eis
1564 2028 1636 2058 re·
1647 1987 1837 2073 qffulssnt’

228 2088 401 2150 ligiosa
434 2094 482 2133 et
513 2103 623 2133 vera
658 2088 836 2148 pietate
872 2089 1144 2148 prospicias.
1215 2089 1313 2142 Qui
1346 2090 1507 2135 studes
1542 2095 1636 2134 ter·
1646 2075 1803 2150 ‘flffiassffi
1767 2085 1821 2106 ⁰⁸

228 2181 344 2211 reno
366 2165 520 2227 magis
543 2180 688 2225 quam
713 2166 902 2212 coelesti
925 2164 1228 2226 patrimonio,
1254 2166 1376 2212 filios
1401 2173 1509 2212 tuos
1533 2167 1634 2212 dia·
1646 2173 1690 2237 3⁰
1669 2162 1815 2237 eudred

167 2244 337 2300 25bolo
376 2243 530 2305 magis
565 2245 893 2289 commendare
933 2259 1078 2303 quam
1119 2244 1329 2298 Christo,
1366 2244 1440 2290 bis
1480 2244 1665 2290 defin-a
1644 2260 1710 2291 apu
1713 2250 1829 2291 dpau·

229 2321 349 2381 quis,
391 2326 439 2366 et
484 2320 727 2382 geminum
771 2336 825 2367 ac
865 2323 1041 2381 duplex
1087 2322 1264 2368 crimen
1314 2322 1543 2375 admittis,
1586 2304 1687 2368 etg,³
1684 2337 1776 2368 ιιᾱιιιι
1779 2340 1803 2368 t.

229 2399 357 2459 quod
391 2413 487 2443 non
523 2413 776 2458 praeparas
800 2398 912 2444 filiis
947 2399 1044 2445 tuis
1069 2399 1161 2445 Dei
1188 2400 1348 2445 Patris
1381 2399 1632 2453 auxilium,

230 2482 276 2521 et
300 2476 428 2535 quod
458 2476 596 2521 doces
626 2476 747 2522 filios
783 2476 1126 2536 patrimonium
1163 2480 1270 2536 plus
1302 2493 1464 2523 amare
1487 2493 1633 2537 quam

231 2553 492 2599 Christum.
564 2553 687 2599 Esto
709 2554 868 2613 potius
892 2554 1054 2600 liberis
1078 2555 1176 2600 tuis
1199 2561 1335 2614 pater
1352 2555 1462 2600 talis
1477 2555 1635 2614 qualis

164 2643 218 2678 30
232 2630 411 2676 Tobias
430 2630 629 2676 exstitit.
683 2631 760 2677 Da
777 2632 918 2677 utilia
935 2639 982 2677 et
1005 2632 1236 2677 salutaria
1259 2639 1512 2691 praecepta
1531 2632 1636 2694 pig-

231 2708 425 2753 noribus
457 2707 618 2767 qualia
642 2708 720 2754 ille
744 2707 843 2754 filio
870 2708 1017 2762 dedit,
1041 2710 1218 2754 manda
1241 2708 1352 2754 filiis
1376 2709 1473 2754 tuis
1506 2711 1634 2769 quod

229 2791 277 2830 et
313 2785 393 2830 ille
427 2785 525 2830 filio
560 2786 819 2838 mandavit,
854 2786 1030 2838 dicens,
1068 2784 1131 2831 Et
1171 2801 1306 2839 nunc,
1329 2785 1424 2847 fili,
1466 2786 1850 2835 mandorob.xiv.10.

231 2861 326 2915 tibi,
351 2863 471 2909 servi
491 2861 593 2908 Deo
618 2863 667 2908 in
702 2863 900 2916 veritate,
927 2869 968 2909 et
988 2863 1078 2925 fac
1113 2878 1266 2910 coram
1303 2863 1382 2910 illo
1406 2864 1528 2926 quod
1562 2863 1633 2910 illi
