2034 3204
242 1484 307 1514 ‹·A
319 1483 356 1514 P.
376 1482 440 1512 lv.

236 1528 413 1568 Carpocra-

236 1575 296 1602 tas.

236 2397 423 2430 venustum.

457 265 542 308 166
851 266 1203 310 ADVERSUS
1246 268 1467 310 OMNES

454 393 660 431 causam,
696 376 826 422 illam
864 377 1091 423 virtutem
1133 393 1291 438 quam,
1328 378 1452 424 sicut
1486 378 1712 430 diximus,
1755 393 1867 437 pro-

455 455 682 500 nuntiant
718 461 931 508 matrem,
956 457 1017 501 ad
1050 455 1309 501 vindictam
1342 456 1488 501 etiam
1521 457 1861 516 cataclysmum

455 532 690 585 inducere,
718 539 772 578 ut
806 539 854 578 et
888 533 1006 578 illud
1041 533 1375 592 permixtionis
1407 549 1564 579 semen
1602 534 1863 585 tolleretur,

454 617 501 655 et
541 610 632 656 hoc
672 612 824 655 solum
868 626 1040 663 semen,
1077 611 1203 670 quod
1239 616 1362 656 esset
1397 626 1585 670 purum,
1622 610 1865 670 integrum.

454 688 787 733 custodiretur.
859 688 950 733 Sed
980 688 1108 732 enim
1137 688 1257 740 illos,
1282 687 1367 747 qui
1398 687 1592 732 seminis
1626 687 1731 732 illos
1766 687 1902 747 pri—5

455 766 551 811 oris
587 765 921 817 instituissent,
958 766 1151 816 occulte,
1188 770 1235 809 et
1271 765 1487 817 latenter,
1525 770 1572 809 et
1613 764 1865 825 ignorante

455 842 537 887 illa
563 848 713 887 matre
739 842 928 894 virtute,
954 857 1061 886 cum
1088 841 1181 886 illis
1205 847 1310 886 octo
1342 840 1593 886 animabus
1622 841 1670 885 in
1705 856 1861 886 arcam

455 918 641 964 misisse
665 918 809 963 etiam
834 934 995 964 semen
1020 918 1190 973 Cham,
1211 916 1354 979 [Alizg
1380 917 1561 971 rectius,
1588 916 1750 978 Cain,]
1769 933 1867 977 quo

455 1013 615 1042 semen
644 997 856 1042 malitiae
887 1012 981 1042 non
1015 997 1205 1056 periret,
1230 998 1311 1042 sed
1341 1011 1449 1041 cum
1478 996 1645 1042 ceteris
1679 1012 1866 1042 conser-

456 1081 635 1125 vatum,
655 1082 702 1120 et
720 1082 827 1134 post
846 1077 1187 1135 cataclysmum
1213 1074 1353 1120 terris
1371 1074 1628 1127 redditum,
1647 1075 1865 1132 exemplo
1882 1091 1933 1116 10

455 1160 719 1197 ceterorum
766 1159 1070 1206 excresceret,
1119 1160 1166 1198 et
1220 1152 1560 1203 effunderetur,
1608 1159 1654 1197 et
1709 1158 1864 1197 totum

456 1231 617 1275 orbem
643 1237 691 1275 et
715 1230 935 1290 impleret
964 1237 1010 1276 et
1042 1237 1306 1290 occuparet.
1378 1230 1451 1275 De
1476 1229 1672 1275 Christo
1705 1236 1865 1275 autem

457 1309 524 1354 sic
559 1308 785 1361 sentiunt,
825 1315 877 1354 ut
912 1309 1072 1354 dicant
1109 1308 1245 1354 illum
1284 1308 1616 1354 tantummodo
1653 1307 1782 1358 Seth,
1818 1314 1866 1353 et

459 1401 546 1445 pro
571 1386 675 1445 ipso
697 1387 810 1432 Seth
837 1387 995 1446 ipsum
1020 1386 1180 1432 fuisse.

528 1464 839 1523 Carpocrates
881 1471 1123 1524 praeterea
1161 1465 1282 1509 hanc
1318 1463 1431 1509 tulit
1466 1469 1672 1508 sectam:
1718 1479 1860 1508 uuam
1883 1472 1929 1511 ¹5

459 1558 560 1588 esse
594 1542 710 1588 dicit
737 1541 962 1587 virtutem
997 1541 1046 1586 in
1083 1541 1408 1600 superioribus
1444 1540 1768 1600 principalem,
1805 1557 1863 1586 ex

459 1621 546 1666 hac
582 1622 789 1680 prolatos
826 1621 1018 1680 angelos
1054 1627 1198 1677 atque
1233 1618 1450 1669 virtutes,
1474 1634 1595 1678 quos
1631 1618 1865 1664 distantes

456 1699 594 1758 longe
629 1713 655 1742 a
692 1696 1017 1756 superioribus
1054 1694 1328 1747 virtutibuS,
1363 1696 1591 1740 mundum
1631 1695 1776 1741 istum
1814 1695 1864 1740 in

456 1774 763 1821 inferioribus
798 1773 1015 1833 partibus
1050 1772 1350 1827 condidisse3
1390 1772 1637 1818 Christum
1676 1788 1769 1817 non
1805 1787 1863 1819 ex

455 1853 661 1916 Virgine
688 1851 849 1897 Maria
878 1857 1061 1903 uatum,
1087 1852 1166 1895 sed
1201 1866 1258 1895 ex
1292 1850 1472 1895 semine
1495 1849 1688 1909 Joseph,
1715 1850 1863 1895 homi·
1880 1861 1934 1886 20

457 1947 563 1976 uem
584 1929 918 1975 tautummodo
935 1927 1168 1990 genitum,
1189 1943 1302 1973 sane
1326 1943 1439 1987 prae
1459 1928 1626 1973 ceteris
1644 1927 1867 1989 justitiae

456 2011 604 2063 cultu,
626 2008 750 2054 vitae
771 2006 1047 2067 integritate
1072 2005 1334 2051 meliorem:
1362 2006 1488 2051 hunc
1507 2007 1634 2066 apud
1655 2006 1684 2052 J
1690 2007 1865 2052 udaeos

458 2102 666 2148 passum,
707 2087 855 2131 solam
897 2083 1106 2129 animam
1151 2084 1302 2143 ipsius
1349 2086 1477 2130 coelo
1523 2090 1775 2144 receptam,
1810 2099 1866 2129 eo

456 2166 582 2225 quod
617 2171 662 2210 et
693 2162 877 2208 firmior
900 2168 945 2207 et
972 2160 1213 2206 robustior
1236 2176 1293 2206 ex
1319 2158 1469 2223 [som.
1496 2159 1575 2222 ea]
1599 2161 1767 2207 ceteris
1791 2160 1865 2206 fu-

456 2243 565 2288 erit:
602 2257 660 2287 ex
685 2256 781 2301 quo
805 2239 1063 2300 colligeret,
1090 2244 1272 2284 tentata
1298 2236 1448 2300 [jors.
1477 2237 1736 2299 attentata]
1760 2238 1863 2284 ani-
1880 2251 1929 2286 25

457 2334 643 2365 marum
691 2319 790 2363 sola
828 2318 996 2368 salute,
1034 2317 1189 2361 nullas
1230 2315 1439 2375 corporis
1481 2315 1860 2362 resurrectiones,

459 2396 574 2442 Post
593 2395 719 2440 hunc
735 2393 994 2439 Cerintbus
1011 2391 1276 2438 haereticus
1295 2392 1468 2452 erupit,
1485 2391 1662 2438 similia
1676 2393 1861 2438 (locens

458 2474 582 2520 Nam
609 2479 657 2519 et
690 2472 789 2533 ipse
822 2471 1053 2517 mundum
1082 2469 1356 2515 institutum
1383 2486 1483 2514 esse
1507 2470 1568 2515 ab
1592 2469 1687 2515 illis
1712 2468 1862 2531 [sm-v.

457 2549 681 2613 Angelis]
706 2549 851 2596 dicit:
889 2548 1136 2594 Christum
1175 2563 1231 2592 ex
1269 2547 1449 2593 semiue
1482 2547 1660 2609 Joseph
1694 2554 1859 2594 natum

458 2629 697 2690 proponit,
719 2627 958 2674 hominem
981 2625 1115 2671 illum
1138 2625 1471 2670 tautummodo
1490 2623 1592 2669 sine
1610 2623 1862 2670 divinitate
1876 2636 1930 2670 30

456 2708 755 2753 contendens,
786 2704 934 2765 ipsam
962 2718 1151 2763 quoquc
1178 2701 1354 2763 Legem
1389 2701 1450 2747 ab
1474 2700 1676 2762 Angelis
1700 2701 1859 2746 (latum

459 2785 722 2845 perhibens.
759 2783 1052 2829 Judaeorum
1089 2780 1242 2825 Deum
1283 2794 1373 2824 uon
1416 2778 1673 2823 Dominum
1712 2776 1861 2839 [sime.

460 2861 639 2922 Deum]
680 2861 757 2906 scd
803 2860 1043 2918 Angelum
1094 2872 1325 2917 promens.
1420 2855 1579 2915 Hujus
1621 2870 1864 2901 successor
