2034 3204
468 250 551 290 180
907 247 1421 290 ANNOTATIONEs

467 356 680 406 Latinius;
711 356 833 399 aliter
854 363 992 399 tamen
1006 357 1167 413 judicat
1184 358 1416 407 Schutzius,
1438 357 1492 399 ad
1513 356 1611 398 edit.
1630 355 1866 403 Halensem,

466 414 508 456 in
529 429 614 470 qua
632 414 737 457 sicut
766 415 808 456 in
834 414 982 456 ceteris
1006 414 1267 464 editionibus,
1289 415 1322 457 si
1350 415 1461 458 illam
1483 413 1740 456 Delacerdae
1760 413 1868 454 exci-

466 472 542 529 pis,
565 473 750 514 membra
770 472 966 514 orationis
986 472 1150 514 omnino
1170 479 1364 529 separata
1382 479 1492 515 sunt.
1567 508 1571 510 ,

526 530 573 573 Ρ.
599 543 686 586 ¹09·
721 530 747 572 l.
774 531 814 572 6.
848 530 912 571 via
946 530 1260 586 cognominatur
1294 530 1509 587 disciplina
1540 528 1698 584 nostra]
1733 527 1868 583 Saepe

467 587 618 630 dicitur
644 589 669 640 ἡ
693 587 783 631 ὁδὸς
809 587 955 644 religio
978 587 1226 637 Christiana,
1247 602 1339 630 cum
1363 588 1406 630 in
1428 587 1542 630 Actis
1563 585 1866 642 Apostolorum,
1882 586 1908 627 5.

467 651 555 687 tum
585 645 628 687 in
656 651 841 687 veterum
863 644 1192 686 Christianorum
1223 645 1397 701 scriptis,
1420 645 1480 687 uti
1509 643 1667 686 monuit
1697 643 1870 684 Pearso-

467 702 559 745 nius
578 703 621 744 in
641 701 910 758 Expositione
931 701 1129 758 Symboli,
1151 702 1283 744 Artic.
1306 709 1316 725 ‘
1331 703 1388 744 Et
1406 702 1449 744 in
1468 703 1572 744 Jesu
1593 700 1789 744 Christo!

527 760 636 802 Ibid.
668 760 694 803 l.
717 761 756 801 8.
786 759 890 801 iram
921 759 962 800 in
992 759 1166 801 fratrem
1194 759 1411 801 homicidio
1432 759 1689 816 superponit]
1721 757 1870 800 Melius

467 818 712 874 procederet
732 817 877 866 oratio,
899 816 932 858 si
962 817 1106 858 vocula
1135 832 1267 873 quam
1298 824 1390 873 post
1406 819 1601 873 fratrem
1631 816 1869 858 adderetur.

469 874 754 917 Conferendus
775 874 840 916 hic
863 875 904 917 S.
923 875 1027 916 Mat.
1045 890 1082 916 v.
1101 887 1169 926 21,
1188 887 1255 917 22.
1889 874 1936 910 1⁶?

526 932 633 975 Ibid.
657 933 680 974 l.
707 946 721 972 1
735 945 770 973 1.
792 933 896 975 solis
914 932 1146 988 receptum]
1174 933 1240 974 An
1261 947 1467 975 recessum
1481 932 1503 974 ,Ρ
1532 932 1615 974 Sed
1636 931 1691 972 nil
1706 930 1855 987 jubeo.⁴

525 991 572 1032 P.
603 1003 695 1031 110.
731 989 758 1031 1.
789 1003 850 1032 11.
887 1004 939 1031 ne
975 990 1177 1032 exclamet
1208 990 1355 1047 aliquis
1395 989 1559 1043 Esaias]
1601 990 1782 1030 Reverte
1817 987 1870 1029 ad

467 1062 515 1090 ca
547 1080 556 1090 .
577 1061 614 1091 2.
1281 1083 1285 1085 ,

515 1063 633 1148 libid.
667 1105 693 1147 l.
721 1118 734 1146 ι
744 1119 784 1162 3.
815 1120 838 1147 e
874 1104 1088 1147 Dominica
1118 1105 1307 1162 passione
1338 1103 1615 1161 modulantes]
1646 1103 1789 1146 Posuit
1819 1117 1870 1145 ex

466 1164 572 1206 libro
606 1163 820 1220 Agobardi
855 1163 1123 1205 modulatum
1158 1163 1379 1220 Rigaltius,
1412 1168 1610 1219 sequente
1650 1177 1743 1204 eum
1778 1162 1871 1203 Mu·
1890 1173 1935 1210 15

467 1221 638 1271 raterio,
667 1220 737 1277 qui
764 1226 904 1263 tamen
934 1226 1055 1277 putat
1080 1220 1307 1264 desiderari
1338 1235 1477 1263 vocem
1505 1219 1730 1277 cujusmodi
1764 1224 1872 1261 esset

466 1281 693 1335 capientes,
727 1279 940 1328 habentes,
974 1284 1048 1320 aut
1081 1278 1181 1335 quid
1221 1278 1363 1321 simile.
1424 1279 1622 1322 Veterem
1656 1277 1870 1320 lectionem

466 1338 734 1380 modulantes
763 1336 966 1379 revocavi.
1023 1337 1214 1386 Μοάαίο,
1249 1337 1426 1390 ῥυθμίζω,
1464 1334 1675 1380 Glossaria
1703 1335 1871 1377 habent.

467 1394 713 1438 Divinarum
729 1400 866 1437 autem
888 1408 1083 1436 manuum
1099 1409 1224 1451 super
1244 1409 1406 1437 erucem
1427 1393 1732 1451 expansionem,
1748 1406 1871 1449 quam
1968 1445 1971 1447 v

467 1459 633 1495 orantes
668 1451 820 1495 imitari
858 1451 1004 1500 solent,
1045 1466 1168 1508 saepe
1207 1458 1439 1494 memorant
1476 1450 1649 1507 antiqui.
1710 1449 1872 1494 Videsis
1888 1466 1937 1491 20

467 1517 606 1553 notam
640 1510 694 1552 ad
728 1510 770 1552 S.
794 1509 1064 1557 Victorinum,
1096 1510 1206 1566 apud
1240 1509 1454 1566 Reliquias
1485 1509 1600 1552 Sacr.
1633 1508 1710 1550 vol.
1732 1521 1791 1550 111.
1828 1521 1870 1564 p.

466 1579 564 1623 472-

527 1625 633 1668 Ibid.
655 1625 683 1666 l.
707 1637 773 1680 23.
805 1625 915 1681 quod
946 1624 1178 1667 Gentilibus
1208 1624 1463 1681 adaequent]
1498 1624 1689 1666 Forsitan
1720 1622 1873 1665 excidit

466 1698 542 1727 uos
562 1690 655 1740 post
680 1683 936 1726 Gentilibus.

526 1741 632 1783 Ibid.
654 1740 683 1782 1.
702 1753 767 1795 29.
784 1741 845 1784 Ut
860 1746 923 1782 est
938 1740 1211 1796 quorundam,
1225 1739 1422 1797 expositis
1443 1738 1628 1796 paenulis
1644 1738 1869 1781 orationem
1888 1760 1908 1785 2
1913 1758 1936 1796 5

466 1799 622 1854 facere]
647 1798 831 1840 Paenula
852 1797 1024 1840 vestium
1045 1811 1177 1854 genus
1197 1797 1288 1847 fuit,
1309 1812 1412 1854 quas
1433 1796 1617 1854 pluvioso
1637 1795 1872 1854 frigideque

466 1857 580 1899 coelo
610 1861 772 1899 veteres
803 1855 1042 1899 induebant.
1106 1856 1195 1897 Has
1227 1861 1449 1912 antequam
1481 1853 1672 1912 precibus
1703 1868 1870 1911 operam

466 1914 630 1965 darent,
672 1914 839 1970 quidam
880 1928 903 1956 e
945 1912 1191 1956 Christianis
1233 1913 1499 1970 deponendas
1543 1911 1870 1955 arbitrabantur.

469 1972 592 2024 Quod
613 1986 712 2014 vero
728 1971 1007 2014 Tertullianus
1027 1970 1098 2020 ait,
1120 1971 1164 2013 id
1187 1971 1444 2014 consuevisse
1465 1970 1556 2013 fieri
1579 1984 1606 2012 a
1625 1969 1872 2019 nationibus,

466 2030 544 2073 hoc
575 2036 638 2074 est
667 2030 720 2073 ab
751 2029 924 2072 ethnicis
954 2029 1065 2072 idola
1092 2029 1352 2079 adeuntibus,
1375 2027 1571 2085 Aeschyli
1600 2027 1784 2071 Graecus
1812 2026 1872 2069 in·
1886 2040 1938 2075 30

467 2095 630 2145 terpres
660 2087 903 2130 confirmare
923 2087 1100 2129 videtur.
1162 2086 1309 2129 Nescio
1330 2086 1430 2143 quid
1451 2086 1574 2129 etiam
1599 2085 1652 2128 de
1682 2084 1873 2128 mutatio-

467 2146 587 2189 nibus
607 2145 780 2189 vestium
821 2145 863 2187 in
885 2144 1109 2188 Gentilium
1131 2144 1257 2187 sacris
1278 2145 1290 2186 i
1321 2159 1365 2187 se
1386 2143 1666 2187 Tertullianus
1684 2143 1812 2186 habet
1831 2141 1872 2184 in

469 2203 536 2247 lib.
558 2204 611 2246 de
632 2203 775 2253 Pallio,
796 2217 883 2260 cap.
906 2217 946 2256 4.
980 2159 1319 2246 MURATORII.)
1587 2224 1589 2226 >

527 2261 632 2304 Ibid.
667 2261 693 2303 l.
720 2274 788 2317 32.
820 2260 1040 2318 adsignata
1074 2259 1276 2360 oratione]
1310 2259 1555 2302 Absolutam
1590 2264 1633 2302 et
1663 2263 1871 2315 peractam

467 2319 693 2362 orationem
725 2317 942 2385 significat,
969 2318 1215 2375 metaphora
1273 2317 1423 2360 educta
1449 2332 1472 2360 e
1502 2316 1534 2359 si
1569 2316 1630 2359 nis
1650 2322 1693 2358 et
1716 2315 1871 2373 sigillis,
1887 2331 1936 2369 35

498 2391 574 2420 uae
595 2383 681 2419 tum
703 2376 898 2433 epistolis,
920 2382 1006 2418 tum
1029 2375 1286 2419 testamentis
1300 2374 1470 2431 aliisque
1498 2380 1542 2417 ta
1572 2373 1647 2416 ulis
1670 2373 1757 2430 jam
1779 2387 1873 2415 con-

467 2392 586 2478 iloctis
605 2449 659 2492 ap
689 2433 757 2477 oni
778 2434 978 2476 solebant.
1016 2434 1179 2475 IDEM.

529 2491 632 2535 Ibid.
671 2524 681 2534 .
705 2505 774 2548 33.
799 2491 875 2534 nisi
895 2491 928 2534 si
953 2491 1131 2533 Hermas
1152 2490 1232 2539 ille,
1255 2490 1369 2546 cujus
1389 2489 1594 2546 scriptura
1615 2489 1703 2531 fere
1726 2488 1873 2531 Pastor

469 2549 704 2593 inscribitur
725 2538 822 2615 Bne]
848 2549 1033 2591 Hermae
1054 2548 1182 2591 verba
1201 2554 1367 2591 exstant
1388 2547 1429 2590 in
1450 2546 1538 2604 ipso
1559 2546 1758 2603 principio
1780 2545 1871 2588 libri

468 2607 635 2651 secundi
658 2608 852 2656 Pastoris,
879 2606 947 2649 ubi
976 2605 1231 2649 doctissimus
1254 2604 1483 2649 Cotelerius
1514 2604 1615 2647 haec
1645 2602 1870 2650 annotavit.
1887 2623 1937 2657 40

470 2674 479 2690 ‘
505 2666 597 2707 Mos
630 2665 958 2708 Christianorum
995 2664 1252 2721 quorundam
1281 2662 1450 2706 sedendi
1483 2661 1621 2705 statim
1658 2667 1750 2718 post
1781 2675 1872 2703 ora-

470 2731 480 2747 ‘
504 2723 669 2772 tionem,
700 2722 1003 2780 superstitionis
1032 2721 1223 2780 arguitur
1250 2736 1276 2765 a
1304 2719 1573 2763 Tertulliano.
1605 2718 1672 2761 lib.
1692 2718 1744 2761 de
1767 2718 1872 2761 Ora-

471 2789 481 2804 *
504 2781 613 2823 tione
650 2796 683 2823 c.
723 2794 785 2829 12,
821 2780 887 2823 ubi
924 2780 1031 2822 hunc
1065 2780 1196 2822 locum
1233 2779 1385 2822 laudat.
1439 2776 1702 2821 Consuetudo
1733 2781 1869 2819 autem

470 2846 481 2863 ⁸
504 2838 644 2880 similis
697 2838 807 2895 apud
859 2837 1045 2881 Gentiles
1101 2837 1343 2885 invaluerat,
1396 2841 1500 2878 toste
1556 2834 1747 2877 Pindaro.
1819 2833 1871 2875 Et,

469 2895 749 2938 ‘Plutarchus
798 2895 838 2937 in
892 2895 1038 2946 Numa,
1082 2894 1188 2937 inter
1228 2892 1520 2951 aenigmaticas
1561 2906 1673 2933 merc
1716 2891 1870 2947 Pytha·
1886 2907 1935 2942 45
