1988 3216
386 240 444 283 86
861 245 943 286 ΑΝ
944 244 985 286 Ν
989 243 1249 287 ΟΤΑΤΙΟΝ
1253 244 1323 286 Es

446 351 492 392 P.
513 352 584 407 58.
606 352 632 394 l.
656 367 694 408 9.
723 351 854 406 Ὀρῶν
874 353 943 395 τὸν
966 354 1095 409 Θεὸν]
1135 354 1202 397 Ita
1229 354 1459 411 expositum
1488 368 1577 396 esse
1605 368 1630 395 a
1657 352 1795 395 multis

387 423 536 450 nomen
557 411 711 459 Israel,
733 411 913 453 ostendit
935 411 1158 454 Fabricius.

448 466 734 509 Ibid.l.10.6
755 468 879 526 Παῖς]
904 468 1044 518 Filius,
1065 476 1112 512 ut
1131 469 1242 511 infra
1261 484 1378 526 capp.
1399 481 1437 523 7,
1454 475 1580 511 et11.
1614 469 1781 510 FABR.

448 523 552 566 Ibid.
575 525 600 566 1.
628 528 687 567 16.
712 525 756 569 ὃς
775 526 838 567 ἐπὶ
859 529 931 579 γῆς
950 527 1084 582 ὤφθη]
1120 527 1320 570 Conferas
1340 540 1515 592 cap513.

446 582 492 623 P.
513 595 584 636 59.
607 582 632 624 l.
657 595 690 624 1.
721 585 924 638 λαμπρῶς]
974 584 1179 626 Exstante
1213 585 1379 641 quidem
1413 584 1456 626 in
1490 583 1660 626 Graecis
1695 589 1794 635 λαμ-
1808 600 1831 639 5

385 639 499 691 πρὸν,
520 640 594 682 sed
614 640 792 706 legente,
813 647 860 683 ut
880 646 997 683 notat
1019 641 1243 692 Fabricius,
1267 642 1505 699 Interprete
1525 641 1673 684 Latino
1693 647 1795 692 λαμ-

385 701 503 749 πρῶς,
527 697 603 739 hoc
622 698 800 768 reposui.

446 753 551 796 Ibid.
574 755 599 796 l.
625 766 662 810 7.
689 754 740 797 Ὀ
762 755 818 797 ὢν
847 757 909 797 καὶ
930 758 951 798 6
972 756 1022 808 ἦν
1044 757 1108 798 καὶ
1133 758 1154 797 6
1181 758 1410 810 ἐρχόμενος,
1431 758 1452 798 ὁ
1475 755 1582 799 Θεὸς
1602 757 1624 796 6
1649 772 1792 798 παντο-

384 812 555 869 κράτωρ]
599 812 746 855 Refert
786 813 981 855 lectorem
1022 828 1141 855 suum
1182 814 1394 856 Fabricius
1433 813 1488 856 ad
1522 814 1651 869 Apoc.
1687 813 1712 854 i.
1751 817 1790 855 8.

386 871 522 924 Atque
562 870 617 911 ibi
657 870 839 913 restituit
878 871 1094 913 lectionem
1138 872 1278 924 Κύριος
1318 873 1340 912 6
1377 871 1497 920 Θεὸς,
1535 885 1610 936 pro
1650 870 1737 912 solo
1772 872 1794 911 ὀ
1811 889 1859 914 10

385 927 525 979 Κύριος
561 927 881 979 Greisbachius,
917 928 1098 984 satisque
1133 928 1250 971 nobis
1284 928 1529 986 probabitur
1562 928 1626 969 his
1660 927 1794 970 verbis

382 983 604 1040 significari
628 985 852 1035 Christum,
882 992 1006 1042 prout
1036 985 1103 1028 hic
1134 992 1272 1028 monet
1301 986 1568 1043 Hippolytus,
1596 986 1629 1027 si
1657 985 1794 1028 confe

381 1041 510 1083 rimus
542 1057 686 1084 comm.
713 1057 757 1098 ¹3
793 1043 915 1100 hujus
945 1043 1090 1100 capitis
1121 1044 1393 1101 Apocalypsis
1428 1059 1519 1109 cutm
1555 1058 1700 1085 comm.
1730 1054 1792 1098 17,

380 1098 551 1154 aliisque
592 1101 751 1143 duobus
791 1102 973 1158 ejusdem
1014 1101 1109 1144 libri
1148 1102 1257 1152 locis,
1299 1101 1383 1144 scil.
1416 1101 1499 1143 xxi.
1536 1103 1575 1151 6,
1612 1107 1655 1144 et
1694 1100 1791 1143 xxii.

389 1169 451 1205 12,
485 1171 544 1211 ¹3·
1811 1175 1857 1214 15

441 1190 547 1256 lbid.
570 1215 596 1256 l.
620 1230 658 1270 9.
683 1217 744 1258 καὶ
766 1216 890 1273 αὐτῷ]
919 1216 1161 1274 Legendum
1184 1218 1248 1258 καὶ
1269 1217 1397 1261 αὐτός.

440 1271 683 1314 Ibid.l.12.
718 1275 781 1315 καὶ
808 1274 969 1316 πάντων
991 1275 1143 1330 κρατεῖ]
1181 1275 1374 1317 Fortasse
1405 1274 1640 1331 legendum,
1665 1274 1730 1316 καὶ
1758 1275 1793 1315 εἰ

378 1329 540 1371 πάντων
562 1335 705 1382 Κραῒεῖ.

438 1387 483 1428 Ρ.
502 1390 570 1430 60.
588 1388 614 1429 l.
632 1403 672 1439 4.
695 1389 797 1430 Τότε
820 1388 881 1430 καὶ
902 1389 1015 1433 αὐτὸς
1036 1389 1348 1444 ὑποταγησεται]
1370 1389 1535 1432 Abest‘
1517 1407 1538 1430 ο
1556 1389 1665 1440 Tibe,
1680 1388 1790 1444 quod

380 1444 514 1487 Biblia
535 1445 702 1494 habent,
724 1446 867 1488 itidem
889 1462 914 1488 a
936 1447 1119 1503 Vulgata
1143 1447 1300 1504 Interp.
1318 1454 1360 1489 et
1380 1447 1471 1490 aliis
1495 1453 1663 1504 praeter
1684 1446 1789 1502 Hip-
1807 1460 1856 1486 20

378 1502 564 1558 polytum
589 1503 796 1546 Ecclesiae
819 1504 1026 1546 Patribus.

436 1561 481 1602 P.
500 1562 568 1602 61.
591 1561 616 1602 l.
638 1574 674 1603 2.
703 1562 967 1617 ἑπιστανέτω]
997 1562 1113 1604 Cor1
1104 1577 1172 1619 ige
1192 1562 1408 1604 ἐπίσταιτο.

438 1617 543 1659 Ibid.
562 1617 587 1659 l.
601 1631 642 1674 5.
666 1618 757 1660 ἀλλ’
775 1620 838 1660 ἐπὶ
858 1620 926 1660 δύο
947 1619 1162 1677 πρόσωπα]
1188 1619 1486 1676 Reponendum
1506 1618 1670 1661 videtur
1689 1619 1788 1667 ἐπεὶ,

377 1681 500 1730 prout
522 1676 647 1717 vertit
669 1675 897 1718 Tum-ianus
920 1676 1139 1733 interpres.

438 1732 540 1775 Ibid.
564 1734 589 1775 l.
609 1736 647 1775 6.
677 1735 803 1778 Αὐτὸς
828 1736 869 1775 δὲ
899 1734 993 1776 αὐτὸ
1023 1735 1246 1789 ἀπέλυσεν]
1290 1734 1593 1792 Corrigendum
1626 1733 1788 1776 videtur
1805 1747 1853 1785 25

377 1791 588 1841 ἑπέλυσεν,
613 1798 658 1833 ut
676 1791 787 1833 infra
807 1806 970 1848 quoque
993 1793 1147 1834 ἐπιλύει
1168 1807 1243 1848 pro
1266 1793 1445 1834 ἀπολύει.

436 1848 674 1891 Ibid.l.12.
704 1850 835 1907 ἐστιν]
869 1850 948 1891 Vel
980 1849 1199 1892 delendum
1235 1849 1312 1891 hoc
1342 1849 1527 1898 verbum,
1558 1849 1621 1891 vel
1652 1849 1788 1906 potius

377 1904 416 1946 in
438 1906 562 1956 ἐσμὲν
583 1907 841 1949 vertendum.

434 1962 541 2005 Ibid.
565 1964 589 2006 l.
614 1978 673 2019 13.
706 1966 881 2029 δυνάμει,
914 1965 1108 2021 διαθέσει]
1142 1964 1384 2022 Legendum
1418 1965 1580 2016 δυνάμει
1613 1965 1675 2006 καὶ
1705 1968 1787 2006 δια-

374 2022 498 2070 θέσει,
522 2028 712 2079 utsupra
743 2022 917 2079 positum
949 2029 1024 2072 cst,
1047 2023 1091 2080 τῆ
1120 2023 1281 2074 δυνάμει
1309 2023 1373 2064 καὶ
1401 2022 1576 2064 διαθέσει
1601 2038 1668 2074 της
1694 2023 1785 2074 ὁμο·
1801 2037 1852 2073 30

375 2080 539 2131 (1»ροιίας
564 2079 609 2121 ἓν
639 2082 840 2133 γινόμεθα.
904 2065 1097 2122 Ceterum
1134 2080 1279 2121 Filium
1311 2079 1475 2136 quidem
1504 2079 1581 2121 Dei
1609 2078 1787 2122 existere

373 2136 424 2176 do
453 2137 585 2178 Patris
615 2137 858 2185 substantia,
885 2137 970 2180 sive
997 2139 1044 2195 τῇ
1072 2138 1201 2194 οὐσίᾳ,
1230 2137 1394 2180 minime
1426 2138 1607 2203 negabat
1629 2137 1787 2194 Hippo-

373 2194 497 2249 lvtms,
530 2194 563 2236 is
590 2195 658 2251 qui
691 2195 836 2237 Filium
870 2196 945 2237 hoc
976 2182 1063 2238 loco
1094 2195 1240 2238 statuit
1271 2199 1366 2238 νοῦν
1399 2195 1535 2237 Panis
1565 2210 1668 2245 esse,
1699 2202 1785 2237 tum

372 2259 414 2294 ct
435 2250 516 2293 infr
518 2269 543 2294 ι
565 2253 633 2294 τὸν
655 2254 753 2295 ἴδιον
775 2256 869 2295 νοῦν
892 2252 970 2295 Dei
991 2253 1166 2295 eundem
1193 2253 1390 2310 appellat.
1453 2226 1786 2323 Immokin'eunte

371 2315 469 2351 sect.
499 2309 550 2359 xi,
578 2310 714 2351 lumen
747 2326 797 2352 cx
828 2310 982 2353 lumine
1013 2325 1106 2352 eum
1137 2325 1226 2352 esse
1256 2311 1445 2360 affirmat,
1477 2317 1603 2366 atque
1633 2310 1785 2352 idcirco
1799 2323 1849 2363 35

372 2381 452 2408 non
484 2367 664 2409 existere
694 2367 797 2409 duos
829 2368 1061 2410 Deos.1n
1089 2382 1138 2409 eo
1168 2374 1305 2410 autom
1338 2374 1449 2410 totus
1477 2373 1701 2424 occupatur
1723 2367 1785 2410 vir

370 2431 548 2473 sanctus,
580 2432 625 2466 ut
651 2426 848 2491 ronfiwio
871 2440 1171 2491 permnamun,
1194 2425 1398 2481 quomodo
1427 2425 1610 2467 Ecclesia
1636 2425 1785 2468 Latina

371 2481 565 2538 loquitur,
598 2482 801 2534 evitetur3
834 2482 988 2540 quippo
1019 2497 1142 2548 quum
1177 2482 1326 2525 (iraeci
1359 2497 1496 2524 vocem
1529 2483 1672 2525 οὐσίαν
1702 2498 1783 2525 non

371 2546 530 2581 tantum
566 2554 641 2596 pro
674 2541 920 2583 mzlmtantia
952 2540 1023 2583 sod
1054 2539 1176 2582 ctiam
1210 2554 1300 2640 pro
1316 2555 1504 2596 persona
1534 2541 1784 2584 subsistente

371 2597 481 2639 hand
510 2612 605 2639 ν·ινο
628 2612 724 2639 usur
756 2603 887 2640 arent.
952 2597 1187 2649 Quinctium
1229 2597 1302 2640 «ilii
1323 2603 1534 2640 aeternam
1561 2597 1783 2640 subsiston-
1797 2615 1848 2649 40

370 2654 467 2696 tisun
512 2655 597 2697 loco
641 2613 760 2698 nume)
801 2662 1029 2698 memorato
1069 2655 1190 2698 docet
1231 2655 1496 2728 Hippolytus
1562 2655 1645 2698 Τὸν
1684 2657 1783 2698 ἴδιον

371 2716 477 2762 ι’νοῦι,
516 2712 660 2769 inquit,
698 2714 799 2769 αὐτῷ
834 2715 943 2770 μόνῳ
975 2715 1166 2767 πρότερον
1197 2713 1354 2784 ὀρεινὸνΒ
1376 2713 1617 2768 υπάρχοντα,
1650 2715 1702 2769 τῷ
1738 2715 1780 2754 δὲ

372 2770 565 2825 γιιιψέιῳ
594 2772 726 2826 κόσμῳ
755 2772 927 2823 ἀόρατον
953 2772 1050 2813 ὄντα
1078 2771 1220 2825 ὁρατὸν
1247 2775 1362 2818 ποιεῖ,
1386 2771 1489 2815 ὅπως
1516 2772 1579 2812 διὰ
1607 2773 1676 2811 τοῦ
1704 2776 1781 2822 φα-

372 2830 485 2876 nminat
517 2829 609 2868 ἰδὼι
641 2829 662 2866 ό
693 2845 837 2879 κυσμος
867 2831 1043 2880 σωθῆναι
1073 2829 1228 2880 δυνηθῇ.
1253 2843 1284 2869 c.
1277 2842 1341 2884 ap.
1365 2840 1424 2869 10
1491 2827 1584 2892 lpse
1615 2841 1779 2884 quoquo

373 2883 562 2925 (luimus
597 2885 706 2939 apud
743 2887 783 2926 S
810 2886 1013 2927 ,loannem
1050 2885 1120 2930 nit
1152 2900 1195 2927 so
1232 2885 1403 2938 ,gloriam
1442 2884 1632 2927 habuisse
1668 2885 1778 2941 apud
1794 2890 1843 2926 45
