1988 3216
374 256 430 295 14

713 255 754 297 S.
781 256 1112 298 POLYCARPI
1146 256 1429 299 EPISTOLA

372 361 608 429 ρευόμενοι
646 361 767 414 κατὰ
799 364 886 427 τὴν
920 362 1145 428 ἀλήθειαν
1170 369 1253 415 τοῦ
1291 362 1484 430 Κυρίου,
1511 361 1562 418 ὃς
1597 362 1775 428 ἐγένετο

374 445 588 501 διάκονος
623 445 832 499 πάντων·
878 445 917 517 ᾧ
953 446 1034 499 ἐὰν
1070 446 1463 515 εὐαρεστήσωμεν
1499 449 1549 498 ἐν
1586 449 1655 517 τῷ
1693 453 1777 498 νῦν

374 534 520 594 αι’ὧνι,
554 530 909 601 ἀποληψόμεθα
946 535 1022 584 καὶ
1059 531 1143 583 τὸν
1180 531 1441 596 μέλλοντα,
1475 530 1630 587 καθὼς
1664 531 1774 584 ὑπέ-

374 638 524 684 σχετο
572 616 684 680 ἡμῖν
725 617 897 683 ἐγεῖραι
941 617 1062 681 ἡμᾶς
1110 617 1160 668 ἐκ
1212 620 1404 684 νεκρῶν·
1459 619 1535 668 καὶ
1584 616 1655 669 ὅτι
1697 616 1778 667 ἐὰν

1091 706 1113 717 Α

156 717 244 748 Phil.
258 717 279 748 i.
296 726 347 757 27.
371 700 769 764 πολιτευσώμεθα
792 699 942 768 ἀξίως
968 702 1128 765 αὐτου,
1158 708 1172 732 ‘
1190 703 1266 752 καὶ
1293 700 1775 766 συμβασιλεύσομεν’
1792 716 1814 753 5

158 771 175 792 2
188 761 274 792 Tim.
291 761 323 792 ii.

161 814 209 835 12.

372 787 518 855 αὐτῷ,
542 785 635 851 εἴγε
659 785 958 849 πιστεύομεν.

1037 785 1248 850 Ὁμοίως
1274 787 1350 837 καὶ
1382 786 1594 853 νεώτεροι
1626 786 1775 851 ἄμεμ-

372 892 482 922 πτοι
516 873 566 921 ἐν
600 874 740 933 πᾶσι,
776 869 872 938 πρὸ
905 869 1085 926 παντὸς
1116 876 1428 938 προνοοῦντες
1460 869 1665 936 ἁγνείας,
1702 873 1779 922 καὶ

372 960 818 1024 χαλιναγωγοῦντες
854 953 1046 1010 ἑαυτοὺς
1079 953 1177 1007 ἀπὸ
1209 954 1389 1010 παντὸς
1426 961 1588 1007 κακοῦ.

1674 959 1776 1007 Κα-

373 1037 465 1091 λὸν
502 1038 598 1106 γὰρ
635 1036 691 1090 τὸ
733 1037 1084 1091 ἀνακόπτεσθαι
1126 1038 1223 1090 ἀπὸ
1261 1041 1358 1090 τῶν
1394 1040 1648 1105 ἐπιθυμιῶν
1685 1042 1780 1091 τῶν

160 1125 421 1175 1Pet.ii.11.e'v
458 1127 526 1193 τῷ
566 1122 753 1194 κόσμῳ·
802 1122 874 1176 ὅτι
910 1127 1050 1175 πᾶσα
1086 1122 1306 1183 ἐπιθυμία
1352 1121 1473 1175 κατὰ
1511 1128 1596 1176 τοῦ
1636 1122 1778 1176 πνεύ-
1798 1143 1845 1168 10

161 1223 313 1255 ¹Cor.vi.
329 1233 359 1266 9,
372 1232 523 1274 ματος
547 1208 870 1277 στρατεύεται·
913 1210 990 1260 καὶ
1032 1215 1045 1238 ‘
1063 1209 1168 1260 οὔτε
1205 1206 1391 1276 πόρνοι,
1421 1209 1525 1260 οὔτε
1551 1211 1778 1273 μαλακοὶ,

161 1276 208 1298 10.

377 1302 390 1324 ί

378 1389 391 1411 ‘
420 1380 537 1444 σιν,’
568 1381 673 1432 οὕτε
712 1382 755 1431 οἱ
792 1384 1035 1434 ποιοῦντες
1062 1377 1123 1430 τὰ
1160 1378 1334 1431 ἄτοπα.

422 1297 527 1347 οὔτε
561 1295 894 1362 ἀρσενοκοῖται
931 1293 1189 1355 βασιλείαν
1219 1297 1344 1346 Θεοῦ
1382 1291 1778 1360 κληρονομήσου-

1417 1376 1509 1430 Διὸ
1535 1377 1639 1429 δέον
1663 1377 1779 1431 ἀπέ-

374 1468 545 1533 χεσθαι
589 1462 687 1516 ἀπὸ
728 1461 922 1516 πάντων
971 1461 1170 1526 τούτων,
1219 1461 1642 1527 ὑποτασσομένους
1685 1466 1783 1518 τοῖς

374 1548 716 1617 πρεσβυτέροις
759 1551 833 1600 καὶ
887 1546 1131 1611 διακόνοις,
1176 1549 1241 1604 ὡς
1284 1549 1393 1618 Θεῷ
1436 1548 1513 1599 καὶ
1559 1551 1779 1618 Χριστῷ·
1800 1563 1846 1601 15

374 1634 461 1690 τὰς
494 1634 758 1702 παρθένους
787 1634 835 1685 ἐν
869 1633 1052 1703 ἀμώμῳ
1083 1634 1159 1684 καὶ
1193 1634 1318 1701 ἁγνῇ
1351 1631 1619 1698 συνειδήσει
1649 1654 1779 1700 περι-

374 1724 555 1772 πατεῖν.

452 1802 510 1862 ς’.
554 1807 646 1857 Καὶ
681 1807 723 1856 οὶ
756 1802 1074 1871 πρεσβύτεροι
1105 1802 1152 1854 δὲ
1182 1804 1531 1871 εὔσπλαγχνοι,
1562 1804 1627 1858 εἰς
1657 1800 1779 1854 ποίν-

379 2003 501 2049 nibus,
539 2002 778 2041 ambulantes
814 2001 854 2039 in
891 2001 1053 2039 veritate

383 2057 549 2104 Domini,
568 2056 634 2108 qui
661 2056 783 2095 factus
802 2061 860 2094 est
878 2054 1054 2094 minister

379 2111 577 2149 omnium:
624 2110 708 2148 ⁸cui
761 2110 792 2148 si
844 2109 1054 2160 complace-

378 2178 487 2203 amus
516 2165 555 2202 in
586 2165 657 2203 hoc
685 2164 846 2210 saeculo,
870 2163 1053 2214 percipie—

380 2232 464 2257 mus
495 2232 540 2258 ea
568 2232 666 2270 quae
704 2218 834 2257 futura
865 2223 966 2264 sunt,
997 2230 1053 2255 se-

378 2273 545 2311 cundum
566 2273 669 2324 quod
693 2271 909 2323 repromisit
931 2284 1053 2309 resus-

379 2327 497 2366 citare
516 2340 585 2365 nos
604 2340 626 2364 a
645 2326 808 2365 mortuis
825 2339 835 2372 ς
861 2331 900 2364 et
919 2325 949 2363 si
970 2325 1053 2375 dig-

380 2394 428 2419 ne
464 2393 510 2419 eo
539 2380 751 2419 conversati
789 2378 983 2425 fuerimus,
1014 2384 1053 2418 et

379 2435 410 2473 si
467 2434 750 2481 crediderimus,
809 2432 1053 2482 com-equabi-

379 2502 468 2527 mue
485 2502 573 2527 own
591 2501 640 2527 eo.
689 2488 858 2526 Juvenes
877 2486 1054 2525 similiter

380 2542 628 2595 inculpabiles
665 2542 742 2581 sint
780 2541 818 2579 in
849 2541 1052 2579 omnibus:

380 2610 533 2635 omnem
577 2595 833 2647 ignorantiam
877 2594 1055 2646 bpmevi-

380 2652 526 2699 dentes,
553 2650 788 2690 refrenantes
815 2662 856 2688 se
883 2650 932 2687 sb
950 2648 1054 2687 omni

380 2706 491 2743 malo.
540 2705 689 2743 Bonum
709 2710 767 2744 est
786 2702 888 2742 enim
909 2702 1055 2742 abscin-

1109 2000 1148 2038 di
1178 2000 1227 2037 ab
1257 1999 1435 2038 omnibus
1468 1999 1784 2050 concupiscentiis

1109 2053 1268 2092 mundi:
1316 2054 1497 2104 quoniam
1534 2053 1659 2091 omnis
1696 2066 1784 2091 con-

1109 2108 1344 2159 cupiscentia
1372 2108 1576 2146 cadversus
1604 2107 1784 2158 spiritum

1108 2162 1261 2201 militat.
1293 2162 1394 2211 Quia,
1408 2160 1783 2212 quuefomicoerii,

1108 2230 1226 2266 neque
1241 2216 1379 2263 molles,
1391 2230 1510 2266 ‘neque
1523 2215 1786 2254 masculormn

1109 2271 1362 2309 oonmobitores
1384 2284 1546 2319 reynum
1565 2270 1640 2308 Dei
1661 2270 1784 2320 possi-

1109 2324 1259 2371 debunt,
1289 2337 1411 2375 neque
1434 2324 1567 2362 illicita
1591 2323 1781 2362 facientes.

1111 2378 1272 2429 Propter
1290 2378 1392 2428 quod
1420 2378 1602 2417 abstineri
1631 2382 1785 2428 oportet

1108 2433 1157 2470 ab
1176 2431 1353 2470 omnibus
1372 2431 1440 2470 his.
1496 2431 1664 2482 Subjecti
1685 2437 1784 2470 esto-

1109 2492 1148 2525 te
1175 2486 1409 2537 presbyteris
1438 2491 1477 2525 et
1505 2485 1685 2532 diaconis,
1714 2485 1784 2523 sic-

1109 2545 1153 2579 ut
1187 2540 1270 2582 Deo
1308 2546 1347 2579 et
1377 2540 1542 2579 Christo.
1593 2538 1783 2590 Virgines,

1110 2594 1354 2633 immaculata
1373 2600 1412 2633 et
1431 2599 1534 2632 casta
1553 2593 1785 2631 conscientia

1110 2648 1314 2687 ambulate.

1166 2702 1235 2740 VI.
1270 2701 1321 2740 Et
1349 2701 1561 2752 presbyteri
1592 2700 1784 2752 simplices

947 2821 999 2854 8oe
1011 2820 1131 2854 Smithn'
1145 2820 1222 2853 edit.

379 2898 392 2911 ·
409 2889 461 2920 ΑΙ.
477 2889 553 2921 huic
569 2890 595 2919 ni
610 2889 779 2930 placemus.
828 2887 843 2909 ὓ
858 2887 912 2920 Al.
930 2886 1139 2929 providentes.

1187 2892 1200 2907 ‘¹
1222 2885 1320 2918 1Pet.
1337 2885 1367 2918 ii.
1386 2895 1430 2918 ιι.
1479 2885 1492 2907 ¹¹
1515 2886 1614 2917 ivor.
1629 2885 1670 2917 vi.
1688 2895 1716 2926 9.
1735 2895 1778 2917 ιο.
