2034 3204
192 1596 205 1619 1
220 1586 297 1620 Cori
310 1586 354 1620 iv.
366 1595 394 1629 7.

418 231 501 272 116
891 233 1347 275 TERTULLIANI

416 357 543 387 nunc
567 348 711 395 aetas,
735 358 858 403 quae
894 358 1062 389 sexum
1091 359 1232 390 suum
1269 343 1472 406 ignorat,
1499 339 1820 401 simplicitatis

415 418 720 479 privilegium
755 426 930 465 teneat.
1000 420 1127 466 Nam
1158 426 1206 466 et
1231 420 1336 466 Eva
1368 426 1416 465 et
1439 419 1614 472 Adam,
1639 418 1719 463 ubi
1750 416 1820 462 eis

415 496 617 558 contigit
652 512 830 556 sapere,
857 504 1117 544 texuerunt
1148 498 1312 544 statim
1348 498 1475 557 quod
1512 502 1819 558 agnoverant.

416 572 556 618 Certe
580 573 630 619 in
656 574 831 633 quibus
859 574 963 635 jam
987 573 1194 633 pueritia
1219 574 1438 626 mutavit,
1462 573 1586 618 sicut
1619 578 1820 617 naturae

415 648 569 711 [forsa
606 649 818 711 natura]⁹
854 651 923 696 ita
957 658 1005 696 et
1039 651 1318 710 disciplinae
1352 649 1507 711 [fors.
1543 647 1856 708 disciplina]5

414 728 554 773 debet
599 735 729 773 aetas
775 744 876 773 esse
922 728 1159 774 munifica.
1232 728 1359 773 Nam
1406 733 1455 773 et
1500 727 1726 772 membris
1772 733 1820 771 et

414 805 578 850 officiis
610 805 891 851 mulieribus
923 806 1240 867 resignantur.
1317 805 1464 850 Nulla
1489 803 1626 866 virgo
1654 810 1738 856 est,
1761 819 1819 849 ex

414 897 510 941 quo
525 889 682 940 potest
698 882 890 935 nubere,
907 882 1135 942 quoniam
1151 890 1280 928 aetas
1299 883 1402 944 jam
1418 882 1468 927 in
1484 897 1539 927 ea
1554 881 1718 941 nupsit
1732 896 1820 926 suo

412 959 530 1013 viro,
548 959 595 1004 id
621 966 693 1004 est
717 959 934 1019 tempori.
972 959 1062 1005 Sed
1083 959 1243 1019 aliqua
1260 976 1309 1005 se
1324 959 1428 1005 Deo
1453 958 1614 1012 vovit;
1642 959 1745 1019 jam
1771 965 1819 1004 et

411 1036 589 1082 crinem
603 1037 774 1082 exinde
790 1037 1116 1099 transfigurat,
1135 1045 1182 1083 et
1197 1053 1386 1084 omnem
1404 1036 1623 1083 habitum
1639 1037 1697 1081 ad
1714 1051 1819 1081 mu·
1835 1045 1885 1072 10

411 1113 549 1159 lieres
568 1114 815 1160 convertit.
863 1115 1062 1160 'Totum
1081 1130 1195 1177 ergo
1218 1121 1468 1169 asseveret,
1484 1120 1532 1159 et
1550 1119 1707 1159 totum
1722 1112 1819 1158 vir-

409 1191 539 1253 ginis
565 1198 801 1251 praestet:
833 1194 961 1252 quod
986 1200 1184 1253 propter
1207 1193 1362 1239 Deum
1389 1191 1652 1245 abscondit,
1676 1192 1818 1250 plane

410 1270 676 1316 obumbret.
736 1270 944 1316 Interest
967 1277 1144 1326 nostra,
1159 1272 1286 1331 quod
1303 1270 1396 1316 Dei
1412 1268 1571 1332 gratia
1589 1274 1816 1320 exerceat,

409 1348 555 1393 solius
580 1347 671 1394 Dei
703 1348 1020 1394 conscientiae
1051 1349 1395 1400 commendare,
1419 1363 1480 1393 ne
1503 1347 1631 1407 quod
1661 1361 1690 1391 a
1712 1345 1817 1391 Deo

409 1440 672 1484 speramus,
698 1426 759 1471 ab
783 1426 976 1472 homine
1000 1441 1374 1486 compensemus».
1449 1424 1577 1478 Quid
1603 1424 1815 1470 denudas
1833 1436 1880 1474 15

408 1509 521 1548 ante
545 1503 716 1555 Deum⁵
741 1504 867 1563 quod
894 1509 1005 1549 ante
1030 1503 1247 1549 homines
1273 1503 1396 1564 tegis
1412 1503 1434 1548 Ρ
1488 1500 1817 1548 Verecundior

409 1580 503 1626 eris
522 1581 571 1626 in
597 1581 804 1641 publico,
823 1597 969 1641 quam
994 1581 1044 1626 in
1064 1581 1282 1627 Ecclesia
1297 1581 1319 1626 ἶ)
1366 1579 1426 1627 Si
1443 1578 1539 1625 Dei
1555 1578 1714 1643 qratia
1738 1582 1814 1631 est,

406 1664 448 1704 et
471 1658 699 1719 accepisti,
717 1655 831 1720 quid
846 1655 1086 1721 ylorz'aris,
1102 1658 1278 1719 inquit,
1294 1657 1427 1720 quasi
1442 1672 1533 1703 non
1553 1655 1817 1718 acceperis?

406 1736 536 1790 Quid
562 1736 682 1782 alias
714 1737 1034 1782 ostentatione
1059 1736 1132 1782 tui
1161 1736 1391 1798 judicas?
1428 1751 1489 1781 an
1514 1735 1632 1781 alias
1659 1733 1815 1797 gloria

406 1821 491 1860 tua
515 1813 574 1859 ad
612 1813 789 1859 bonum
822 1813 1043 1859 invitas?
1113 1813 1270 1873 Atqui
1305 1819 1354 1859 et
1388 1813 1494 1873 ipsa
1527 1811 1813 1872 periclitaris
1829 1827 1880 1853 20

406 1891 642 1944 amittere,
678 1891 721 1936 si
755 1890 1013 1951 gloriaris;
1063 1896 1112 1936 et
1147 1891 1266 1936 alias
1301 1892 1358 1936 ad
1396 1891 1562 1936 eadem
1602 1889 1815 1950 pericula

405 1968 550 2029 cogis.
624 1968 785 2013 Facile
825 1968 1024 2031 eligitur
1054 1966 1209 2030 [fors.
1245 1966 1466 2028 eliditur]
1501 1968 1626 2027 quod
1676 1967 1815 2013 affec-

405 2046 536 2092 tione
565 2046 748 2108 gloriae
780 2046 1056 2092 assumitur.
1129 2045 1304 2093 Velare
1328 2045 1480 2107 virgo,
1505 2045 1546 2091 si
1570 2045 1708 2107 virgo
1730 2059 1809 2100 es3

403 2125 545 2170 debes
580 2124 709 2169 enim
749 2124 1036 2170 erubescere.
1106 2123 1158 2169 Si
1189 2123 1328 2185 virgo
1364 2138 1426 2177 es,
1457 2124 1617 2183 plures
1651 2123 1811 2168 oculos

403 2201 505 2261 pati
541 2201 654 2247 noli.
725 2201 880 2247 Nemo
920 2201 1123 2247 miretur
1161 2201 1209 2247 in
1250 2207 1384 2247 tuam
1419 2201 1623 2255 faciem;
1671 2215 1812 2246 nemo
1827 2213 1875 2253 25

404 2279 704 2325 mendacium
742 2285 879 2325 tuum
916 2278 1108 2324 sentiat.
1179 2277 1310 2324 Bene
1341 2278 1559 2333 mentiris
1595 2284 1808 2337 nuptam,

402 2356 442 2402 si
472 2364 617 2416 caput
640 2358 779 2402 veles.
854 2348 1007 2402 Immo
1043 2355 1235 2401 mentiri
1271 2371 1364 2401 non
1390 2355 1578 2409 videris,
1603 2354 1809 2415 nupsisti

403 2434 531 2480 enim
557 2434 765 2487 Christe,
792 2433 860 2479 illi
886 2448 1075 2479 carnem
1101 2439 1234 2479 tuam
1261 2432 1518 2478 tradidisti.
1588 2432 1697 2493 Age
1721 2447 1809 2492 pro

404 2512 565 2558 mariti
604 2512 675 2558 tui
707 2511 976 2572 disciplina.
1046 2511 1097 2556 Si
1132 2517 1306 2571 nuptas
1341 2510 1520 2556 alienas
1550 2510 1696 2556 velari
1725 2510 1808 2571 Ju-

405 2590 496 2642 bet‚
521 2605 632 2636 suas
656 2589 824 2649 utique
853 2590 1005 2635 multo
1029 2588 1198 2650 magis.
1270 2588 1359 2633 Sed
1388 2602 1480 2633 non
1508 2593 1646 2647 putet
1669 2586 1806 2633 insti·
1820 2598 1872 2635 30

403 2667 588 2713 tutione
612 2665 762 2728 [sors.
784 2664 1163 2726 institutionem]
1188 2665 1517 2725 unusquisque
1545 2671 1806 2710 antecesso-

404 2744 469 2790 ria
493 2744 894 2790 commovendam.
959 2742 1105 2789 Multi
1131 2742 1314 2789 alienae
1337 2741 1669 2788 consuetudini
1695 2757 1807 2802 pru-

402 2822 612 2868 dentiam
639 2837 772 2867 suam
800 2819 949 2882 [sors.
970 2836 1103 2867 suam
1131 2818 1396 2880 addicunt}
1415 2826 1461 2865 et
1486 2819 1801 2865 constantiam
