2034 3204
294 205 605 249 CANONES
636 205 909 249 NICAENI
941 205 1198 249 CONCIL.
1222 207 1534 251 UNIVERS.
1577 211 1659 254 371

770 458 1043 509 ΚΑΝΩΝ
1091 459 1150 508 Β.

334 556 527 623 Ἐπειδὴ
557 555 728 611 πολλὰ
751 555 855 623 ἤτοι
884 555 976 610 ὑπὸ
1001 555 1212 624 ἀνάγκης
1235 554 1266 623 ἢ
1288 557 1456 614 αλλως
1479 558 1661 626 ε’πειγο-

259 641 415 708 μένων
439 647 536 696 τῶν
563 641 828 711 ἀνθρῶπων
855 639 1039 710 ἐγενετο
1075 641 1208 711 παρὰ
1244 643 1329 696 τὸν
1366 642 1543 696 κανόνα
1579 645 1665 697 τὸν

258 726 677 794 ἐκκλησιαστικον,
717 750 845 781 ωστε
881 727 1161 796 ἀνθρώπους
1201 727 1296 782 ἀπὸ
1335 729 1518 782 ε’θνικοῦ
1554 731 1664 792 βίου

223 827 246 865 5
260 815 366 882 ἀρτὶ
402 811 768 882 προσελθόντας
804 814 864 882 τῇ
901 813 1079 877 πίστει,
1114 814 1193 866 καὶ
1228 814 1279 865 ἐν
1315 814 1469 885 ὀλίγῳ
1505 813 1664 884 χρόνω

259 897 626 968 κατηχηθὲντας,
670 895 806 953 εὐθὺς
853 899 931 950 ε’πὶ
979 896 1036 950 τὸ
1085 896 1402 963 πνευματικὸν
1452 898 1660 968 λουτρὸν

258 981 409 1050 ἄγειν,
438 984 516 1036 καὶ
548 980 649 1048 ἅμα
681 986 750 1053 τῷ
783 985 1110 1048 βαπτισθῆναι
1140 981 1407 1052 προσάγειν
1431 986 1496 1039 εἷς
1519 985 1658 1037 Ἐπι-

258 1066 468 1134 σκοπὴν,
495 1066 526 1134 ἢ
551 1071 614 1124 εἰς
640 1064 1019 1136 Πρεσβυτὲριον,
1049 1072 1211 1124 καλῶς
1236 1066 1401 1136 ἔδοξεν
1425 1067 1546 1138 ἔχειν
1575 1075 1662 1122 τοῦ

258 1159 431 1207 λοιποῦ
452 1153 598 1220 μηδὲν
621 1158 807 1206 τοιοῦτο
831 1152 1064 1220 γίνεσθαι.
1147 1157 1242 1206 Καὶ
1267 1152 1363 1223 γὰρ
1389 1154 1465 1205 καὶ
1490 1153 1664 1224 χρόνου

197 1258 245 1284 10
258 1241 330 1292 δεῖ
347 1241 416 1311 τῷ
441 1236 793 1310 κατηχουμένῳ,
819 1240 896 1293 καὶ
927 1237 1046 1305 μετὰ
1079 1236 1135 1292 τό
1172 1237 1430 1305 βάπτισμα
1467 1241 1661 1306 δοκιμα-

257 1326 369 1382 σίας
405 1324 640 1381 πλείονος·
683 1322 840 1395 σαφὲς
884 1322 982 1392 γὰρ
1012 1320 1069 1376 τὸ
1103 1321 1433 1377 ἀποστολικόν
1463 1324 1664 1394 γράμμα

256 1408 313 1464 τό
338 1410 498 1514 λέγον,
524 1417 536 1441 ‘
559 1408 699 1475 Μηδὲ
725 1407 968 1479 νεόφυτον,
987 1408 1064 1461 ἵνα
1088 1407 1154 1474 μὴ
1179 1411 1413 1480 τυφωθεὶς
1436 1413 1500 1466 εἷς
1517 1411 1662 1479 κρίμα
1678 1434 1882 1467 1‘1'im.iii.16.

1251 1497 1312 1547 Εἰ
1338 1494 1388 1547 δε
1412 1495 1663 1564 προίόντος

254 1586 340 1634 τοῦ
354 1579 530 1652 χρόνου
542 1578 752 1652 ψυχικόν
766 1602 811 1633 τι
826 1577 1084 1648 ἁμάρτημα
1098 1581 1298 1648 εὑρεθείη
1311 1582 1417 1650 περὶ
1432 1579 1488 1634 τὸ
1501 1580 1659 1650 πρόσ-

195 1683 242 1723 15
256 1688 407 1730 ωπον,
434 1666 510 1717 καὶ
542 1662 790 1733 ἐλέγχοιτο
815 1660 908 1716 ὑπὸ
941 1660 1075 1715 δύο
1050 1687 1081 1728 η
1106 1667 1251 1732 τριῶν
1274 1664 1547 1733 μαρτύρων,
1574 1689 1658 1719 πε-

253 1747 506 1801 παύσθω
486 1772 512 1801 ο
536 1753 748 1803 τοιοῦτος
779 1753 865 1800 τοῦ
902 1746 1099 1815 κλήρου.

257 1504 270 1528 ⁶
291 1494 476 1565 ἐμπέσῃ
502 1517 581 1548 και
607 1494 791 1562 παγίδα
817 1499 903 1547 τοῦ
928 1492 1175 1557 διαβόλου.
1180 1494 1192 1510 ’

1173 1749 1238 1800 Ο
1273 1748 1323 1801 δε
1351 1749 1483 1818 παρὰ
1512 1756 1663 1803 ταῦτα

253 1837 417 1897 ποιῶν,
457 1834 520 1888 ὡς
560 1831 812 1885 ὑπεναντία
846 1834 906 1901 τῇ
948 1830 1138 1900 μεγάλῃ
1178 1831 1373 1904 Συνόδῳ
1413 1834 1656 1902 θρασυνό-

254 1939 410 1984 μενος,
438 1914 581 1974 αὐτὸς
604 1914 889 1969 κινδυνεύσει
912 1918 1018 1985 περὶ
1041 1915 1128 1969 τὸν
1154 1920 1354 1987 κλῆρον.

452 2062 646 2102 CANON
675 2063 731 2101 II.

982 2063 1098 2102 tisma
1121 2064 1348 2115 probatione
1365 2065 1656 2117 quamplurima.

309 2118 502 2167 Quoniam
532 2117 645 2169 plura
672 2121 740 2156 aut
768 2130 838 2168 per
864 2130 929 2156 ne-

984 2118 1189 2157 Manifesta
1225 2123 1284 2158 est
1316 2120 1419 2158 enim
1451 2121 1661 2171 apostolica

255 2173 482 2220 cessitatem,
501 2177 569 2211 aut
590 2172 684 2210 alias
705 2171 929 2223 cogentibus

255 2226 484 2274 hominibus,
521 2227 702 2265 adversus
738 2226 930 2265 ecclesias-

254 2281 372 2320 ticam
407 2281 508 2320 facta
543 2286 634 2320 sunt
669 2281 853 2332 regulam,
882 2285 928 2320 ut

254 2335 429 2374 homines
458 2348 507 2374 ex
535 2335 671 2386 gentili
697 2335 779 2374 vita
805 2348 929 2386 nuper

255 2390 476 2428 accedentes
494 2390 543 2428 ad
561 2389 687 2438 fidem,
707 2394 747 2428 et
764 2389 928 2428 instruc—

255 2448 317 2482 tos
340 2444 448 2482 brevi
474 2448 659 2494 tempore,
678 2456 771 2482 mox
797 2444 847 2482 ad
873 2444 927 2482 la-

254 2511 412 2536 vacrum
452 2497 623 2549 spiritale
663 2498 926 2549 perducerent,

254 2552 444 2603 simulque
471 2556 517 2591 ut
542 2551 728 2603 baptizati
755 2556 856 2600 sunt,
879 2553 929 2590 ad

255 2607 531 2658 Episcopatum
558 2607 619 2645 vel
650 2607 699 2645 ad
727 2606 928 2657 Presbyte-

254 2661 357 2699 rium
381 2665 662 2711 promoverent,
681 2660 826 2712 optime
847 2660 928 2712 pla-

255 2715 346 2763 cuit,
365 2715 461 2753 nihil
487 2715 565 2754 tale
592 2715 640 2753 de
667 2714 814 2766 reliquo
831 2714 925 2753 fieri.

255 2769 360 2808 Nam
389 2774 428 2808 et
458 2773 633 2820 tempore
669 2782 766 2820 opus
803 2773 862 2808 est
893 2769 929 2807 ei

253 2824 321 2875 qui
353 2823 618 2887 catechizatur,
647 2828 686 2862 et
717 2828 806 2874 post
836 2823 928 2874 bap-

984 2172 1193 2224 Scriptura,
1213 2186 1310 2225 quae
1335 2174 1439 2222 dicit,
1459 2175 1507 2213 N
1504 2188 1556 2212 <m
1573 2189 1659 2213 neo-

977 2227 1156 2278 phytum,
1183 2241 1231 2266 ne
1259 2228 1306 2267 in
1333 2229 1554 2279 superbiam
1585 2230 1660 2268 ela-

983 2288 1046 2320 tus
1094 2282 1141 2320 in
1179 2282 1382 2332 judicium
1426 2283 1577 2322 ineidat
1626 2290 1660 2322 et

982 2335 1163 2386 laquemn
1181 2336 1335 2376 dmboli.
1394 2337 1436 2376 Si
1454 2351 1546 2376 vcro
1571 2351 1659 2388 pro-

982 2403 1090 2429 cessu
1143 2391 1330 2454 temporis
1384 2392 1539 2443 aliquod
1594 2393 1659 2431 de-

980 2444 1117 2484 lictum
1145 2445 1294 2484 animae
1323 2446 1424 2484 circa
1454 2459 1658 2497 personam

980 2499 1195 2551 reperiatur
1215 2499 1446 2551 hujusmodi,
1466 2505 1506 2538 et
1524 2513 1547 2538 a
1564 2500 1658 2539 duo-

981 2553 1054 2591 bus
1084 2553 1147 2591 vel
1173 2553 1298 2592 tribus
1329 2554 1493 2593 testibus
1522 2567 1658 2606 argua-

981 2611 1058 2655 tur,
1076 2620 1100 2646 a
1118 2607 1219 2646 clero
1243 2607 1333 2646 talis
1357 2608 1557 2647 abstineat.
1615 2609 1658 2647 Si

982 2661 1067 2712 quis
1085 2666 1216 2700 autem
1233 2666 1386 2712 praeter
1402 2662 1496 2701 haec
1514 2662 1657 2711 fecerit,

983 2715 1092 2766 quasi
1128 2720 1262 2754 contra
1306 2729 1491 2767 magnum
1521 2717 1658 2756 Conci-

982 2769 1078 2807 lium
1105 2782 1146 2808 se
1174 2769 1341 2818 efferens,
1361 2770 1443 2821 ipse
1471 2771 1520 2809 de
1547 2771 1657 2810 cleri-

983 2829 1091 2862 catus
1107 2823 1252 2863 honore
1270 2824 1559 2875 periclitabitur.

1072 2888 1192 2931 Bbz
