2034 3204
407 225 492 267 19⁶2
824 223 1340 265 ANNOTATIONES

407 343 525 370 voces
545 337 623 371 aut
644 330 842 379 alteram,
856 336 963 372 teste
976 330 1231 372 Tertulliano
1254 329 1332 379 hic,
1356 329 1397 370 S.
1417 327 1628 384 Cypriane
1650 329 1726 384 Ep.
1743 342 1766 382 5
1772 343 1812 385 5,

407 392 450 428 et
480 387 549 428 lib.
571 400 632 428 111.
666 401 754 444 cap.
778 388 832 439 78
862 388 917 429 ad
952 387 1183 438 Quirinum,
1217 386 1432 428 Ambrosio
1462 385 1648 442 pluribus
1680 386 1720 427 in
1757 386 1814 428 lo-

407 444 477 496 cis,
498 458 547 486 ac
563 444 725 486 Hilario
747 445 959 487 Romanae
991 444 1198 486 Ecclesiae
1228 444 1412 486 diacono.
1475 444 1517 486 S.
1533 443 1814 501 Hieronymus

407 516 506 544 vero
535 501 607 552 ait,
638 502 681 544 in
713 502 883 545 Graecis
917 502 1000 559 legi
1024 510 1126 557 post
1157 517 1304 550 unam,
1335 501 1378 543 in
1411 501 1568 543 Latinis
1596 501 1811 550 codicibus,

399 568 501 615 post
520 574 655 601 unam
673 568 712 602 et
732 561 930 602 alteram.
977 560 1225 601 ANNO'rA'rio
1245 559 1300 601 ad
1320 559 1418 601 edit.
1441 559 1669 601 Romanam
1692 560 1813 616 hujus
1826 570 1849 608 5

407 622 624 666 tractatus,
646 631 753 673 quae
782 632 891 659 anno
918 619 1026 673 1765
1046 615 1214 672 prodiit.
1263 616 1335 658 Ad
1356 617 1398 659 S.
1418 616 1658 673 Scripturae
1680 617 1812 659 locum

407 675 519 730 quod
552 674 715 724 attinet,
751 675 1006 717 Graecorum
1045 673 1313 730 superstitum
1348 673 1544 716 Codicum
1585 674 1704 717 lectio
1736 680 1812 724 est,

407 731 594 788 plurimis
623 731 971 774 consentientibus
993 731 1163 781 Latinis,
1184 733 1284 783 μετὰ
1309 731 1403 783 μίαν
1432 731 1494 773 καὶ
1518 731 1705 785 δευτέραν
1727 748 1813 774 νου-

408 789 559 832 θέσιαν.

466 848 514 888 Ρ.
533 858 626 901 127.
652 847 679 888 l.
695 861 733 903 9.
756 846 1054 902 subornantur]
1082 846 1298 888 Ornantur
1318 845 1519 895 videlicet,
1540 845 1812 896 instruuntur,
1831 863 1878 888 10

407 910 629 961 augentur,
650 904 762 960 quod
782 910 943 947 constat
964 905 1112 946 Latine
1133 903 1226 946 dici.
1285 903 1422 945 Notae
1441 903 1496 945 ad
1517 903 1724 946 Thomasii
1747 904 1815 946 In-

407 961 510 1062 stitt.
528 962 672 1004 Theol.
694 961 772 1004 vol.
795 976 822 1003 1.
850 975 891 1019 p.
914 976 979 1014 14.
1004 962 1046 1004 in
1073 961 1221 1017 quibus
1251 961 1318 1003 hic
1339 960 1583 1003 Tertulliani
1608 961 1712 1004 liber
1732 962 1814 1004 col-

424 1025 566 1062 oeatus
586 1025 660 1061 est.

468 1077 573 1119 Ibid.
604 1077 630 1119 l.
658 1090 721 1119 10.
754 1076 917 1119 trinitas
947 1076 1140 1132 hominis]
1183 1077 1243 1119 Ut
1274 1076 1349 1117 has
1381 1090 1513 1141 nugas
1546 1076 1813 1133 interpretari

408 1135 629 1185 valeamus,
665 1134 792 1177 mittit
827 1149 901 1176 nos
942 1134 1150 1177 Semlerus
1189 1134 1243 1176 ad
1285 1133 1530 1176 Tertulliani
1570 1134 1720 1176 librum
1760 1134 1812 1177 de
1830 1149 1876 1188 15

408 1192 559 1235 Anima
597 1207 687 1250 cap.
721 1205 771 1242 23
806 1192 861 1235 ad
902 1192 1065 1249 Irenaei
1097 1198 1235 1234 autem
1272 1191 1339 1233 lib.
1361 1205 1388 1233 1.
1429 1197 1573 1234 contra
1606 1192 1814 1234 Haereses

408 1250 673 1292 Thomasiani
703 1256 842 1293 textus
866 1249 1012 1292 editor.
1061 1257 1070 1273 ‘
1086 1250 1202 1292 Haec
1222 1249 1405 1291 Trinitas
1434 1255 1542 1299 sunt,
1564 1249 1686 1292 homo
1706 1249 1814 1306 hyli-

408 1312 421 1331 ‘
441 1323 513 1351 cus
542 1322 615 1350 seu
635 1308 811 1358 choicus,
833 1307 876 1350 id
900 1314 976 1357 est,
996 1307 1221 1350 materialis
1250 1313 1324 1350 aut
1349 1313 1540 1349 terrenus
1553 1324 1565 1358 ;
1596 1307 1814 1364 psychicus

409 1371 419 1390 ‘
439 1381 513 1408 seu
532 1365 743 1415 animalis3
775 1372 817 1408 et
837 1365 1058 1422 spiritalis.'
1116 1365 1341 1407 Annotatio
1369 1370 1432 1407 est
1459 1364 1515 1407 ad
1541 1365 1639 1408 edit.
1661 1366 1813 1408 Roma-

406 1438 502 1466 nam
523 1438 575 1466 ex
598 1423 823 1467 Christiani
845 1423 950 1480 Lupi
972 1423 1146 1466 Scholiis
1166 1423 1396 1479 desumpta.
1827 1437 1877 1462 20

466 1480 572 1524 Ibid.
591 1481 617 1523 l.
638 1494 701 1524 11.
717 1481 959 1523 Platonicus
974 1480 1141 1536 fuerat]
1163 1480 1320 1522 Theod.
1346 1480 1550 1522 Canterus
1570 1481 1598 1522 J
1602 1480 1696 1522 unio
1718 1494 1812 1522 con-

406 1539 646 1582 firmaverat
674 1538 717 1580 in
746 1538 990 1595 quibusdam
1023 1538 1239 1596 [quodam]
1270 1538 1395 1580 MSS.
1428 1537 1524 1595 legi,
1555 1539 1813 1581 Platonicus

393 1598 544 1652 fitror,
580 1596 689 1640 forte
729 1596 897 1646 melius;
935 1597 1237 1653 tranquillitas
1276 1594 1510 1652 opponitur.
1562 1595 1810 1638 SEMLER.

406 1655 466 1697 At
485 1669 584 1696 vero
604 1654 746 1698 scribit
765 1660 910 1698 auctor
930 1653 1052 1704 infra,
1069 1660 1079 1677 ‘
1096 1653 1180 1696 Ubi
1201 1659 1299 1696 tunc
1312 1652 1558 1696 Valentinus
1573 1653 1811 1696 Platonicae

407 1718 587 1755 sectator
600 1711 633 1754 ?'
1826 1723 1875 1761 ²5

465 1769 570 1812 Ibid.
602 1770 631 1812 1.
656 1783 717 1825 17.
749 1769 802 1812 de
829 1768 951 1826 igneo
985 1769 1090 1824 Deo]
1125 1769 1240 1811 Deus
1272 1768 1418 1826 igneus
1449 1767 1583 1825 Apelli
1614 1768 1812 1811 tribuitur

406 1842 455 1870 ca
488 1859 497 1870 .
575 1860 583 1870 .

466 1841 572 1928 Ibl'd'i
600 1884 626 1927 l.
651 1897 717 1928 22.
749 1885 994 1940 ectromate]
1030 1883 1311 1940 Hieronymus
1338 1883 1380 1926 in
1410 1884 1538 1925 Amos
1564 1883 1812 1941 prophetam

405 1942 538 2000 primo
559 1942 852 1986 commentario
872 1941 1027 1993 scribit,
1049 1941 1316 1984 Valentinum
1337 1956 1389 1984 ex
1409 1940 1619 1984 Aeonibus
1639 1941 1722 1984 suis
1741 1956 1813 1984 ex-

406 2008 597 2050 tremum,
612 2001 689 2043 hoc
703 2007 778 2050 est,
791 2000 1062 2058 trigesimum,
1073 1999 1283 2043 Christum
1299 2013 1459 2049 vocare,
1474 2005 1517 2041 et
1531 1998 1719 2053 ἔκτρωμα,
1735 1999 1812 2042 hoe
1825 2013 1876 2049 30

406 2064 481 2107 est,
502 2058 747 2101 abortivum.
782 2059 950 2100 Bmws
972 2058 1204 2099 Rmmmus
1222 2072 1249 2099 a
1270 2057 1456 2100 Semlero
1476 2056 1637 2099 allatus,

466 2116 573 2159 Ibid.
597 2116 623 2158 l.
648 2129 714 2172 23.
744 2116 940 2173 Sequitur
962 2114 1250 2171 Aristotelem]
1282 2115 1348 2157 lta
1368 2114 1466 2157 edit.
1488 2114 1813 2171 princeps-Rhe-

406 2173 597 2223 nauiaua,
621 2174 747 2216 verba
761 2173 943 2231 jungens
972 2188 1063 2216 cum
1096 2172 1313 2229 prioribus·
1377 2173 1425 2214 In
1455 2172 1600 2215 ultima
1619 2171 1717 2215 edit.
1738 2186 1814 2215 sua

408 2232 634 2275 Rhenanus
663 2230 898 2274 emendavit
926 2232 1120 2274 inserunt
1144 2231 1428 2281 Aristotelem,
1452 2229 1739 2286 Pameliusque
1768 2245 1812 2272 se

404 2289 462 2332 sic
493 2290 633 2347 legere
663 2303 715 2331 ex
738 2289 889 2332 Codice
911 2288 1112 2331 Vaticano
1133 2294 1308 2331 testatus
1339 2294 1413 2331 est.
1473 2287 1624 2330 Junius
1650 2302 1749 2330 vero
1769 2287 1810 2330 in
1824 2299 1874 2338 35

406 2346 512 2390 notis
541 2347 595 2390 ad
626 2346 723 2389 odit.
756 2346 936 2389 Franek.
965 2346 1006 2388 in
1064 2360 1117 2388 ua
1142 2345 1322 2402 quidem.
1350 2345 1454 2387 sicut
1481 2345 1523 2387 in
1555 2344 1811 2388 Delacerdae

405 2404 597 2456 editione,
620 2404 721 2447 haec
742 2403 863 2447 lectio
882 2409 1032 2452 exstat,
1080 2418 1126 2446 oc
1147 2409 1298 2451 monet,
1324 2411 1332 2426 ¹
1350 2402 1531 2460 [Prima]
1557 2402 1682 2446 editio
1699 2402 1812 2445 Rhe-

406 2469 417 2487 ‘
439 2462 549 2512 nani,
569 2463 763 2519 nequitur
783 2462 1066 2512 Aristotekm,
1091 2460 1159 2503 alii
1186 2462 1388 2503 miserum
1408 2461 1693 2510 Aristotelem,
1716 2461 1810 2503 ἀνα-

405 2527 416 2545 ‘
437 2523 643 2573 βοητικῶς.
705 2518 819 2562 Nihil
870 2522 1010 2562 muto.’
1082 2519 1238 2561 Verum
1284 2524 1420 2561 tamen
1461 2517 1571 2560 istud
1610 2519 1811 2561 miserum

405 2578 690 2629 Aristotelem,
707 2577 818 2634 quod
838 2576 1007 2619 exhibet
1027 2575 1124 2619 edit.
1149 2575 1276 2619 Paris.
1298 2590 1406 2619 anno
1434 2589 1446 2616 ι
1456 2576 1540 2631 566
1563 2590 1725 2626 excusa,
1746 2589 1811 2618 re·
1823 2591 1874 2625 40

404 2636 513 2693 cepit
548 2634 765 2693 ltigaltius.
827 2635 918 2692 Ego
954 2634 1126 2685 interea,
1158 2634 1255 2691 quia
1288 2633 1400 2675 nulla.
1434 2633 1579 2675 harum
1613 2632 1811 2676 satisfacit

405 2693 636 2743 lectionum,
659 2692 918 2735 scribendum
942 2697 1041 2749 puto
1061 2693 1267 2748 Sequitur
1287 2691 1548 2734 Aristoteles.

467 2750 568 2793 Ibid.
593 2750 616 2792 l.
642 2763 708 2807 25.
741 2750 781 2792 in
811 2749 1056 2807 conjecturis
1076 2749 1239 2803 duram]
1277 2750 1341 2791 An
1374 2749 1449 2792 hoc
1479 2747 1745 2805 significatur,
1768 2746 1807 2789 in

406 2807 606 2873 probabili
627 2808 986 2864 argumentatione
1018 2807 1210 2850 nodosam
1242 2821 1289 2849 ac
1317 2805 1547 2849 difficilem?
1578 2804 1710 2847 Incisa
1730 2820 1808 2862 ego

406 2872 514 2908 mter
537 2866 636 2908 luter
658 2865 821 2908 mutavi.
1823 2863 1871 2902 45
