2034 3204
477 1073 568 1147 [N
626 1073 1118 1129 SYMBOLUM
1172 1075 1277 1129 ET
1331 1075 1740 1130 CANONES

791 1219 1086 1267 NICAENI
1124 1220 1433 1267 CONCILII

713 1355 1517 1424 ANNOTATIONES.

470 1595 516 1640 P.
539 1598 636 1654 367.
658 1598 686 1640 l.
709 1611 744 1640 1.
775 1599 1009 1642 SYMBOLUM
1040 1598 1080 1640 N
1082 1598 1285 1654 mmmm]
1311 1598 1534 1654 Postquam
1556 1596 1673 1640 Fidei
1695 1597 1815 1655 Sym-

410 1655 548 1698 bolum
584 1656 625 1697 N
627 1656 813 1699 icaenum
848 1655 1006 1698 collatis
1040 1655 1150 1699 inter
1185 1671 1228 1698 se
1263 1655 1402 1698 multis
1437 1670 1485 1698 ac
1519 1654 1643 1698 variis
1678 1670 1815 1699 exem·
1829 1674 1852 1714 5

410 1713 594 1771 plaribus
628 1728 752 1780 quam
788 1713 1176 1763 emendatissimum,
1212 1720 1260 1756 ut
1300 1712 1476 1770 speravi,
1511 1712 1814 1770 praestiteram‚

411 1771 530 1814 valde
558 1786 723 1829 gavisus
751 1786 840 1814 sum
869 1770 1148 1814 recensionem
1169 1771 1311 1814 videre
1337 1785 1470 1813 meam
1491 1785 1583 1813 cum
1603 1770 1672 1813 illo
1695 1771 1816 1829 Sym-

410 1829 492 1871 boli
521 1831 711 1887 exemplo
745 1843 915 1887 prorsus
944 1829 1268 1879 convenientem,
1299 1829 1410 1885 quod
1440 1828 1536 1871 olim
1565 1829 1678 1885 apud
1709 1829 1816 1874 Con-

409 1887 545 1930 cilium
564 1887 900 1931 chalcedonense
919 1888 972 1930 ab
986 1887 1202 1938 Eunomio‚
1218 1886 1420 1944 Episcopo
1443 1886 1720 1936 Nicomediae,
1742 1887 1784 1929 N
1784 1886 1816 1928 i-

409 1945 524 1988 caeni
547 1945 739 2003 Episcopi
760 1944 1097 2011 Metropolitano,
1113 1945 1330 1989 recitatum
1353 1951 1426 1988 est.
1481 1944 1627 2001 Itaque
1648 1944 1725 1987 hoc
1745 1959 1814 1987 ex·
1834 1954 1880 1980 10

409 2003 588 2060 emplum
624 2003 702 2046 edo
737 2003 825 2053 tibi,
859 2018 914 2046 ml
951 2003 1116 2054 Lector,
1147 2009 1343 2060 tanquam
1378 2007 1560 2045 veterem
1595 2016 1643 2044 ac
1674 2016 1814 2046 veram

408 2061 583 2117 symboli
599 2061 745 2104 faciem
766 2069 1096 2119 repraesentans,
1113 2075 1214 2118 prae
1235 2060 1403 2117 reliquis
1423 2059 1613 2102 nimirum
1630 2059 1816 2102 formulis

407 2119 519 2175 apud
550 2118 742 2175 antiquos
773 2125 962 2162 auctores
995 2118 1256 2161 conservatis.
1320 2122 1380 2161 Ac
1411 2118 1588 2166 demum,
1621 2123 1668 2160 ut
1698 2123 1814 2160 vetus

408 2177 621 2233 exemplar
656 2176 860 2226 Latinum,
894 2177 1005 2233 quod
1043 2176 1109 2219 hic
1143 2176 1348 2233 subjunxi,
1384 2175 1584 2225 omittam,
1613 2174 1813 2232 judicium

408 2248 544 2277 meum
572 2234 744 2277 ulterius
770 2234 977 2277 firmatum
1001 2234 1082 2277 vidi
1103 2234 1262 2276 duobus
1289 2233 1378 2276 aliis
1403 2232 1612 2290 exemplis,
1635 2247 1742 2289 quae
1761 2247 1812 2275 ex
1832 2244 1878 2283 15

407 2291 567 2334 duobus
589 2291 807 2335 Codicibus
830 2291 986 2334 Latinis
1010 2291 1139 2334 edidit
1158 2292 1186 2334 J
1190 2306 1342 2334 oannes
1365 2291 1605 2333 Harduinus
1633 2290 1675 2333 in
1702 2296 1813 2334 tomo

408 2349 541 2406 primo
564 2349 851 2399 Geminorum,
874 2363 911 2407 p.
930 2363 1027 2405 31¹.
1090 2350 1250 2391 Horum
1275 2348 1470 2392 Codicum
1495 2348 1622 2405 prior,
1643 2348 1714 2405 qui
1734 2348 1813 2391 fuit

407 2407 501 2449 olim
534 2422 660 2465 penes
689 2407 925 2451 societatem
953 2407 1070 2457 Jesu,
1095 2421 1203 2449 anno
1226 2406 1381 2449 Christi
1408 2407 1492 2448 800
1512 2405 1700 2463 scriptus.
1730 2406 1812 2448 for-

409 2465 558 2508 mulam
581 2465 821 2523 praestabat
841 2479 933 2507 cum
956 2464 1232 2508 Chalcedonio
1254 2464 1454 2521 exemplo,
1477 2464 1636 2506 duobus
1657 2463 1812 2506 minimi

407 2522 601 2566 momenti
624 2523 720 2566 locis
740 2522 936 2580 exceptis,
953 2522 1117 2565 omuino
1138 2522 1472 2565 consentientem.
1509 2521 1710 2564 Videlicet
1732 2535 1811 2564 uno
1828 2540 1877 2565 20

408 2580 447 2622 in
466 2580 553 2623 loco
574 2581 741 2624 additur
757 2589 950 2624 nostrum
973 2587 1064 2638 post
1080 2581 1334 2629 Dominum;
1355 2579 1397 2621 in
1417 2579 1548 2622 altero
1567 2594 1663 2621 vcro
1680 2594 1810 2629 voces,

408 2640 465 2681 Et
487 2640 641 2681 iterum
663 2645 760 2682 ante
781 2638 883 2688 illas,
897 2646 1099 2681 venturus
1117 2647 1190 2688 est,
1207 2637 1347 2682 Codex
1370 2637 1446 2680 iste
1467 2636 1630 2680 omittit.
1692 2636 1812 2680 Alter

409 2711 504 2738 vero
526 2695 629 2739 libor
652 2697 741 2739 MS.
764 2695 859 2739 olim
883 2695 1158 2745 Colbertinus,
1176 2695 1385 2762 geminam
1415 2701 1540 2751 atque
1567 2694 1810 2737 simillimum

407 2753 591 2809 Symboli
614 2753 831 2797 formulam
853 2753 1089 2802 exhibebat,
1113 2753 1188 2796 nim
1204 2753 1327 2810 quod.
1350 2759 1517 2810 praeter
1538 2752 1655 2795 istam
1679 2751 1812 2795 varie-

406 2817 546 2858 tatem,
563 2826 686 2853 unum
708 2811 819 2854 aliud
838 2811 1021 2861 verbum,
1042 2812 1268 2861 credimus,
1282 2818 1374 2868 post
1394 2810 1624 2860 articulum,
1642 2811 1696 2853 In
1714 2811 1812 2866 Spi-
1827 2823 1875 2862 25

407 2870 535 2910 ritum
561 2871 782 2918 smmum,
807 2869 845 2910 iu
869 2884 916 2910 eo
938 2869 1169 2925 suppletum
1194 2875 1297 2911 erat.
