2034 3204
476 234 795 277 EPISTOLA
838 233 920 274 AD
963 234 1004 274 S.
1038 232 1438 276 CYPRIANUM.
1566 233 1651 275 247

248 344 334 404 qui
394 345 573 392 invitus
631 352 678 391 et
733 345 1012 391 necessitate
1069 343 1408 404 persecutionis
1459 350 1650 388 coactus

249 423 509 475 succubuit,
546 431 592 469 et
634 424 770 469 illum
810 423 894 482 qui
935 421 1166 484 sacrilega
1207 423 1451 467 voluntate
1491 422 1649 466 audax

247 508 412 546 contra
449 501 711 547 Ecclesiam
748 502 956 553 rebellat,
982 502 1056 546 vel
1092 500 1141 545 in
1181 499 1373 544 Patrem
1407 506 1456 543 et
1492 498 1647 543 Deum

247 575 446 631 Christi,
492 584 540 623 et
587 578 735 623 totius
781 578 946 624 mundi
992 577 1298 628 conditorem,
1340 576 1489 635 impia
1538 591 1648 621 voce

210 653 559 713 5blasphemat.
632 655 700 700 Et
736 670 832 700 non
874 656 1021 715 pudet
1055 654 1353 714 Stephanum
1395 654 1485 698 hoc
1523 668 1649 698 asse-

246 746 364 785 rere,
400 738 455 777 ut
490 747 575 791 per
608 748 686 778 eos
720 734 802 793 qui
840 732 927 792 ipsi
967 732 1016 778 in
1052 732 1275 777 omnibus
1311 730 1515 791 peccatis
1550 730 1649 776 sint

245 809 507 861 constituti,
566 809 696 855 dicat
758 826 894 870 posse
957 809 1282 855 remissionem
1347 815 1647 868 peccatorum

243 885 389 932 dari?
460 887 609 940 Quasi
647 887 794 946 possit
829 903 931 932 esse
961 887 1012 932 in
1035 888 1176 932 domo
1205 886 1372 932 mortis
1403 887 1647 931 lavacrum

245 963 427 1009 salutis.
499 963 597 1010 Ubi
629 979 743 1026 ergo
775 964 868 1010 erit
892 965 1019 1024 quod
1051 964 1280 1024 scriptum
1307 970 1394 1017 est,
1427 961 1503 1009 Ab
1525 978 1645 1024 aqua
1660 971 1864 1014 Prov.ix.19.

185 1064 231 1090 ιο
245 1038 398 1086 aliena
443 1040 617 1087 abstine
663 1048 716 1095 te,
754 1048 796 1088 et
841 1057 869 1087 a
901 1041 1041 1103 sonte
1076 1040 1227 1087 alieno
1268 1056 1324 1086 ne
1364 1039 1542 1092 bibe-ris,
1588 1040 1646 1092 si.

244 1118 408 1164 relicto
433 1119 675 1165 Ecclesiae
707 1120 839 1165 fonte
874 1120 1078 1181 signato,
1107 1119 1313 1164 alienam
1349 1133 1524 1178 aquam
1561 1133 1646 1178 pm

244 1202 328 1242 tua
353 1197 569 1256 suscipis,
595 1203 642 1242 et
665 1196 877 1257 profanis
902 1197 1116 1242 fontibus
1142 1196 1406 1242 Ecclesiam
1431 1195 1606 1255 polluis
1622 1196 1644 1241 ἶ)

243 1273 450 1326 Quando
484 1273 612 1319 enim
654 1274 891 1333 baptismo
930 1274 1274 1319 haereticorum
1310 1273 1646 1326 communicas,

243 1351 357 1411 quid
389 1351 520 1396 aliud
545 1366 690 1410 quam
715 1353 773 1396 de
797 1351 1025 1412 voragine
1049 1357 1095 1396 et
1119 1365 1264 1396 coeno
1289 1350 1477 1395 illorum
1507 1349 1646 1404 bibis,

182 1449 228 1488 15
243 1433 290 1473 et
318 1427 419 1487 ipse
452 1427 694 1473 Ecclesiae
726 1426 1099 1473 sanctificatione
1123 1433 1356 1488 purgatus
1381 1426 1645 1472 alienarum

242 1505 454 1551 sordium
498 1506 796 1551 contactibus
838 1506 1148 1565 inquinaris?
1222 1505 1322 1550 Nec
1358 1505 1531 1549 metuis
1566 1505 1647 1564 ju-

241 1581 421 1628 dicium
446 1583 538 1629 Dei
562 1583 813 1629 haereticis
838 1583 1163 1628 testimonium
1189 1589 1352 1628 contra
1380 1582 1644 1628 Ecclesiam

244 1660 514 1720 perhibens,
540 1677 688 1721 quum
719 1661 949 1720 scriptum
974 1660 1050 1714 sit,
1077 1659 1246 1706 Falsus
1276 1660 1401 1705 testis
1432 1674 1522 1704 non
1556 1659 1646 1704 erit
1660 1670 1864 1711 Prov.xix.5.

242 1737 495 1799 impunitus·
510 1739 539 1784 ‚0⁹

177 1836 228 1861 ρο
305 1814 447 1861 XVI.
485 1815 616 1868 Quin
641 1815 788 1860 immo
812 1822 865 1860 tu
897 1815 1146 1861 haereticis
1171 1816 1392 1861 omnibus
1422 1817 1555 1877 pejor
1578 1831 1639 1868 es,
1654 1827 1866 1866 Quihaereti-

240 1907 351 1937 nam
393 1908 539 1952 quum
588 1892 698 1938 inde
738 1892 878 1938 multi
918 1893 1111 1955 cognito
1155 1909 1312 1938 errore
1358 1909 1444 1939 suo
1488 1895 1547 1939 ad
1595 1901 1642 1939 te
1655 1871 1863 1956 ἶζᾞὲιρὺζψ

239 1970 447 2023 veniant,
495 1977 549 2016 ut
592 1969 833 2016 Ecclesiae
874 1986 1039 2016 verum
1087 1972 1247 2016 lumen
1293 1971 1544 2031 accipiant,
1586 1977 1636 2017 tu
1652 1963 1726 2033 ζῖἷζζ
1742 1958 1852 2044 ξ’*ἒξζζ

239 2047 529 2094 venientium
580 2062 761 2093 errores
811 2049 1025 2109 adjuvas,
1071 2055 1118 2094 et
1152 2038 1414 2094 ‘obscurato
1460 2049 1639 2094 lumine
1651 2046 1795 2122 ζῑνῖέξιξῑιθ

238 2126 580 2172 ecclesiasticae
625 2125 856 2180 veritatis,
902 2126 1121 2172 tenebras
1171 2126 1436 2172 haereticae
1490 2126 1641 2172 noctis

176 2227 224 2266 25
240 2206 523 2251 accumulas.
573 2204 830 2263 Quumque
854 2219 904 2249 se
928 2203 998 2249 illi
1024 2203 1073 2249 in
1098 2204 1302 2264 peccatis
1320 2219 1435 2256 esse,
1453 2211 1501 2250 et
1518 2203 1642 2249 nihil

238 2281 422 2343 gratiae
446 2281 619 2327 habere
643 2296 705 2334 se,
730 2296 784 2327 ac
820 2287 1070 2341 propterea
1103 2282 1162 2326 ad
1190 2281 1456 2327 Ecclesiam
1479 2280 1642 2326 venire

238 2358 492 2412 fateantur,
518 2366 570 2404 tu
603 2358 671 2404 eis
703 2357 1027 2404 remissionem
1064 2364 1363 2418 peccatorum
1398 2358 1642 2404 subtrahis

237 2452 362 2497 quae
397 2436 445 2481 in
483 2435 721 2496 baptismo
755 2437 913 2490 datur,
938 2436 1055 2482 dum
1089 2436 1209 2482 dicis
1240 2452 1319 2482 eos
1349 2437 1452 2497 jam
1491 2435 1644 2496 bapti-

240 2520 389 2566 zatos,
412 2519 460 2558 et
494 2520 630 2558 extra
666 2513 930 2559 Ecclesiam
965 2512 1207 2559 Ecclesiae
1240 2513 1447 2574 gratiam
1484 2527 1644 2557 conse-

175 2619 227 2654 30
239 2598 401 2645 cutos;
436 2606 521 2637 nec
553 2590 782 2652 intelligis
807 2590 991 2636 animas
1016 2606 1179 2636 eorum
1203 2592 1262 2636 de
1287 2605 1433 2636 manu
1457 2596 1541 2636 tua
1564 2605 1643 2635 ex-

239 2669 383 2730 quiri,
407 2685 557 2729 quum
586 2668 759 2730 judicii
783 2667 884 2714 dies
909 2667 1104 2721 venerit,
1130 2667 1212 2728 qui
1249 2666 1522 2713 sitientibus
1548 2667 1643 2712 Ec-

239 2747 408 2794 clesiae
454 2752 622 2806 potum
659 2745 858 2808 negasti,
897 2751 945 2792 et
985 2745 1252 2791 volentibus
1293 2745 1453 2791 vivere
1499 2761 1642 2791 causa

241 2825 409 2872 mortis
434 2823 585 2872 fuisti.
641 2824 710 2870 Et
733 2823 928 2883 insuper
950 2821 1235 2885 indignaris.
