2034 3204
443 232 530 273 212
878 233 1411 277 ANNOTATIONES

444 339 487 379 in
519 338 760 381 Creatorem
794 339 928 382 Deum
968 339 1282 390 accusationem,
1318 344 1361 382 et
1395 338 1506 395 loqui
1546 353 1628 381 non
1668 338 1841 395 habent]

446 396 514 438 Ita
542 395 676 438 locum
701 396 879 439 restitui.
940 397 1079 454 Vulgo
1109 397 1264 440 editum
1296 402 1372 446 est,
1393 397 1551 439 Adime
1580 397 1673 438 illis
1692 397 1849 452 Leqem

444 453 590 509 Moysi
609 462 650 496 et
667 455 912 510 Prophetas
931 462 971 497 et
998 462 1233 498 creatorem
1252 455 1403 503 Deum,
1425 455 1742 496 accusationem
1767 454 1849 496 elo-

445 512 523 566 qui
550 525 635 553 non
664 512 832 553 habent.
895 512 1033 562 Quum
1054 526 1153 553 vero
1183 516 1368 553 exstaret
1393 511 1436 552 in
1464 511 1561 553 edit.
1584 510 1714 553 Paris.
1740 510 1850 552 2nda

444 569 494 609 in
513 569 639 624 Leye,
661 574 704 610 et
724 568 901 610 haberet
923 569 1065 611 Codex
1087 568 1310 610 Wouwerii
1329 576 1368 610 et
1388 570 1437 610 in
1456 577 1702 617 creatorem,
1723 567 1848 624 posit-
1859 580 1883 620 5

444 639 596 680 umque
631 625 684 667 sit
715 626 759 667 in
789 625 905 668 editt.
933 625 1127 667 Rhenani
1156 631 1200 667 et
1230 625 1360 667 Paris
1393 625 1528 682 prima
1557 634 1597 668 et
1628 627 1746 681 loqui
1770 640 1848 682 pro

443 683 597 738 eloqui,
619 682 688 724 vix
718 683 958 725 dubitabam
979 683 1090 739 quin,
1113 682 1173 724 ita
1192 688 1239 724 ut
1260 682 1385 732 vides,
1407 682 1518 724 locus
1542 682 1753 724 emendari
1778 683 1850 724 de-

444 740 575 782 beret.
636 740 864 782 Rhenanus
884 740 1050 796 quidem
1071 740 1126 782 ad
1144 739 1311 781 tertiam
1332 754 1448 781 suam
1468 739 1689 781 editionem
1709 740 1850 797 legen-

445 797 543 838 dum
564 797 726 854 conjicit
746 799 808 839 ad
828 799 1069 840 cautionem
1088 812 1166 854 pro
1186 798 1515 846 accusationem,
1537 797 1610 839 sed
1629 797 1799 839 frustra.

503 854 550 896 P.
567 865 642 908 157
651 886 660 895 .
674 854 703 896 l.
719 868 732 895 1
743 867 782 895 2.
797 855 894 911 quia
907 870 1033 911 quum
1046 855 1140 905 sint,
1154 869 1236 896 non
1249 856 1414 911 parent]
1432 854 1490 896 Et
1502 854 1604 896 haec
1617 860 1680 896 est
1692 868 1848 904 caussa,
1865 870 1913 896 10

445 925 575 967 quare
594 911 703 953 inter
724 926 793 954 eos
823 927 905 954 non
931 913 1012 955 sint
1038 912 1272 959 schismata,
1294 926 1378 953 non
1398 911 1509 967 quod
1528 926 1626 953 vere
1655 926 1739 953 non
1768 911 1851 953 sint

445 968 726 1018 dissentiones,
747 970 821 1012 sed
841 970 938 1026 quia
957 985 1083 1026 quum
1104 984 1244 1012 omnes
1263 983 1341 1026 pro
1361 969 1528 1011 libidine
1549 969 1727 1011 efficiunt
1739 969 1851 1036 quod

445 1026 592 1082 cuique
618 1026 827 1083 placitum,
849 1042 932 1069 non
950 1033 1168 1093 apparent,
1189 1033 1233 1069 et
1251 1027 1344 1069 ideo
1363 1026 1564 1083 ipsissima
1583 1026 1720 1069 unitas
1738 1026 1851 1069 mde-

444 1089 528 1133 tur,
550 1098 678 1139 quum
697 1084 751 1126 sit
770 1084 1049 1141 multiplimtas
1069 1084 1381 1127 sententiarum.
1405 1084 1774 1126 DELACERDA.

504 1141 610 1183 Ibid.
632 1141 658 1183 l.
685 1155 749 1197 13.
783 1142 971 1185 Schisma
1000 1148 1063 1184 est
1092 1142 1229 1184 unitas
1258 1142 1375 1198 ipsis]
1415 1141 1614 1191 Schisma,
1645 1141 1757 1198 quod
1786 1146 1850 1184 est
1866 1154 1914 1194 15

446 1198 589 1240 divisio
619 1213 646 1240 a
675 1199 897 1250 catholicis,
923 1200 1129 1242 vinculum
1158 1199 1257 1257 ipsis
1287 1205 1350 1241 est
1373 1199 1554 1248 unitatis,
1586 1199 1851 1256 quemadmo-

445 1256 544 1298 dum
574 1262 672 1298 ante
702 1257 925 1314 scripserat
953 1263 1126 1300 auctor:
1159 1264 1168 1281 ‘
1188 1257 1308 1299 Nihil
1338 1257 1512 1299 interest
1540 1256 1632 1307 illis,
1663 1257 1761 1299 licet
1789 1256 1852 1300 di-

447 1320 458 1337 ‘
475 1328 597 1356 versa
624 1315 914 1365 tractantibus,
935 1315 1034 1358 dum
1058 1315 1113 1358 ad
1141 1314 1262 1357 unius
1282 1314 1469 1358 veritatis
1499 1313 1850 1372 expugnationem

445 1377 459 1395 ‘
476 1371 738 1427 conspirent,'
758 1387 847 1429 cap.
863 1385 936 1425 41.

505 1428 611 1471 Ibid.
642 1428 672 1471 l.
700 1440 765 1485 15·
806 1429 1000 1486 proinde]
1038 1430 1155 1472 Fors.
1182 1430 1381 1486 perinde.
1441 1430 1576 1473 Voces
1610 1443 1637 1472 a
1670 1428 1850 1472 librariis
1864 1445 1917 1471 πο

445 1486 600 1528 mutari
619 1486 764 1530 solent.

504 1543 613 1586 Ibid.
635 1543 660 1585 l.
685 1556 753 1597 24.
784 1544 900 1601 quasi
930 1543 1017 1586 sine
1046 1544 1134 1587 lare
1164 1545 1388 1610 vagantur]
1416 1543 1615 1587 Voculam
1639 1545 1770 1600 quasi
1797 1558 1851 1587 ex

445 1600 624 1643 editione
655 1601 841 1667 principe
875 1602 1047 1658 aliisque
1076 1602 1252 1644 restitul.
1314 1602 1364 1643 ln
1394 1601 1538 1644 eadem
1568 1606 1707 1643 tamen
1737 1616 1851 1644 men-

445 1657 545 1700 dose
578 1665 756 1715 positum
787 1665 862 1710 est,
894 1661 1023 1716 quasi
1056 1660 1143 1702 sibi
1173 1660 1302 1707 latae,
1334 1658 1377 1700 in
1406 1658 1472 1701 ed.
1500 1658 1627 1701 tertia
1656 1658 1850 1701 Rhenani

444 1717 574 1771 quasi
603 1717 689 1758 sibi
719 1718 818 1766 late,
839 1716 882 1759 in
912 1716 1058 1759 ult-ima
1077 1716 1270 1759 Rhenani
1289 1718 1418 1772 quasi
1449 1717 1547 1765 late,
1567 1716 1610 1758 in
1631 1716 1694 1759 ed.
1718 1716 1847 1759 Paris.
1864 1730 1914 1769 25

444 1773 579 1829 prima
617 1776 748 1830 quasi
786 1775 1003 1825 sibilatae,
1043 1773 1087 1816 in
1127 1774 1257 1817 Paris.
1294 1774 1405 1816 anda
1442 1773 1528 1816 sibi
1567 1775 1666 1823 late,
1702 1773 1849 1817 omisso

444 1831 588 1886 quasi,
607 1830 650 1872 in
680 1832 745 1874 ed.
768 1832 948 1874 Franek.
971 1832 1100 1888 quasi
1126 1833 1212 1874 sibi
1243 1832 1342 1880 late,
1363 1837 1410 1874 ut
1434 1832 1477 1873 in
1496 1831 1623 1874 tertia
1643 1831 1850 1874 Rhenani.

445 1887 632 1930 Tandem
662 1889 793 1932 edidit
821 1889 1029 1947 Rigaltius
1059 1903 1110 1931 ex
1134 1888 1355 1931 Wouwerii
1383 1894 1465 1932 vet.
1486 1888 1592 1931 libro
1621 1890 1713 1932 sine
1743 1889 1850 1939 lare,

443 1945 591 1987 omisso
620 1948 762 2012 quasi.
824 1947 899 1989 Ait
933 1946 1190 1989 doctissimus
1227 1946 1296 1988 ille
1326 1945 1582 1988 Wouwerius
1621 1946 1664 1988 in
1699 1947 1851 1989 Emen-

443 2002 550 2045 datt.
581 2018 665 2046 suis
694 2018 802 2046 anno
831 2005 940 2046 1608
972 2004 1106 2054 editis,
1136 2003 1348 2046 ‘Aliorum
1376 2003 1589 2054 editiones,
1639 2005 1739 2047 uasi
1764 2004 1851 2047 sibi
1863 2019 1916 2057 30

444 2067 454 2083 ⁴
474 2060 560 2103 late
580 2070 811 2117 vayantur.
874 2062 995 2104 Hanc
1015 2061 1262 2119 scripturam
1282 2067 1480 2118 sequutus
1500 2061 1564 2103 vir
1583 2060 1596 2103 i
1629 2061 1752 2104 ustris
1775 2061 1850 2119 [an

445 2124 454 2140 ‘
476 2117 662 2175 Scaliger
675 2118 711 2176 ?]
727 2119 961 2161 emendavit
976 2121 1104 2175 quasi
1119 2120 1226 2162 Abii
1248 2120 1333 2162 late
1348 2126 1579 2175 vaqantur.
1614 2118 1850 2184 Ingeniose,

446 2181 455 2198 ‘
474 2181 520 2217 ut
532 2175 681 2218 omnia.
717 2177 909 2219 Fortasse
927 2191 1007 2218 non
1023 2176 1248 2233 rejicienda
1261 2176 1498 2233 conjectura
1510 2190 1592 2232 qua
1606 2176 1849 2229 scribebam,

446 2238 455 2254 ‘
474 2234 570 2274 orbi
579 2235 682 2288 fide,
701 2242 898 2282 extorres,
920 2234 1153 2288 Oybiratae
1173 2242 1392 2290 vayantur
1404 2249 1419 2282 ‚·
1443 2234 1517 2276 sed
1536 2233 1702 2276 minime
1722 2233 1850 2276 disce-

446 2296 455 2313 ·
474 2290 654 2332 dendum
671 2291 853 2333 arbitror
868 2306 894 2333 a
909 2298 988 2333 vet.
1008 2291 1123 2333 cod!
1164 2292 1280 2333 llaec
1298 2291 1378 2333 ine.
1422 2290 1596 2347 Recepit
1611 2306 1710 2333 vero
1725 2290 1848 2344 istud,
1863 2304 1914 2345 35

444 2349 574 2402 quasi
595 2349 700 2390 Abii
726 2349 811 2391 late
831 2357 1062 2414 vaqantur,
1085 2348 1126 2390 in
1146 2348 1243 2391 edit.
1266 2363 1380 2390 suam
1403 2348 1664 2391 Christianus
1683 2349 1824 2405 Lupus
1837 2364 1850 2400 ς

445 2404 708 2447 nihilominus
729 2420 819 2447 cum
843 2405 1024 2463 Rigaltio
1046 2405 1143 2448 facit
1163 2405 1421 2448 Thomasius.

504 2462 551 2504 P.
570 2475 601 2516 1⁴
625 2463 664 2505 8.
689 2463 714 2505 1.
731 2475 772 2519 3.
796 2462 864 2505 dili
898 2462 1011 2505 entia
1037 2462 1240 2517 adtonita]
1267 2463 1385 2515 Quae
1408 2476 1572 2519 sempor
1593 2468 1656 2506 est
1675 2462 1718 2505 in
1737 2467 1851 2506 metu

446 2533 497 2560 ne
548 2519 588 2561 ui
667 2527 793 2563 occet.
826 2521 864 2562 R
891 2520 1056 2563 GAlsr.

507 2576 521 2618 Ι
557 2576 612 2620 id.
656 2590 728 2630 .4.
760 2577 935 2620 adlectio
966 2592 1015 2620 ex
1048 2577 1202 2635 lerata]
1240 2576 1592 2633 Adlegendorum,
1624 2577 1778 2620 scilicet
1806 2577 1849 2619 in
1863 2589 1916 2624 40

446 2633 632 2677 ordinem
654 2634 983 2678 ecclesiasticum.
1032 2635 1246 2678 thALT.
1307 2634 1515 2686 Adlectio,
1531 2634 1752 2687 ordinatio,
1768 2635 1850 2677 ἑπι-

449 2695 622 2742 κληρεΐν.
655 2692 904 2735 SEMLER.

509 2747 612 2790 Ibid.
635 2749 660 2791 1.
683 2750 724 2791 6.
753 2749 958 2807 apparitio
988 2748 1159 2806 devota]
1190 2749 1412 2806 Apparent
1437 2748 1649 2815 Episcopis
1671 2748 1851 2805 Presby-

448 2804 540 2854 teri,
572 2806 758 2848 Dineoni.
821 2808 859 2849 A
892 2813 1041 2864 parent
1070 2806 1379 2864 magistratibus
1408 2806 1580 2858 scribae,
1612 2819 1848 2863 praecones,

447 2862 618 2905 accensi.
653 2864 824 2906 Glossae
867 2864 1075 2915 'hiloxoni,
1098 2863 1693 2920 Αρρανίεονοε,Ἑκβιβασταί.
1734 2864 1850 2906 Εἰσὶν
1864 2873 1913 2911 45
