1988 3216
413 250 469 292 46
889 251 931 291 S.
956 249 1345 291 HIPPOLYTUS.

656 385 814 424 JOAN.
838 385 1075 423 ALBERTI
1107 385 1355 424 FABRIOII
1386 385 1582 424 NOTAE.

476 468 495 489 ⁸
526 461 726 509 Eusebius,
747 473 801 499 vl.
828 475 888 510 20,
918 466 1006 512 post
1035 462 1232 513 Beryllum
1261 466 1602 501 commemoratum
1623 476 1630 500 :
1665 463 1828 501 ὡσαύτως

415 529 453 564 δὲ
478 529 532 564 καὶ
561 527 764 565 Ἱππόλυτος
791 528 907 575 ἑτέρας
934 543 1001 564 που
1029 528 1082 564 καὶ
1110 528 1210 566 αὐτὸς
1237 530 1415 575 προεστὼς
1443 529 1632 574 ἐκκλησίας.
1691 527 1828 565 Varias

414 597 590 631 veterum
616 597 656 631 et
678 591 890 630 recentium
916 592 964 630 de
988 591 1073 630 loco
1096 592 1351 643 Episcopatus
1371 592 1590 643 Hippolyti,
1610 606 1725 644 quem
1750 593 1827 630 Eu-

415 657 544 696 sebius
573 661 612 696 et
642 657 905 708 Hieronymus
933 657 1172 708 ignorarunt,
1197 658 1468 697 hariolationes
1496 659 1677 709 praemisi
1703 658 1828 710 Opus·
1841 665 1864 703 5

417 723 513 762 culis
531 722 653 761 sancti
673 721 867 773 Martyris,
883 736 980 774 quae
999 723 1157 762 collecta
1170 723 1338 774 junctim
1358 723 1460 762 edidi
1477 723 1691 775 Hamburg.
1714 725 1828 773 1716,

419 793 459 827 et
479 790 593 837 1718,
609 788 758 826 duobus
777 788 905 838 parvis
923 788 1040 827 tomis
1059 788 1100 826 in
1119 788 1182 827 fol.
1211 788 1518 828 FABRICIUS.
1578 789 1688 829 Inter
1705 789 1830 828 varias

419 858 594 892 veterum
613 858 652 892 et
677 853 934 891 recentiorum
959 854 1168 893 sententias
1194 854 1242 893 de
1267 854 1434 902 ecclesia,
1454 867 1570 906 quam
1592 855 1831 906 Hippolytus

419 918 600 966 obtinuit,
619 918 685 956 illa
706 918 951 957 verisimilior
974 919 1128 958 videtur
1153 932 1245 968 esse,
1264 933 1362 970 quae
1387 932 1476 958 eum
1495 919 1634 959 Portus
1654 921 1830 968 Romani,

420 997 496 1022 non
534 983 583 1021 ad
621 983 733 1022 Ostia
769 983 964 1034 Tyberini,
1002 985 1070 1023 sed
1107 985 1266 1023 celebris
1306 985 1379 1023 hoc
1415 985 1571 1024 nomine
1607 986 1648 1023 in
1685 985 1832 1024 Arabia
1848 997 1896 1022 10

418 1049 593 1100 emporii,
616 1049 730 1087 hodie
754 1049 906 1097 Adem,
933 1049 1155 1101 episcopum
1179 1049 1280 1089 facit.
1339 1049 1549 1089 Abulidem
1568 1051 1714 1090 Romae
1740 1051 1831 1102 Epi-

418 1127 578 1164 scopum
615 1113 764 1153 Arabes
807 1119 957 1163 vocant,
995 1114 1083 1153 vid.
1125 1114 1354 1166 Catalogum
1392 1115 1596 1167 Ebedjesu,
1634 1129 1714 1167 cap.
1756 1129 1829 1155 vn.

419 1178 778 1227 VALLARSIUS,
803 1184 897 1219 tom.
919 1192 964 1218 11.
993 1179 1166 1231 Operum
1193 1180 1230 1219 S.
1254 1180 1494 1232 Hieronymi.
1555 1179 1832 1234 [Hippolytum

419 1245 594 1283 Arabum
627 1245 854 1296 metropolis
887 1245 1109 1296 episcopum
1142 1246 1268 1294 fuisse,
1299 1246 1422 1285 literis
1454 1247 1651 1286 mandavit
1683 1249 1832 1287 saeculo

417 1310 555 1361 quinto
598 1309 774 1348 Gelasius
821 1310 925 1362 Papa
971 1311 1168 1350 Romanus
1214 1311 1254 1349 in
1301 1311 1532 1350 testimoniis
1579 1312 1627 1350 de
1673 1313 1833 1352 Duabus
1851 1325 1896 1363 15

420 1375 583 1414 Naturis
621 1375 659 1413 in
699 1374 865 1424 Christo,
904 1381 996 1415 tom.
1034 1388 1124 1415 vlu.
1163 1376 1345 1416 Biblioth.
1387 1377 1458 1415 ΡΡ.
1499 1377 1589 1416 edit.
1631 1378 1754 1430 Lugd.
1794 1393 1829 1431 p.

423 1438 534 1493 704]

475 1503 493 1532 b
515 1505 653 1544 Euseb.
676 1517 731 1544 vl.
753 1518 812 1543 22.
871 1509 957 1543 Τότε
982 1508 1066 1554 δῆτα
1094 1509 1146 1544 καὶ
1163 1508 1367 1545 Ἱππόλυτος
1394 1508 1600 1555 συντάττων,
1625 1509 1709 1555 μετὰ
1733 1510 1831 1546 πλεί-

419 1587 515 1609 στων
532 1572 651 1608 «Ἀλων
670 1573 925 1619 ὑπομνημάτων,
946 1574 1000 1609 καὶ
1025 1575 1066 1609 τὸ
1087 1574 1166 1621 περὶ
1184 1576 1246 1609 τοῦ
1265 1574 1396 1620 Πάσχα
1414 1572 1595 1619 πεποίηται
1614 1572 1833 1622 σύγγραμμα,

423 1638 460 1673 ἐν
478 1635 505 1688 ᾧ
523 1638 584 1684 τὴν
601 1640 669 1674 τῶν
685 1640 820 1686 χρόνων
838 1637 1041 1686 ἀναγραφὴν
1059 1638 1243 1685 ἐκθέμενος,
1263 1638 1318 1674 καί
1341 1653 1415 1674 τινα
1441 1640 1560 1675 κανόνα
1585 1639 1833 1686 ἑκκαιδεκαετη-
1850 1652 1899 1677 20

421 1704 516 1751 ρι’δος
534 1704 613 1750 περὶ
635 1705 696 1739 τοῦ
721 1704 850 1750 Πάσχα
876 1704 1051 1751 προσθεὶς,
1071 1705 1127 1741 ἐπὶ
1151 1705 1191 1740 τὸ
1218 1707 1353 1751 πρὸπον
1371 1704 1445 1741 ἔτος
1472 1704 1718 1751 αὐτοκράτορος
1734 1703 1833 1741 Ἀλε-

421 1769 569 1817 ξάνδρου
585 1765 660 1820 [an.
679 1767 823 1806 Christi
843 1766 949 1821 222.]
965 1770 1045 1807 τοὺς
1062 1771 1208 1818 χρόνους
1225 1770 1444 1818 περιγράφει.
1491 1767 1582 1806 Alia
1594 1773 1768 1807 veterum
1787 1768 1836 1807 de

422 1833 495 1871 hoc
529 1845 644 1883 opere
679 1831 901 1871 testimonia
933 1833 1049 1872 habes
1082 1834 1123 1872 in
1150 1839 1243 1872 tom.
1277 1845 1302 1871 1.
1329 1833 1428 1884 Opp.
1460 1832 1678 1885 Hippolyti,
1707 1847 1743 1885 p.
1772 1846 1835 1882 42,

423 1897 571 1936 Canoni
593 1897 765 1936 Paschali
787 1897 1027 1949 Hippolyteo
1046 1898 1260 1950 subjuncta.

479 1969 495 1988 c
517 1961 674 2000 Eusebii
708 1962 805 2001 liber
837 1963 885 2001 de
919 1963 1016 2002 festo
1050 1963 1221 2001 Paschali
1254 1965 1421 2011 μυστικὴν
1447 1965 1663 2014 ἀνακάλυψιν
1689 1966 1750 2000 τοῦ
1777 1965 1837 2011 τῆς
1851 1977 1899 2017 25

422 2028 541 2075 ἑορτῆς
570 2029 678 2077 λόγου
710 2032 750 2066 et
782 2027 950 2067 rationes
982 2028 1078 2079 cycli
1112 2028 1353 2080 undeviginti
1387 2042 1575 2067 annorum
1614 2029 1836 2079 complexus

422 2092 630 2140 interdicit,
646 2094 694 2133 de
708 2106 784 2145 quo
804 2094 892 2133 vide
910 2094 1039 2146 ipsum
1059 2095 1281 2143 Eusebium,
1298 2106 1351 2134 1v.
1370 2108 1422 2144 34
1437 2101 1477 2135 et
1496 2108 1547 2145 35
1564 2096 1612 2135 de
1626 2096 1720 2135 Vita
1736 2095 1836 2135 Con-

421 2158 593 2197 stantini.
645 2159 824 2199 Meminit
840 2164 880 2199 et
894 2159 1117 2199 Gennadius
1132 2160 1180 2199 de
1196 2160 1334 2212 Script.
1355 2161 1496 2200 Eccles.
1509 2174 1589 2212 cap.
1605 2163 1668 2199 88.
1714 2161 1837 2200 Isido-

422 2237 489 2263 rus
511 2225 659 2276 Hispal.
682 2236 736 2264 vx.
761 2235 818 2275 17.
842 2225 948 2277 Orig.
990 2229 1000 2247 ‘
1014 2226 1233 2265 Pasclialem
1253 2227 1402 2278 cyclum
1423 2227 1661 2278 Hippolytus
1681 2227 1837 2278 Episco-

424 2293 434 2310 ‘
454 2303 526 2341 pus
546 2290 785 2342 temporibus
801 2291 1013 2330 Alexandri
1035 2292 1286 2343 Imperatoris
1305 2293 1453 2344 primus
1472 2293 1708 2344 conscripsit.
1745 2293 1837 2332 Post
1850 2306 1901 2342 30

426 2358 435 2375 ‘
452 2368 569 2406 quem
600 2356 858 2406 probatissimi
888 2362 1053 2405 autores,
1089 2357 1277 2396 Eusebius
1308 2357 1573 2406 Caesariensis,
1603 2357 1837 2409 Theophilus

426 2423 436 2440 ‘
457 2420 755 2469 Alexandrinus,
786 2421 950 2473 Prosper
977 2435 1130 2474 quoque
1161 2422 1315 2462 natione
1348 2422 1578 2474 Aquitanas,
1604 2427 1719 2474 atque
1747 2423 1836 2462 Vic-

424 2489 434 2506 ‘
455 2485 616 2535 torinus,
642 2486 884 2538 amplificatis
912 2486 1083 2539 ejusdem
1110 2487 1329 2527 festivitatis
1358 2487 1581 2535 rationibus,
1606 2488 1838 2539 multiplices

426 2551 616 2591 ‘circulos
644 2552 871 2593 ediderunt.'
941 2552 1133 2603 Quoniam
1162 2566 1252 2592 vero
1284 2553 1320 2592 S.
1345 2553 1550 2605 Hippolyti
1579 2553 1708 2605 cyclus
1733 2554 1837 2593 sede

425 2617 501 2656 cim
521 2623 674 2657 tantum
693 2630 882 2657 annorum
902 2618 986 2667 fuit,
1002 2618 1090 2657 hinc
1107 2618 1222 2667 Beda,
1238 2619 1286 2658 (le
1297 2618 1529 2670 Temporum
1548 2618 1710 2658 Ratione
1726 2632 1755 2658 c.
1773 2632 1835 2668 42,
1850 2633 1900 2673 35

429 2688 436 2702 ‘
461 2683 826 2723 Deccmnovennalis
859 2684 989 2723 circuli
1023 2683 1197 2723 ordinem
1231 2684 1377 2736 primus
1412 2683 1600 2723 Eusebius
1631 2684 1837 2724 Caesareae

430 2752 437 2767 ‘
462 2747 694 2788 Palaestinae
723 2748 934 2800 Episcopus
960 2749 1009 2787 ob
1035 2754 1190 2800 quartas
1215 2749 1381 2789 decimas
1407 2749 1514 2787 lunas
1540 2748 1623 2787 festi
1648 2748 1836 2787 Paschalis

430 2812 660 2864 ‘ipsumque
705 2814 805 2852 ‹lic-,m
852 2814 1014 2852 Pascha«-
1060 2814 1328 2853 inveniemlum
1373 2813 1598 2865 composuit,
1644 2828 1689 2851 eo
1733 2816 1833 2865 qnod

431 2884 436 2896 ¹
461 2877 559 2921 luna,
581 2878 658 2916 &ef
