2034 3204
904 520 972 559 IN

643 645 1238 710 FIRMILIANI

445 787 689 826 EPISCOPI
720 786 1044 826 CAESAREAE
1075 785 1445 825 CAPPADOCUM

393 916 483 957 Al)
530 915 573 957 S.
614 914 1041 958 GYPRIANUM
1091 913 1490 956 EPISTOLAM

618 1044 723 1098 AN
735 1042 1264 1096 NOTATIONES.

300 1311 344 1352 P.
372 1323 466 1367 231.
487 1309 514 1351 l.
538 1322 574 1351 1.
600 1307 955 1362 FIRMILIANI]
989 1305 1203 1354 Eusebius,
1231 1305 1338 1347 Hist.
1369 1305 1478 1346 Eccl.
1500 1305 1568 1347 lib.
1586 1318 1642 1353 Vl,

241 1383 330 1425 cap.
346 1368 413 1418 25,
437 1366 634 1419 Διέπρεπε
657 1367 701 1407 ἐν
720 1367 843 1420 τούτῳ
869 1367 1072 1420 [tempore
1095 1364 1196 1419 Imp.
1220 1362 1449 1404 Alexandri
1475 1362 1638 1417 Severi]

242 1426 501 1474 ‹bqeummvos-
518 1423 757 1476 Καισαρείας
777 1424 845 1473 τῆς
863 1425 1136 1463 Καππαδοκῶν
1151 1420 1405 1464 Ἐπίσκοπος.
1440 1420 1518 1462 Ubi
1541 1420 1643 1462 llaec

240 1481 454 1525 annotavit
499 1479 706 1522 Hem-icus
746 1479 947 1524 Valesius.
990 1485 999 1501 ‘
1024 1478 1100 1520 Vir
1139 1477 1397 1519 doctissimus
1441 1484 1484 1520 et
1533 1477 1643 1519 inter

182 1548 252 1589 10⁴
274 1539 496 1605 scriptores
530 1536 820 1580 ecclesiasticos
854 1536 1027 1578 celebris
1056 1535 1134 1578 fuit
1168 1534 1440 1577 Firmilianus.
1506 1535 1643 1590 Hujus

243 1598 258 1622 *
273 1596 508 1640 testimonio
527 1596 659 1638 utitur
680 1594 856 1637 Basilius
876 1594 917 1636 in
939 1594 1043 1636 libro
1066 1593 1118 1636 de
1141 1592 1298 1649 Spiritu
1321 1593 1486 1635 Sancto.
1538 1593 1642 1634 Ταύ-

243 1661 254 1679 ‘
274 1671 345 1706 την
366 1655 430 1696 καὶ
442 1654 685 1709 Φιρμιλιανῷ
702 1653 753 1708 τῷ
775 1652 950 1708 ἡμετέρῳ
969 1654 1210 1703 μαρτυροῦσι
1228 1651 1301 1702 τὴν
1315 1652 1452 1692 πίστιν
1467 1652 1504 1692 ot
1525 1652 1643 1704 λόγοι

243 1719 254 1737 ‘
275 1713 341 1757 οὓς
370 1710 570 1754 κατέλιπε.
634 1709 828 1767 Ejusdem
861 1708 1044 1751 meminit
1070 1708 1112 1750 iu
1135 1707 1320 1764 Epistola
1351 1707 1558 1750 Canonica
1586 1707 1642 1749 ad

243 1777 254 1794 ⁸
274 1768 621 1826 Amphilochium.
688 1766 826 1809 Hodie
875 1766 994 1808 unica
1042 1771 1231 1821 superest
1272 1765 1498 1807 Firmiliani
1544 1764 1642 1821 Epi·

182 1844 229 1883 15
243 1834 254 1852 ‘
275 1827 380 1869 stola
399 1826 454 1869 ad
471 1824 738 1882 Cyprianum.
798 1824 952 1865 Mirum
972 1828 1034 1865 est
1054 1829 1192 1865 tamen
1213 1837 1288 1864 nec
1307 1822 1362 1864 ab
1384 1822 1642 1880 Hieronymo

243 1890 255 1909 ‘
275 1898 351 1927 nec
382 1898 408 1926 a
440 1882 691 1925 Bellarmino
726 1881 835 1923 inter
869 1881 1090 1937 scriptores
1125 1879 1418 1922 ecclesiasticos
1449 1894 1543 1922 eum
1577 1893 1644 1922 re·

243 1949 254 1966 ⁰
275 1941 446 1984 censeri.
509 1941 569 1982 Ac
600 1940 652 1982 de
682 1938 934 1981 Bellarmino
965 1937 1085 1980 facile
1114 1944 1177 1980 est
1207 1937 1409 1993 conjicere
1435 1952 1559 1994 quam
1590 1937 1644 1979 ob

245 2008 255 2024 ⁸
275 2013 438 2042 causam
468 1997 582 2040 illum
612 1996 951 2054 praetermiserit.
1012 1995 1112 2037 Ideo
1141 1995 1295 2037 scilicet
1323 1994 1434 2051 quod
1465 1994 1644 2051 Stepha-

245 2065 255 2082 ‘
276 2071 374 2098 num
424 2056 579 2112 Papam
629 2053 817 2096 acerbius
867 2052 1203 2110 perstrinxisset!
1275 2053 1392 2094 Haec
1441 2052 1642 2094 Valesius.

181 2135 231 2160 20
244 2114 426 2157 Primum
451 2113 561 2155 inter
582 2112 799 2154 Praesules
828 2110 1012 2153 nominat
1033 2110 1314 2152 Firmilianum
1336 2110 1551 2160 Eusebius,
1573 2109 1644 2175 qui

244 2171 424 2216 Concilio
445 2170 703 2212 Antiocheno
732 2169 930 2211 adversus
955 2168 1128 2210 Paulum
1158 2168 1470 2210 Samosatenum
1501 2167 1644 2210 habito

241 2229 534 2272 interfuerunt.
596 2228 652 2270 Et
682 2227 771 2284 ipsa
791 2240 954 2283 quoque
977 2225 1170 2282 Synodus
1193 2225 1235 2267 in
1260 2224 1434 2281 epistola
1454 2239 1528 2267 sua
1547 2239 1646 2282 syn-

242 2287 360 2329 odica
390 2285 671 2328 Firmilianum
696 2284 783 2341 jam
816 2290 1023 2326 mortuum
1055 2298 1146 2325 cum
1179 2283 1302 2326 laude
1336 2288 1643 2324 commemorat.

243 2346 400 2402 Magno
420 2357 546 2400 porro
572 2343 650 2384 hoc
679 2341 898 2398 praeconio
926 2356 1019 2384 eum
1041 2340 1203 2382 ornavit
1224 2340 1536 2382 Theodoretus:
1569 2340 1646 2382 Καὶ

182 2401 504 2455 25Φιρμιλιανὸς
533 2402 555 2442 ὁ
586 2400 820 2452 Καισαρέων
851 2402 918 2451 τῆς
950 2399 1230 2442 Καππαδοκίας
1258 2398 1502 2440 Ἐπίσκοπος
1535 2414 1646 2449 περι·

243 2458 375 2512 φανὴς
395 2458 506 2511 ἀνὴρ,
530 2458 594 2499 καὶ
619 2461 771 2510 γνῶσιν
792 2455 978 2508 ἑκατέραν
998 2456 1104 2510 ἔχων
1125 2456 1188 2497 καὶ
1207 2455 1279 2507 τὴν
1300 2457 1471 2508 θύραθεν
1492 2455 1555 2496 καὶ
1575 2454 1647 2505 τὴν

243 2517 367 2558 θείαν.
409 2516 582 2557 Haeret.
605 2515 639 2556 F
639 2515 706 2556 ab.
727 2514 781 2563 iv,
804 2514 842 2556 8.
904 2515 961 2556 Et
984 2513 1192 2555 referente
1215 2512 1341 2555 Cavio
1362 2512 1404 2554 in
1426 2511 1535 2554 Hist.
1560 2511 1630 2554 Lit

243 2573 324 2616 vol.
344 2587 372 2622 1,
400 2586 499 2614 voce
520 2573 714 2626 Mamas,
734 2585 775 2627 p.
795 2582 888 2627 135,
916 2570 1175 2623 Φιρμιλιαι·ὸς
1204 2571 1226 2610 ὁ
1255 2569 1472 2621 θαυμάσιος
1504 2569 1646 2626 appel-

242 2631 354 2674 latur
383 2645 410 2672 a
441 2629 648 2672 Germano
679 2628 924 2670 Patriarcha
955 2628 1037 2670 ΟΡ.
1063 2627 1105 2668 in
1135 2628 1202 2668 Do
1233 2626 1382 2669 matico
1411 2626 1467 2668 ad
1497 2626 1646 2669 Anthi-

180 2710 232 2747 30
244 2703 354 2730 mum
377 2687 468 2729 MS.
489 2686 602 2743 apud
622 2686 811 2734 Galeum,
831 2685 902 2727 ubi
925 2690 1067 2741 patres
1089 2642 1247 2741 Synogi
1268 2683 1552 2728 Antiochenae
1578 2699 1644 2727 re·

242 2751 394 2788 censet.
457 2745 498 2786 Is
517 2743 694 2800 denique
714 2743 757 2785 in
778 2742 1013 2799 Menologio
1034 2742 1288 2785 Graecorum
1315 2756 1399 2787 una
1422 2756 1514 2784 cum
1535 2742 1642 2784 Mal-

242 2803 389 2846 chione
422 2802 669 2859 presbytero
699 2800 956 2843 Antiocheno
991 2799 1059 2842 die
1091 2800 1143 2841 28
1177 2799 1370 2842 Octobris
1400 2813 1643 2842 commemo-

243 2866 374 2904 ratur.
435 2858 672 2902 Firmiliano
701 2858 867 2915 quidem
898 2856 1089 2901 attribuit
1120 2857 1258 2900 Moses
1289 2857 1565 2900 Chorenensis
1599 2857 1642 2899 in
