2034 3204
432 275 517 315 432

488 383 530 420 Ρ.
557 383 691 426 112,1.
718 393 778 431 15,
799 381 895 419 ratio
922 395 990 431 pro
1018 395 1108 431 ope-

433 438 544 479 ratio,
566 438 662 480 sicut
683 437 756 474 alii.

490 492 531 529 P.
555 513 607 519 --
647 491 672 528 l.
705 502 767 533 20,
805 497 928 528 totum
967 503 1036 540 pro
1075 490 1113 526 in

434 551 572 583 totum.

494 602 541 639 P.
556 621 609 628 —
628 600 653 636 1.
678 611 743 648 23,
761 599 858 648 juris
878 609 948 648 pro
968 598 1075 635 foris.

492 655 605 693 P.—
625 654 649 691 l.
674 665 737 702 27,
770 652 942 689 similiter
976 660 1014 688 et
1052 653 1111 694 de,

436 711 533 749 sicut
554 708 629 746 alii.

494 765 535 801 P.
558 775 572 799 1
588 774 646 810 13,
666 761 692 798 1.
718 772 753 803 2,
775 760 932 808 accepit.

492 818 535 855 P.
547 816 625 853 -l.
656 827 716 864 15,
746 814 1007 851 morositatem
1046 826 1114 863 pro

437 870 721 922 operositatem.

494 926 535 963 P.
553 945 605 954 —
623 923 651 960 1.
672 922 732 965 16,
753 922 872 959 Recte
891 921 1007 959 habet
1026 921 1115 959 MS.

438 981 671 1020 observatur,
683 989 753 1026 pro
766 976 809 1013 M
815 976 1030 1014 uratoriano
1046 976 1115 1014 ob-

440 1040 624 1074 servetur.
840 1052 842 1054 -

495 1089 535 1125 P.
551 1109 606 1115 -
630 1086 656 1124 l.
680 1085 744 1130 28,
774 1084 852 1129 Qui
889 1084 943 1122 ita
980 1097 1117 1122 conce-

440 1143 536 1181 dunt
548 1143 614 1179 διο.
643 1139 752 1177 Ante
771 1151 873 1176 nova
887 1139 980 1176 haec
995 1152 1016 1176 a
1028 1139 1117 1176 Mu-

438 1197 583 1235 ratorio
625 1194 789 1244 primum
835 1193 936 1230 edita
978 1193 1119 1230 lemma

440 1251 648 1302 praefixum
688 1254 746 1285 est
790 1247 828 1284 in
866 1246 1000 1293 MSto,
1040 1248 1116 1285 Re-

441 1305 606 1356 sponsio.

496 1359 539 1398 P.
551 1380 605 1388 --
622 1358 646 1395 l.
665 1368 729 1406 32,
742 1356 1035 1405 Eva—experta
1049 1368 1118 1404 pro

441 1415 826 1460 Evam—expertam.

498 1467 566 1505 P.1
580 1479 641 1514 14,
655 1466 682 1503 l.
699 1477 760 1507 21,
774 1463 862 1501 MS.
872 1463 986 1500 habet
999 1476 1117 1512 quam,

442 1522 544 1572 quod
572 1533 641 1570 pro
671 1525 746 1557 tam
764 1518 866 1568 typis
892 1517 1118 1568 impressum

442 1589 525 1614 esse
545 1574 750 1613 debuisset.

497 1631 537 1668 P.
555 1638 643 1679 115,
662 1628 686 1665 l.
707 1639 746 1677 9.
766 1624 1024 1674 virginitatem
1052 1625 1117 1662 de·

441 1685 603 1722 functas.

498 1739 540 1776 P.
553 1759 608 1766 —-
626 1736 652 1773 l.
672 1747 732 1785 13,
754 1746 802 1772 ne
821 1733 1002 1782 virgines.

497 1793 539 1830 P.
558 1813 614 1820 -—
637 1790 665 1828 1.’
688 1801 751 1838 23,
771 1794 814 1826 ut
834 1787 1034 1824 velandum
1062 1787 1116 1825 se-

442 1847 555 1885 minis
574 1857 668 1883 esse.
723 1841 853 1881 Posuit
868 1841 1117 1885 Mummius,

441 1901 601 1939 feminas
629 1897 808 1936 velandas
840 1908 935 1933 esse.
981 1895 1119 1933 Verius

442 1956 588 1998 fuisset,
608 1952 810 1991 velandum
830 1950 984 1989 feminis
1003 1962 1098 1987 esse.

500 2011 541 2048 P.
578 2008 664 2051 116,
702 2007 728 2043 l.
758 2017 796 2053 4.
834 2006 914 2056 jam
959 2003 1120 2053 pueritia

443 2063 615 2102 mutavit.
696 2059 838 2099 Omisit
883 2058 1118 2096 Muratorius

439 2119 535 2168 jam.
553 2116 654 2168 quod
674 2114 804 2165 reponi
824 2113 948 2152 debet.

498 2173 539 2211 P.
554 2194 610 2200 —
627 2171 654 2208 1.
676 2181 733 2214 12,
754 2169 864 2220 plene
883 2180 950 2217 pro
970 2166 1094 2216 plane.

500 2227 540 2265 P.
557 2248 605 2255 —
626 2225 654 2264 l.
671 2235 732 2267 21,
752 2222 962 2261 admittere.
1013 2222 1118 2259 Bene

699 272 896 315 LECTT.
926 272 1172 334 TERTUL.
1205 272 1336 314 COD.
1367 273 1620 314 AMBROS.

1169 382 1338 431 reposuit
1358 382 1531 419 amittere
1553 381 1798 418 Muratorius.

1225 437 1264 472 P.
1290 447 1303 472 1
1320 437 1377 478 16,
1396 457 1462 479 -,
1501 437 1547 473 ad
1586 436 1706 473 eidem
1746 437 1844 485 peri..

1169 489 1274 526 culis.

1225 544 1263 580 P.
1285 555 1297 579 1
1312 554 1372 592 17,
1394 543 1419 580 l.
1445 556 1501 590 14,
1523 555 1665 593 sponso
1686 544 1843 580 demon-

1169 603 1340 634 stratam.

1226 651 1271 688 P.
1285 672 1339 680 ——
1359 651 1385 688 l.
1401 662 1462 699 23,
1477 651 1708 689 Dominicae.
1741 651 1846 689 Male

1168 705 1295 754 posuit
1314 705 1516 742 Dominico
1536 705 1781 743 Muratorius.

1223 759 1266 797 P.
1295 772 1307 796 1
1321 759 1381 803 18.
1419 759 1444 796 l.
1471 760 1509 801 6,
1551 759 1687 808 Neque
1730 760 1844 813 enim,

1170 814 1338 863 reposuit
1358 813 1605 858 Mur-aterius,
1621 826 1698 850 non
1719 814 1831 851 enim.

1226 867 1340 904 P.——
1358 868 1384 904 l.
1409 868 1472 912 28,
1501 867 1691 905 debitores
1716 868 1844 911 trium,

1169 921 1293 959 Patris
1313 928 1352 959 et
1367 922 1450 959 Filii
1469 928 1509 959 et
1524 920 1688 971 Spiritus
1701 921 1844 960 Sancti.

1170 976 1316 1013 Vocem
1336 976 1450 1014 trium
1474 975 1554 1013 sine
1574 976 1712 1014 idonea
1733 989 1847 1015 eausa

1170 1029 1405 1067 Muratorius
1425 1030 1565 1067 omisit.

1225 1084 1266 1121 P.
1292 1096 1379 1133 119,
1408 1084 1434 1121 l.
1452 1096 1513 1133 19,
1538 1084 1686 1122 Titulus
1714 1084 1847 1134 capitis

1170 1145 1229 1176 est
1257 1138 1296 1175 in
1322 1138 1454 1180 Msto.
1479 1138 1538 1175 De
1565 1139 1702 1176 Hostia
1728 1139 1846 1188 Spiri-

1170 1192 1249 1235 tali,
1266 1193 1353 1242 quia
1372 1193 1493 1230 oratio
1513 1193 1574 1236 sit,
1591 1205 1703 1242 quem
1723 1193 1847 1231 omitti

1171 1247 1219 1284 ab
1239 1247 1386 1284 editore
1405 1259 1483 1283 non
1504 1247 1717 1297 oportebat.

1227 1301 1273 1338 P.
1303 1313 1389 1343 120,
1418 1301 1444 1338 l.
1469 1313 1530 1343 10,
1562 1301 1684 1338 oratio
1714 1301 1847 1339 Chris-

1172 1355 1285 1393 tiana.
1319 1355 1452 1392 Edidit
1467 1355 1702 1393 Muratorius
1715 1356 1845 1394 Chris-

1170 1409 1373 1453 tianorum,
1396 1409 1476 1446 sine
1495 1421 1608 1447 causa
1626 1409 1768 1448 forsan.

1227 1463 1274 1501 P.
1307 1475 1395 1507 121,
1434 1464 1460 1501 l.
1498 1476 1556 1511 14,
1609 1465 1845 1515 expandunt.

1171 1517 1302 1555 Posuit
1343 1518 1580 1555 Muratorius
1626 1519 1846 1562 extendunt,

1172 1571 1239 1609 sed
1253 1572 1413 1609 alterum
1431 1572 1588 1609 verbum
1603 1572 1720 1610 habes
1735 1573 1847 1610 simili

1171 1625 1209 1663 in
1229 1638 1342 1663 causa
1362 1639 1497 1675 supra;
1519 1626 1610 1663 Vid.
1630 1639 1714 1677 cap.
1729 1627 1805 1665 xiv.

1229 1733 1409 1783 Reliquae
1428 1734 1656 1772 variationes
1675 1734 1713 1772 in
1739 1741 1847 1785 parte

1172 1787 1236 1824 illa
1268 1788 1440 1838 opusculi
1472 1801 1495 1826 a
1526 1788 1740 1826 Muratorio
1774 1790 1849 1842 pri-

1173 1854 1276 1879 mum
1297 1842 1410 1887 edita,
1431 1842 1503 1880 bae
1519 1848 1620 1880 sunt.

1227 1895 1271 1934 P.
1293 1908 1302 1933 1
1320 1908 1378 1945 14,
1395 1896 1421 1934 1.
1437 1908 1502 1946 33,
1519 1902 1688 1934 vertatur
1702 1910 1770 1947 pro
1783 1911 1846 1936 ve-

1172 1955 1288 1988 tatur.
1321 1950 1366 1988 P.
1382 1963 1391 1988 1
1408 1961 1466 2000 15,
1482 1951 1505 1987 l.
1524 1962 1559 2000 5,
1574 1951 1695 1989 Abest
1709 1959 1748 1990 et
1760 1959 1847 1992 ante

1172 2004 1341 2042 investis.
1402 2006 1444 2042 P.
1473 2004 1558 2048 118,
1590 2005 1614 2043 l.
1641 2017 1702 2055 17,
1742 2019 1847 2045 com-

1172 2058 1372 2096 municatis
1430 2071 1498 2108 pro
1553 2060 1846 2099 communitatis.

1172 2112 1270 2151 Ibid.
1301 2113 1324 2150 l.
1348 2125 1411 2156 21,
1434 2113 1464 2151 si
1496 2125 1564 2163 pro
1594 2114 1685 2152 sine.
1743 2114 1844 2155 Ibid.

1172 2167 1197 2205 1.
1222 2179 1285 2210 22,
1306 2168 1336 2205 si
1357 2181 1426 2218 pro
1446 2167 1505 2205 sit.
