1988 3216
533 263 770 306 CONTRA
802 263 1108 305 HAERESIM
1139 262 1332 304 NOETI.

1580 263 1637 305 57

262 370 277 387 x
500 373 514 390 2
731 375 751 385 ,.
945 371 956 390 f
1114 369 1129 386 x
1213 370 1224 388 x
1335 369 1348 386 t
1453 368 1494 386 ·,
1599 371 1609 385 .

230 393 315 425 τον
350 377 649 444 προσεφερεν
685 395 754 443 τῳ
794 375 968 439 Πατρι.
1029 375 1137 439 Προ
1175 372 1225 423 δε
1261 393 1433 423 τουτου
1471 394 1520 422 εν
1558 393 1637 422 ου-

230 460 361 528 ρανῲ
394 455 532 526 σὰρξ
564 459 648 510 οὐκ
681 454 756 522 ἦν.

233 542 393 610 Λόγος
417 543 645 612 ἄσαρκος,
671 543 965 598 ἀποσταλεὶς
994 541 1071 594 ἵνα
1097 540 1227 611 δείξῃ
1252 539 1415 604 αὐτὸν,
1444 542 1519 594 ἐπὶ
1548 543 1639 607 γῆς

835 457 926 513 Τίς
957 457 1041 509 οὖν
1073 454 1133 521 ἦν
1161 456 1211 507 ἐν
1245 457 1431 526 οὐρανῷ
1464 455 1579 507 ἀλλ’
1606 454 1636 520 ἦ

230 627 362 692 ὄντα,
390 625 505 680 εἶναι
536 630 614 681 καὶ
638 630 688 680 ἐν
714 628 915 698 οὐρανῷ.
996 626 1159 694 Λόγος
1188 624 1326 695 σὰρξ
1354 623 1428 691 ἦν,
1452 631 1639 692 πνεῦμα

195 710 304 778 δῆν,
323 712 518 778 δύναμις
542 711 618 778 ἦν,
640 717 704 770 εἷς
734 712 840 786 [eor.
860 712 943 786 ὃς]
966 710 1023 765 τὸ
1047 712 1206 765 κοινὸν
1230 710 1383 776 ὄνομα
1405 713 1483 764 καὶ
1506 710 1639 779 παρὰ

231 797 498 867 ἀνθρώποις
540 797 759 868 χωρήτὸν
799 797 1131 864 ἀνελάμβανεν
1166 800 1230 853 εὶς
1273 794 1457 860 ἑαυτὸν,
1497 802 1639 849 τοῦτο

231 882 522 949 καλούμενος
545 884 624 936 ἀπ’
653 885 803 954 ἀρχῆς
829 882 926 940 υἱὸς
951 883 1206 951 ἀνθρώπου
1239 880 1315 935 διὰ
1344 881 1402 935 τὸ
1434 881 1636 947 μέλλον,

230 969 381 1022 καίτοι
423 967 567 1035 μήπω
611 967 678 1021 ὧν
716 969 985 1038 ἅνθρωπος,
1026 966 1183 1024 καθὼς
1220 970 1246 1020 ὁ
1285 966 1475 1033 Δανιὴλ
1513 991 1636 1036 μαρ-

230 1058 373 1122 τυρεῖ,
402 1053 577 1121 λέγων·
619 1062 632 1086 ‘
653 1051 816 1118 Εἶδον,
845 1056 922 1107 καὶ
957 1051 1059 1107 ἰδοὺ
1083 1054 1159 1106 ἐπὶ
1191 1058 1289 1105 τῶν
1315 1057 1530 1123 νεφελῶν
1553 1058 1640 1106 τοῦ

172 1165 220 1190 ιο
236 1146 249 1169 ‘
273 1140 475 1206 οὐρανοῦ
499 1139 752 1209 ἐρχόμενον
778 1142 842 1196 ὡς
868 1139 968 1193 υἱὸν
993 1139 1283 1208 ἀνθρώπου.’
1324 1139 1532 1195 Δικαίως
1557 1139 1641 1191 οὖν

230 1224 280 1275 ἓν
304 1226 373 1294 τῷ
397 1225 582 1296 οὐρανῷ
616 1224 732 1277 ὄντα
761 1224 923 1292 ἔλεγεν
948 1223 1101 1296 τούτῳ
1134 1223 1330 1288 ὀνόματι
1361 1222 1532 1296 [τοῦτο
1557 1223 1638 1277 ἀπ’

231 1312 383 1380 ἀρχῆς
416 1311 531 1364 ὄντα
566 1322 654 1360 fors.
681 1309 861 1382 dolend]
896 1314 1147 1363 καλεῖσθαι
1181 1310 1260 1363 ἀπ’
1293 1311 1444 1378 ἀρχῆς
1478 1308 1642 1376 Λόγον

234 1399 377 1449 Θεοῦ.

306 1480 358 1534 ε’.
398 1481 564 1535 Ἀλλὰ
597 1483 647 1536 τί
674 1506 769 1548 μοι,
794 1484 967 1554 φησὶν,
996 1481 1127 1548 λέγει
1159 1482 1210 1533 ἐν
1233 1480 1405 1551 ἑτέρῳ;
1449 1488 1462 1510 ⁶
1482 1480 1642 1536 Οὗτος

174 1590 220 1628 ¹5
234 1574 246 1597 ‘
265 1568 291 1619 ὁ
311 1566 447 1631 Θεὸς,
467 1568 523 1620 οὐ
548 1566 897 1634 λογισθήσεται
922 1566 1077 1635 ἕτερος
1101 1564 1222 1635 πρὸς
1240 1564 1415 1618 αὑτόν.’
1461 1568 1642 1620 Καλῶς

232 1650 371 1706 εἶπεν·
409 1651 530 1721 πρὸς
554 1651 651 1722 γὰρ
675 1654 759 1705 τὸν
788 1652 981 1721 Πατέρα
1015 1654 1086 1709 τίς
1115 1650 1498 1719 λογισθήσεται;
1541 1652 1567 1703 ὁ
1591 1650 1641 1702 δὲ

234 1738 380 1806 λέγει·
423 1746 436 1768 ‘
457 1738 616 1795 Οὗτος
647 1740 672 1791 ὁ
703 1737 827 1795 Θεὸς
850 1738 1003 1804 ἡμῶν,
1031 1739 1088 1790 οὐ
1112 1735 1462 1804 λογισθήσεται
1488 1735 1645 1803 ἕτερος

238 1831 252 1855 ‘
271 1822 394 1892 πρὸς
431 1823 592 1877 αὐτόν·
639 1823 836 1892 ἐξηῦρεν
879 1828 1047 1877 πᾶσαν
1088 1821 1199 1875 ὁδὸν
1237 1820 1520 1887 ἐπιστήμης,
1566 1823 1644 1873 καὶ

240 1916 253 1940 ‘
273 1908 442 1962 ἔδωκεν
472 1907 620 1974 αὐτὴν
646 1908 827 1972 Ἰακὼβ
856 1914 924 1980 τῷ
952 1911 1083 1962 παιδὶ
1123 1909 1283 1971 αὑτοῦ,
1322 1909 1398 1959 καὶ
1434 1904 1643 1974 Ἰσραὴλ

235 2088 378 2127 obtulit
398 2087 512 2127 Patri.
572 2087 701 2127 Antea
719 2101 811 2127 vero
835 2102 911 2126 non

236 2148 318 2182 erat
343 2142 383 2181 in
407 2142 512 2180 coelo
538 2155 635 2180 earo.
695 2142 792 2190 Quis
820 2155 912 2194 ergo

236 2201 319 2237 erat
343 2196 384 2234 in
403 2196 519 2243 coelo,
539 2196 613 2234 nisi
633 2196 806 2236 Verbum
831 2196 912 2235 sine

237 2263 360 2298 came,
380 2250 483 2301 quod
509 2250 668 2288 missum
695 2256 753 2289 est.
780 2256 825 2290 ut
853 2264 912 2290 os-

237 2304 412 2343 tenderet
440 2318 490 2351 se,
519 2304 585 2355 qui
616 2304 656 2342 in
686 2310 790 2344 term
819 2311 912 2352 erat,

238 2372 318 2398 esse
346 2358 463 2398 etiam
492 2358 531 2396 in
560 2359 692 2398 coelo?
739 2359 912 2398 Verbum

237 2412 339 2451 enim
369 2418 462 2459 emt,
489 2412 647 2463 spiritus
676 2419 768 2460 erat,
789 2414 912 2452 virtus

238 2472 330 2505 erat.
389 2466 502 2506 Unus
530 2481 732 2506 commuue
762 2482 912 2515 nomen,

238 2526 278 2561 et
310 2521 350 2559 in
384 2534 455 2560 usu
493 2522 595 2572 apud
629 2522 803 2561 homines
841 2522 912 2561 sibi

238 2575 413 2625 sumpsit,
429 2581 586 2614 vocatus
605 2589 627 2613 a
647 2576 835 2627 principio
851 2576 914 2614 Fi-

966 2088 1175 2126 vmientem
1197 2094 1386 2136 tanquam
1408 2086 1558 2124 Filium
1580 2085 1644 2124 Ιιο-

966 2142 1097 2180 minis.
1147 2141 1266 2180 Recte
1284 2141 1405 2191 igitur
1423 2140 1535 2187 dixit,
1555 2153 1643 2178 eum

966 2196 1033 2247 qui
1058 2196 1097 2235 iu
1122 2196 1228 2234 coelo
1257 2200 1339 2234 erat
1358 2194 1532 2233 Verbum
1557 2194 1642 2241 Dei,

967 2250 1039 2288 hoc
1059 2249 1213 2288 nomine
1232 2263 1255 2287 a
1273 2249 1462 2300 principio
1481 2248 1619 2286 vocari.

1028 2304 1075 2343 V.
1117 2304 1193 2342 Sed
1230 2304 1323 2355 quid
1361 2303 1467 2350 mihi,
1506 2302 1644 2353 inquit,

967 2359 1062 2398 dicit
1106 2358 1305 2409 Scriptura
1341 2357 1381 2396 in
1418 2357 1494 2396 alio
1531 2357 1615 2395 loeo
1636 2371 1643 2394 :

967 2411 1073 2452 bHic
1090 2420 1143 2451 est
1162 2413 1278 2459 Deus,
1298 2425 1378 2450 mm
1403 2426 1426 2449 r
1571 2411 1579 2419 “
1594 2425 1647 2448 wr

969 2468 1074 2506 alius
1087 2468 1143 2506 ad
1153 2481 1250 2506 mm.
1282 2467 1401 2505 Recte
1415 2466 1526 2504 dixit.
1548 2465 1646 2513 Quis

970 2522 1072 2560 enim
1106 2521 1348 2572 reputabitur
1380 2520 1429 2558 ad
1464 2519 1644 2558 Patrem?

970 2577 1014 2614 H
1015 2577 1060 2623 ic,
1068 2576 1204 2627 inquit,
1214 2576 1319 2613 Deus
1331 2581 1475 2619 nostem·
1495 2587 1575 2611 mm
1589 2586 1646 2611 re-

238 2629 313 2667 lius
338 2629 514 2676 hominis,
543 2635 702 2680 propter
729 2630 914 2677 futurum,
964 2630 1172 2681 gratabitur
1189 2630 1294 2668 aliu-3
1311 2629 1367 2666 ad
1383 2642 1480 2667 eum.
1533 2629 1646 2666 Inve-

239 2683 413 2734 quamvis
451 2684 621 2721 nondum
654 2690 754 2723 esset
786 2684 913 2731 homo,
970 2685 1030 2723 nic
1048 2698 1198 2722 omnem
1212 2684 1318 2722 viam
1336 2682 1525 2729 scientiae,
1538 2689 1571 2720 et
1585 2682 1647 2719 de-

239 2737 339 2775 sicut
358 2737 495 2775 Daniel
522 2743 687 2776 testatur
713 2738 888 2788 inquiens
905 2753 912 2775 z
971 2739 1028 2776 dic
1047 2738 1158 2776 illam
1169 2737 1291 2776 Jacob
1305 2750 1426 2787 puero
1445 2750 1525 2782 suo,
1538 2743 1571 2774 et
1586 2736 1647 2774 Ιε-

239 2799 255 2817 a
269 2791 366 2839 Vidi,
395 2799 428 2830 et
457 2805 531 2829 ecce
560 2792 604 2829 in
632 2792 799 2830 nubibus
826 2793 915 2830 coeli.
972 2792 1053 2830 rael
1079 2792 1211 2830 dilecto
1240 2806 1319 2830 sue.
1377 2799 1392 2817 ⁰
1406 2791 1510 2828 Bene
1539 2790 1644 2828 dicit..

371 2911 386 2927 ⁸
402 2906 489 2938 Dan.
508 2907 562 2937 vii.
584 2917 631 2947 ¹3·
794 2906 808 2928 b
826 2907 957 2939 Baruch
975 2907 1020 2939 iii.
1042 2917 1092 2947 35.
1254 2913 1266 2928 ⁶
1284 2907 1369 2938 Ibid.
1391 2916 1441 2948 35,
1463 2906 1513 2947 36.
