2034 3204
222 881 248 912 C
257 882 288 912 A
301 881 340 911 P.

214 924 347 956 XLIV.

181 2140 283 2173 Matt.
299 2141 386 2172 xxiv.

185 2748 284 2799 ³¹⁸²&

183 2803 294 2823 ΧΧΎΙΙΙ.

400 226 484 266 158
870 225 1337 268 ΤΕΒ-ΤΠΙᾸᾸΑΝΡ

399 337 531 381 nulla
554 343 639 390 est,
665 337 836 382 merito
859 342 906 382 et
930 336 1040 382 talis
1064 336 1317 395 disciplina
1341 342 1424 381 est.
1463 336 1532 381 At
1558 336 1640 381 ubi
1657 336 1802 388 Deus,

398 413 466 459 ibi
491 420 646 459 metus
671 414 722 459 in
746 414 918 468 Deum,
934 414 1020 474 qui
1043 421 1115 459 est
1139 414 1330 459 initium
1359 413 1634 473 sapientiae.
1707 413 1801 459 Ubi

398 497 553 537 metus
588 491 639 538 in
675 492 845 544 Deum,
871 491 939 537 ibi
973 491 1186 552 gravitas
1222 491 1435 544 honesta,
1472 498 1519 536 et
1553 491 1806 552 diligentia

397 569 629 623 adtonita,
665 579 713 614 et
746 584 862 615 cura
895 568 1110 622 sollicita,
1146 575 1194 614 et
1228 569 1430 614 adlectio
1465 571 1724 628 explorata,
1758 576 1806 615 et

397 644 765 691 communicatio
809 644 1085 699 deliberata,
1132 651 1180 691 et
1226 646 1463 704 promotio
1509 647 1720 699 emerita,
1759 654 1806 692 et
1820 661 1842 698 5

399 722 634 783 subjectio
661 722 898 784 religiosa,
934 728 982 767 et
1008 721 1246 781 apparitio
1280 723 1464 770 devota,
1491 728 1538 768 et
1571 724 1807 782 processio

402 801 628 854 modesta,
653 808 700 845 et
724 800 941 845 Ecclesia
966 799 1117 852 unita,
1143 806 1190 845 et
1213 799 1305 845 Dei
1329 800 1504 845 omnia.

469 877 678 923 Proinde
702 878 816 923 haec
840 877 1089 937 pressioris
1115 878 1242 936 apud
1266 893 1352 923 nos
1377 877 1652 923 testimonia
1668 878 1807 924 disci-

399 955 558 1014 plinae
605 956 666 1000 ad
706 954 1034 1014 probationem
1078 955 1294 1000 veritatis
1336 956 1602 1001 accedunt:
1650 972 1679 1002 a
1712 971 1810 1016 qua

398 1033 643 1078 devertere
701 1031 883 1078 nemini
940 1032 1148 1091 expedit,
1195 1032 1279 1092 qui
1338 1032 1610 1078 meminerit
1655 1033 1808 1080 futuri
1826 1054 1873 1078 10

391 1110 582 1171 judicii,
620 1125 716 1170 quo
762 1125 925 1156 omnes
971 1126 1058 1155 nos
1104 1126 1291 1156 necesse
1338 1117 1410 1156 est
1455 1112 1583 1170 apud
1626 1111 1809 1158 Christi

398 1188 612 1234 tribunal
636 1190 840 1241 adstare,
855 1189 1105 1234 reddentes
1129 1188 1363 1234 rationem
1389 1188 1439 1234 in
1463 1189 1633 1248 primis
1657 1188 1808 1248 ipsius

399 1266 522 1311 fidei.
593 1266 723 1319 Quid
778 1281 893 1327 ergo
938 1266 1114 1321 dicent,
1161 1266 1246 1326 qui
1293 1266 1423 1312 illam
1483 1266 1809 1326 stupraverint

399 1344 636 1390 adulterio
684 1344 920 1390 haeretico
954 1344 1193 1406 virginem
1236 1344 1463 1390 traditam
1505 1360 1534 1390 a
1571 1344 1766 1391 Christo
1785 1344 1807 1389 Ρ

400 1422 555 1468 Credo
585 1422 876 1483 allegabunt,
901 1422 1024 1467 nibil
1059 1437 1273 1481 unquam
1310 1421 1402 1468 sibi
1437 1422 1498 1468 ab
1532 1422 1615 1468 illo
1638 1424 1714 1468 vel
1747 1422 1808 1468 ab
1826 1440 1872 1479 15

398 1499 646 1559 Apostolis
681 1500 798 1560 ejus,
834 1501 892 1545 de
928 1499 1082 1545 saevis
1117 1498 1272 1562 [for-3.
1308 1498 1488 1545 scaevis
1522 1497 1726 1560 Junius]
1760 1506 1809 1545 et

399 1576 634 1636 perversis
669 1576 898 1622 doctrinis
922 1577 1100 1622 futuris
1135 1576 1543 1636 praenuntiatum,
1567 1582 1615 1622 et
1643 1577 1702 1622 de
1733 1591 1809 1622 ca-

399 1654 566 1700 vendis
581 1654 1008 1714 abominandisque
1024 1661 1346 1714 praeceptum.
1373 1653 1656 1716 Agnoscant
1670 1668 1805 1699 suam

400 1732 559 1792 potius
596 1734 801 1792 culpam,
840 1748 982 1792 quam
1025 1733 1212 1778 illorum
1253 1732 1338 1791 qui
1386 1747 1471 1777 nos
1517 1737 1653 1777 tanto
1698 1737 1809 1777 ante

399 1817 807 1872 praestruxerunt.
857 1810 1106 1871 Adjicient
1124 1816 1369 1870 praeterea
1395 1810 1548 1854 multa
1566 1809 1624 1854 de
1649 1814 1810 1854 aucto·
1825 1828 1874 1853 20

399 1888 542 1934 ritate
594 1889 825 1951 cujusque
879 1888 1086 1935 doctoris
1132 1887 1395 1942 haeretici3
1448 1887 1554 1932 illos
1602 1887 1809 1933 maxime

399 1967 643 2013 doctrinae
667 1983 780 2013 suae
805 1966 943 2013 fidem
971 1965 1287 2018 confirmasse,
1307 1972 1517 2011 mortuos
1542 1964 1808 2017 suscitasse,

400 2045 579 2091 debiles
624 2044 919 2095 reformasse,
962 2045 1128 2091 futura
1173 2042 1477 2106 significasse,
1519 2043 1593 2088 uti
1640 2041 1810 2088 merito

404 2122 624 2183 Apostoli
659 2123 976 2169 crederentur.
1047 2121 1199 2175 Quasi
1235 2137 1319 2167 nec
1357 2121 1443 2166 boc
1475 2120 1703 2180 scriptum
1731 2119 1807 2171 sit,

404 2207 628 2247 venturos
649 2202 839 2255 multos,
853 2200 937 2261 qui
962 2199 1105 2246 etiam
1127 2199 1329 2245 virtutes
1350 2198 1583 2243 maximas
1603 2198 1806 2252 ederent,
1826 2218 1872 2256 25

400 2280 460 2325 ad
501 2278 738 2325 fallaciam
781 2278 1089 2324 muniendam
1131 2283 1381 2336 corruptae
1427 2274 1806 2336 praedicationis.

402 2356 572 2417 Itaque
625 2356 812 2402 veniam
872 2355 1218 2401 merebuntur:
1278 2354 1361 2414 qui
1408 2369 1520 2399 vero
1577 2367 1809 2399 memores

402 2434 761 2481 Dominicarum
804 2441 853 2480 et
893 2432 1260 2493 apostolicarum
1293 2430 1713 2477 denunciationum
1757 2430 1806 2476 in

401 2512 492 2560 fide
521 2512 694 2575 integri
725 2511 959 2564 steterint,
984 2511 1123 2558 credo
1146 2511 1204 2556 de
1230 2509 1370 2556 venia
1395 2507 1808 2568 periclitabuntur,

402 2591 715 2651 respondente
733 2589 963 2635 Domino:
993 2587 1448 2634 Praenuntiaveram
1466 2587 1604 2646 plane
1621 2585 1806 2631 futuros
1821 2606 1872 2642 30

402 2669 614 2715 fallaciae
651 2667 905 2730 magistros
942 2667 989 2713 in
1016 2682 1121 2712 meo
1154 2665 1360 2720 nomine,
1385 2671 1432 2710 et
1459 2663 1805 2723 Prophetarum

402 2754 449 2791 et
481 2746 820 2806 Apostolorum
858 2744 1034 2798 etiam;
1082 2750 1129 2790 et
1164 2742 1455 2789 discentibus
1492 2740 1608 2787 meis
1643 2740 1804 2785 eadem

401 2825 460 2869 ad
487 2839 568 2869 vos
605 2823 875 2883 praedicare
912 2823 1281 2874 nnandaveram;
1317 2820 1460 2865 semel
1487 2815 1804 2880 Evangelium
