1988 3216
366 202 423 243 64
872 202 915 243 S.
950 201 1266 242 HIPPOLYTI

1407 309 1493 366 Εἷς
1531 309 1627 379 γὰρ
1653 309 1776 366 Getis*

378 397 388 412 2
553 394 574 414 φ
666 399 686 409 Α
878 396 891 413 Ι
1012 398 1023 413 2
1099 397 1110 412 9
1155 399 1166 414 ,
1219 396 1233 414 Ι
1433 397 1443 412 2
1557 394 1571 412 ἱ
1671 398 1682 414 )
1735 395 1748 412 Ι

365 419 499 448 εστιν
537 419 576 466 ῳ
615 397 680 446 δει
718 419 969 460 πιστευειν,
996 403 1098 448 αλλ
1139 419 1386 463 αγενητος,
1416 399 1621 461 απαθης,
1655 401 1772 449 αθα-

368 504 522 544 νατος,
547 479 707 533 πάντα
742 484 893 533 ποιῶν
924 483 988 537 ὡς
1028 481 1148 555 [fors.
1175 479 1236 553 ἃ]
1279 480 1416 544 θέλει,
1443 479 1599 537 καθὼς
1635 481 1774 545 θέλει,

366 589 443 618 οτε
468 565 612 618 θελει.

366 311 595 363 δείκνυται
634 311 744 375 ἡμῖν
774 310 1053 382 συμφώνως
1089 311 1324 379 εἰρημένα.

693 565 760 618 Τί
782 566 866 618 οὖν
891 565 1010 634 πρὸς
1035 572 1185 619 ταῦτα
1209 564 1444 632 τολμήσει
1471 566 1680 632 Νόητος,
1708 565 1775 633 μὴ

367 655 491 703 νοῶν
527 648 616 716 τὴν
651 649 910 716 ἀλήθειαν·
900 692 913 714 ,
960 651 1157 717 Ἐπειδὴ
1196 652 1280 703 ουν
1305 651 1394 717 ηδη
1430 653 1507 703 καὶ
1534 654 1560 704 ὁ
1587 651 1813 754 Νόητος5

365 736 727 804 ἀνατέτραπται,
765 735 980 802 ἔλθωμεν
1015 738 1091 790 ἐπὶ
1130 735 1218 802 τὴν
1255 739 1341 802 τῆς
1381 738 1605 802 ἀληθείας
1654 737 1773 790 ἀπό-

366 819 580 889 δειξιν,”
560 843 634 872 ινα
671 820 1001 887 συστήσωμεν
1026 819 1114 887 τὴν
1139 819 1380 888 ἀλήθειαν,
1407 821 1562 873 καθ’
1536 845 1592 887 ης
1621 827 1777 875 πᾶσαι

365 912 599 959 τοσαῦται
617 906 822 974 αιρέσεις
842 907 1137 974 γεγένηνται,
1157 906 1305 973 μηδεν
1326 904 1578 972 δυνάμεναι
1596 909 1753 959 εἰπεῖν.

442 988 502 1043 θ’.
560 989 646 1048 Εἷς
699 989 839 1056 Θεὸς,
885 1015 940 1045 ον
990 994 1074 1045 οὐκ
1123 993 1335 1044 ἄλλοθεν
1383 990 1774 1058 ἐπιγινώσκομεν,

366 1077 590 1147 ἀδελφοὶ,
623 1074 654 1142 ἢ
690 1075 800 1150 [ἐκ]
831 1082 930 1130 τῶν
955 1079 1106 1144 ἁγίων
1130 1082 1352 1148 γραφῶν.

367 1184 462 1213 πον
487 1160 568 1213 ε’άν
594 1185 664 1218 τις
701 1165 922 1233 βουληθῇ
960 1161 1048 1228 τὴν
1072 1164 1256 1232 σοφίαν
1287 1168 1369 1215 τοῦ
1401 1166 1570 1218 αἰῶνος
1606 1163 1778 1216 τούτου

1417 1076 1520 1129 AOv
1544 1076 1640 1145 γὰρ
1664 1075 1774 1146 τρό-
1795 1097 1843 1122 10

368 1248 552 1309 ἀσκεῖν,
582 1248 667 1299 οὐκ
704 1248 874 1305 ἄλλως
911 1248 1163 1315 δυνήσεται
1202 1249 1372 1301 τούτου
1403 1252 1576 1318 τυχεῖν,
1604 1248 1686 1301 ἐὰν
1709 1248 1777 1314 μὴ

369 1332 582 1399 δόγμασι
621 1333 916 1404 φιλοσόφων
953 1333 1138 1404 ἐντύχῃ,
1176 1334 1261 1387 τὸν
1300 1332 1446 1387 αὐτὸν
1490 1332 1547 1399 δὴ
1598 1334 1778 1402 τρόπον

370 1417 480 1470 ὅσοι
535 1416 807 1479 θεοσέβειαν
864 1419 1029 1471 ἀσκεῖν
1083 1417 1373 1483 βουλόμεθα,
1425 1420 1510 1471 οὐκ
1567 1418 1778 1471 ἄλλοθεν

370 1500 651 1568 ἀσκήσομεν
672 1500 704 1567 ἢ
731 1504 782 1555 ἐκ
811 1507 908 1555 τῶν
931 1503 1111 1570 λογίων
1137 1509 1222 1556 τοῦ
1249 1507 1392 1556 Θεοῦ.
1451 1501 1594 1556 ‘'Oc-a
1619 1504 1778 1556 τοίνυν
1795 1528 1841 1566 ι5

368 1586 705 1654 κηρύσσουσιν
730 1591 778 1639 αἱ
803 1591 918 1640 θεῖαι
953 1589 1156 1659 γραφαὶ,
1186 1588 1368 1653 ἴδωμεν,
1395 1590 1471 1640 καὶ
1511 1586 1608 1640 ὅσα
1645 1586 1774 1639 διδά-

367 1694 597 1735 σκουσιν,
638 1674 920 1739 ἐπιγνῶμεν,
961 1675 1037 1725 καὶ
1081 1675 1146 1729 ὡς
1183 1673 1309 1725 θέλει
1350 1671 1521 1742 Πατὴρ
1557 1672 1775 1726 πιστεύε-

367 1760 503 1822 σθαι,
543 1758 894 1823 πιστεύσωμεν,
932 1763 1008 1811 καὶ
1048 1760 1112 1815 ὡς
1149 1756 1276 1811 θέλει
1314 1757 1434 1811 Υὶὸν
1471 1756 1775 1826 δοξάζεσθαι,

368 1842 672 1911 δοξάσωμεν,
711 1846 788 1896 καὶ
831 1846 896 1901 ὡς
934 1843 1057 1897 θέλει
1091 1849 1290 1910 Πνεῦμα
1332 1842 1471 1911 ἅγιον
1508 1846 1775 1912 δωρεῖσθαι,

370 1966 481 2004 nobis
500 1971 601 2014 sunt,
621 1966 669 2005 de
687 1966 826 2018 quibus
845 1966 946 2006 inter
965 1980 1045 2006 om-

370 2033 438 2059 nes
466 2020 654 2059 convenit.
715 2020 827 2059 Unus
856 2021 959 2075 enim
987 2027 1046 2060 est

372 2074 488 2122 Deus,
518 2075 578 2113 cui
608 2075 760 2114 credere
788 2080 953 2126 oportet,
978 2076 1045 2115 sed

1101 1980 1197 2014 mus,
1217 1980 1333 2018 quam
1361 1979 1409 2005 ex
1437 1966 1579 2005 sanctis
1605 1965 1776 2017 Scriptu-

1101 2021 1164 2060 ris.
1229 2021 1562 2070 Quemadmodum
1603 2020 1706 2059 enim
1743 2021 1775 2059 si

1101 2075 1187 2127 quis
1228 2075 1344 2114 vellet
1389 2075 1616 2126 sapientiam
1662 2074 1776 2126 hujus

371 2129 577 2180 ingenitus,
617 2129 851 2180 impatibilis,
891 2130 1046 2169 immor-

370 2183 469 2231 talis,
490 2184 555 2235 qui
579 2184 708 2222 omnia
727 2184 816 2223 facit
835 2198 932 2236 quae
951 2185 1046 2231 vult,

369 2237 469 2276 sicut
483 2238 576 2285 vult,
592 2243 631 2276 et
646 2238 799 2289 quando
813 2239 906 2278 vult.
943 2239 1045 2288 Quid

370 2291 491 2344 igitur
523 2292 570 2330 ad
609 2291 701 2331 haec
732 2293 889 2332 audebit
921 2293 1046 2332 dicere

373 2345 534 2393 Noetus,
574 2359 649 2385 nou
694 2346 912 2398 intelligens
949 2347 1046 2386 veri-

370 2401 522 2439 tatem?
579 2399 897 2452 Quandoquidem
927 2400 1047 2452 igitur

371 2454 554 2493 haetenus
617 2454 767 2494 Noetus
828 2455 1047 2494 confutatus

370 2514 440 2556 cat,
462 2508 657 2547 veniamus
680 2509 728 2547 ml
753 2509 1046 2549 demonstratio—

371 2575 458 2601 nem
479 2563 678 2610 veritati03
711 2568 755 2603 ut,
779 2564 1047 2602 confimnemus

371 2617 583 2664 veritatem,
609 2593 743 2657 coxitm
766 2631 880 2671 quam
914 2623 975 2657 tot
1007 2623 1047 2657 ct

370 2677 499 2709 tautae
519 2670 692 2711 lmen-‚aes
710 2678 817 2712 ortae
835 2678 1046 2725 au11t‚quae

372 2724 464 2763 nihil
485 2725 610 2764 «licere
631 2732 849 2777 potuerunt.

429 2778 495 2817 IX.
542 2779 650 2817 Unus
689 2780 794 2819 Deus
832 2787 901 2829 est,
932 2794 1046 2833 quem

371 2846 445 2871 non
489 2833 652 2880 aliunde,
692 2834 837 2881 fratres,
875 2835 1045 2885 agnosci-

1101 2130 1239 2169 saeculi
1269 2142 1456 2177 exercere,
1476 2143 1553 2168 nou
1575 2129 1687 2168 aliter
1705 2129 1777 2168 hoc

1102 2184 1282 2235 consequi
1311 2184 1465 2235 poterit,
1495 2183 1567 2222 nisi
1596 2184 1778 2235 dogmata.

1103 2238 1417 2289 philosophorum
1446 2238 1578 2289 legat:
1612 2238 1666 2276 sic
1694 2237 1776 2289 qui-

1102 2306 1265 2344 cumque
1302 2293 1478 2331 volumus
1516 2292 1699 2343 pietatem
1735 2291 1775 2330 in

1102 2347 1229 2385 Deum
1275 2359 1462 2394 exercere,
1501 2359 1576 2385 non
1622 2346 1776 2385 aliunde

1101 2400 1300 2446 discemus,
1332 2413 1447 2451 quam
1485 2413 1533 2439 ex
1567 2399 1776 2451 Scripturis

1101 2455 1251 2494 divinis.
1288 2455 1545 2505 Quaecunque
1564 2467 1656 2506 ergo
1670 2467 1776 2493 sauc-

1100 2515 1162 2548 tae
1195 2508 1415 2560 Scripturac
1446 2508 1677 2559 praedicant,
1706 2508 1775 2546 sci-

1099 2577 1238 2611 amus;
1276 2569 1315 2602 et
1345 2576 1591 2615 quaecuuque
1624 2563 1774 2610 docent,

1101 2630 1373 2669 cognoscamus
1390 2631 1398 2656 :
1428 2622 1467 2657 et
1485 2617 1584 2657 sicut
1602 2617 1687 2656 vult.
1707 2616 1775 2655 Pa-

1101 2677 1161 2712 ter
1179 2671 1293 2718 credi,
1313 2671 1366 2710 sic
1385 2672 1583 2710 credamus
1599 2685 1609 2719 3
1639 2676 1677 2710 et
1705 2671 1775 2710 sic-

1102 2732 1146 2766 ut
1175 2726 1258 2765 vult
1288 2725 1428 2764 Filium
1467 2725 1681 2776 glorificari,
1721 2725 1775 2763 sic

1101 2780 1383 2831 glorificcnum;
1412 2786 1451 2819 et
1479 2780 1578 2818 sicut,
1597 2780 1679 2819 vuit
1708 2780 1773 2818 do-

1103 2834 1182 2873 nari
1206 2835 1393 2886 Spiritum
1419 2835 1612 2881 Saunctum,
1633 2834 1686 2873 sic
1715 2849 1773 2872 uc-
