2034 3204
429 975 854 1039 VETERUM
911 976 1482 1044 TESTIMONIA.

693 1367 801 1406 IMP.
831 1368 857 1407 J
860 1368 1028 1408 USTIN
1031 1369 1217 1419 IANUS,

254 1470 303 1510 In
322 1469 579 1520 Authentiois‚
599 1471 813 1512 Collatione
833 1484 889 1521 lx,
908 1472 968 1512 tit.
990 1472 1071 1521 xiii,
1090 1474 1137 1512 de
1154 1474 1434 1515 Eockmmticis
1451 1476 1610 1527 Romalis
1627 1483 1661 1516 ot

696 1542 931 1594 Pvdvileqiis,
950 1543 991 1582 in
1010 1543 1210 1596 principio.

218 1646 241 1686 ⁵
257 1626 568 1692 SANCIMUS
598 1647 726 1706 igitur
756 1648 885 1692 vinem
917 1649 1056 1707 legum
1083 1649 1271 1692 obtinere
1305 1656 1469 1693 sanctas
1499 1650 1661 1693 aedesi-

254 1721 404 1765 astioas
437 1722 616 1779 regulas,
645 1737 752 1779 quae
781 1737 808 1765 a
836 1723 988 1766 sanctis
1014 1730 1194 1780 quatuor
1228 1724 1418 1767 Conciliis
1449 1725 1661 1782 expositae

255 1798 352 1835 sunt
380 1797 454 1834 aut
482 1790 682 1834 firmatae.
743 1791 835 1835 Hoc
856 1797 919 1835 est
937 1791 981 1834 in
999 1792 1187 1835 Nioaena
1206 1807 1390 1836 cccxvm
1417 1799 1461 1836 et
1490 1793 1533 1836 in
1554 1794 1661 1839 Con-

255 1860 621 1918 stantinopolitana
639 1866 875 1904 sanctorum
896 1875 946 1904 οι.
960 1862 1145 1915 Patrum,
1161 1868 1204 1904 et
1223 1862 1266 1904 in
1287 1862 1499 1919 Ephesina
1513 1864 1660 1921 prima,

256 1930 298 1973 in
329 1944 411 1987 qua
446 1929 662 1972 Nestorius
693 1936 756 1972 est
783 1929 1014 1980 damnatus,
1040 1936 1084 1973 et
1114 1930 1157 1973 in
1189 1931 1480 1982 Chalcedonia‚
1512 1932 1556 1975 in
1579 1948 1663 1990 qua

196 2016 245 2042 10
257 2003 300 2042 et
320 1998 533 2056 Eutyches
563 2013 654 2040 cum
680 1998 874 2041 Nestorio
893 1999 1264 2043 anathematizatus
1288 2006 1363 2044 est.
1424 2002 1662 2046 Praedicta-

257 2082 349 2109 rum
398 2066 506 2109 enim
546 2072 725 2123 quatuor
775 2067 1039 2124 Synodorum
1089 2068 1298 2126 dogmata,
1346 2069 1451 2113 siout
1499 2077 1662 2114 sanctas

259 2135 506 2192 Scripturas,
537 2135 768 2191 accipimuS,
799 2142 842 2178 et
871 2137 1038 2194 regulas
1068 2136 1173 2180 sicut
1203 2137 1316 2196 leges
1346 2139 1624 2182 observamus.

421 2285 458 2324 S.
481 2285 798 2325 GREGORIUS
826 2286 878 2325 M.
901 2286 1172 2326 ROMANUS
1200 2287 1504 2327 EPISCOPUS.

407 2373 456 2411 In
476 2373 655 2425 Registro
675 2373 798 2424 Epist.
820 2374 883 2413 lib.
907 2386 934 2422 1,
954 2387 1034 2426 cap.
1057 2375 1161 2423 xxiv,
1182 2376 1228 2414 al.
1250 2388 1340 2422 xxv,
1361 2376 1401 2414 in
1420 2376 1505 2414 fine.

198 2480 244 2519 15
319 2471 530 2522 Qunnon
563 2470 891 2514 Concilia-tota
923 2472 1138 2515 devotione
1178 2471 1439 2528 complector,
1480 2472 1661 2529 integer·

257 2539 363 2581 rima
382 2539 680 2596 approbatione
700 2540 897 2582 custodio.
960 2540 1069 2591 Quia
1095 2540 1138 2582 in
1169 2539 1244 2588 his,
1262 2540 1376 2582 velut
1394 2541 1436 2582 in
1457 2540 1660 2597 quadrato

258 2607 406 2664 lapide,
434 2614 601 2650 sanctae
630 2607 726 2651 fidei
755 2614 965 2651 structura
994 2608 1218 2665 consurgit,
1240 2614 1283 2650 et
1310 2608 1526 2665 cujuslibet
1554 2608 1660 2651 vitae

257 2682 383 2732 atque
395 2675 566 2718 actionis
578 2690 723 2718 norma
738 2675 922 2719 exsistit:
955 2676 1138 2733 quisquis
1154 2690 1295 2718 eorum
1311 2676 1557 2720 soliditatem
1579 2692 1661 2719 non

259 2751 385 2793 tenet,
417 2743 541 2786 etiam
576 2743 609 2786 si
640 2743 743 2800 lapis
770 2759 859 2786 esse
888 2743 1084 2793 cernitur,
1115 2751 1254 2787 tamen
1282 2750 1403 2788 extra
1433 2745 1661 2788 aedificium

195 2831 246 2857 20
253 2813 376 2870 jacet.
418 2813 512 2855 Vid.
535 2828 574 2869 p.
597 2826 695 2868 515,
718 2819 816 2855 tom.
839 2827 870 2855 11
892 2813 1000 2870 Opp.
1024 2813 1065 2856 S.
1086 2813 1214 2871 Greg.
1236 2812 1335 2857 edit.
1360 2814 1615 2857 Benedictin.
