2034 3204
404 231 490 275 374

952 229 1261 273 CANONES

919 362 1197 412 ΚΑΝΩΝ
1246 355 1304 414 ς’.

539 454 553 472 Χ
600 457 612 471 ,
712 459 733 469 Α
800 455 823 473 ,ν
1065 455 1077 474 Ι
1224 452 1238 471 ἱ
1286 457 1297 471 ἱ
1400 455 1411 470 )
1464 451 1478 469 Ι
1680 453 1695 471 Χ

481 459 560 508 Τα
585 478 759 524 αρχαια
792 458 874 520 εθη
913 477 1157 523 κρατειτω,
1184 477 1245 507 τα
1274 477 1324 506 εν
1351 457 1582 523 Αιγυπτῳ
1620 474 1697 503 και
1724 454 1812 503 Λι-

460 540 473 558 !
579 543 594 560 x
822 538 833 555 Ι
962 538 985 556 ΡΙ
1123 538 1139 555 Χ
1226 542 1248 552 ⁶
1289 539 1301 555 2
1595 537 1608 555 Ι
1671 537 1682 553 ’
1780 538 1792 555 Ι

405 546 502 611 βυῃ
519 564 594 593 και
610 545 926 605 Πενταπολει,
945 562 1071 592 ωστε
1091 562 1176 592 τον
1190 562 1276 604 της
1311 536 1659 606 Αλεξανδρειας
1688 540 1811 589 Επι-

406 649 596 679 σκοπον
639 624 834 678 πάντων
870 623 1052 677 τούτων
1089 623 1209 694 ἔχειν
1246 622 1334 688 τὴν
1375 620 1619 691 ἐξουσίαν,
1659 619 1815 686 ἐπειδὴ

407 714 485 763 καὶ
509 715 577 782 τῷ
602 712 651 763 ἐν
676 712 734 779 τῇ
759 709 924 779 Ῥώμῃ
949 709 1236 781 Ἐπισκόπῳ
1264 715 1406 761 τοῦτο
1430 706 1632 773 σύνηθές
1663 708 1812 760 ἐστιν·
1829 721 1853 762 5

407 797 579 861 ὁμοίως
617 794 664 847 δὲ
697 797 775 847 καὶ
808 794 930 848 κατὰ
954 793 1041 861 τὴν
1066 793 1361 864 Ἀντιόχειαν
1394 796 1473 845 καὶ
1507 793 1556 844 ἐν
1586 796 1690 849 ταῖς
1721 790 1812 843 ἆλ-

407 888 516 937 λαις
552 881 813 950 ἐπαρχίαις,
840 879 901 933 τὰ
930 885 1165 949 πρεσβεῖα
1188 878 1432 946 σώζεσθαι
1467 882 1570 934 ταῖς
1601 877 1813 943 Ἐκκλη-

406 968 550 1022 σίαις.

625 964 855 1018 Καθόλου
880 964 929 1018 δὲ
954 966 1202 1035 πρόδηλον
1226 967 1389 1029 ἐκεῖνο,
1419 963 1491 1016 ὅτι
1514 962 1557 1015 εἵ
1576 986 1647 1019 τις
1671 965 1818 1033 χωρὶς

406 1050 603 1119 γνώμης
639 1057 725 1103 τοῦ
766 1052 1145 1121 Μητροπολίτου
1177 1050 1360 1118 γένοιτο
1384 1048 1704 1113 Ἐπίσκοπος,
1732 1047 1818 1102 τὸν

407 1142 622 1189 τοιοῦτον
647 1136 676 1201 ἡ
702 1134 892 1203 μεγάλη
919 1135 1129 1192 Σύνοδος
1154 1133 1300 1204 ὥρισε
1324 1132 1390 1200 μὴ
1417 1136 1510 1186 δεῖν
1535 1131 1650 1185 εἶναι
1674 1133 1813 1187 Ἐπί·
1835 1159 1884 1186 ιο

407 1245 613 1275 σκοπον.
653 1220 774 1274 Ἐὰν
792 1220 878 1288 μέν
897 1244 971 1274 τοι
995 1223 1055 1291 τῇ
1082 1222 1215 1291 κοινῇ
1239 1218 1434 1273 πάντων
1453 1218 1612 1291 ψήφῳ
1630 1217 1818 1292 εὐλόγῳ

408 1308 549 1376 οὔσῃ,
578 1309 656 1360 καὶ
691 1306 812 1360 κατὰ
845 1305 1024 1360 κανόνα
1056 1303 1476 1372 ἐκκλησιαστικὸν,
1514 1303 1599 1357 δύο
1631 1303 1661 1371 ἢ
1695 1310 1819 1375 τρεῖς

409 1392 464 1443 δι’
505 1392 676 1444 οἰκείαν
715 1393 1008 1463 φιλονεικίαν
1047 1390 1354 1459 ἀντιλέγωσι,
1389 1391 1616 1460 κρατείτω
1650 1391 1679 1456 ἡ
1722 1394 1818 1444 τῶν

408 1475 642 1530 πλειόνων
666 1480 854 1548 ψῆφος.

941 1597 1213 1647 ΚΑΝΩΝ
1255 1598 1314 1647 Ζ.
1834 1618 1882 1659 15

481 1690 677 1756 Ἐπειδὴ
702 1689 930 1757 συνήθεια
954 1689 1207 1759 κεκράτηκε
1236 1692 1314 1743 καὶ
1338 1689 1606 1759 παράδοσις
1630 1693 1817 1762 ἀρχαία,

408 1773 535 1828 ὥστε
571 1774 656 1828 τὸν
688 1776 738 1827 ἐν
764 1776 913 1846 Αἶλίᾳ
940 1775 1245 1829 Ἐπίσκοπον
1279 1779 1524 1843 τιμᾶσθαι,
1555 1776 1699 1846 ἐχέτω
1731 1776 1820 1844 τὴν

407 1861 695 1913 ἀκολουθίαν
727 1863 813 1926 τῆς
846 1863 997 1927 τιμῆς,
1023 1862 1082 1930 τῇ
1114 1862 1406 1931 μητροπόλει
1431 1859 1705 1928 σωζομένου
1733 1868 1820 1916 τοῦ

409 1946 574 1999 οἰκείου
599 1945 887 2015 ἀξιώματος.

598 2103 791 2144 CANON
821 2103 891 2143 VI.

465 2158 640 2211 Antiqua
680 2159 916 2198 consuetudo
961 2172 1085 2198 serve-

410 2219 475 2252 tur
503 2227 572 2264 per
596 2213 832 2266 Aegyptum,
854 2213 1026 2264 Libyam,
1047 2218 1086 2253 et

412 2267 663 2319 Pentapolim,
694 2268 749 2306 ita
778 2273 823 2307 ut
856 2267 1086 2307 Alexandri-

411 2334 483 2360 nus
514 2321 728 2373 Episcopus
751 2322 889 2360 horum
913 2322 1086 2361 omnium

410 2375 548 2416 habeat
571 2380 813 2427 potestatem,
838 2376 928 2427 quia
957 2381 996 2415 et
1023 2389 1087 2414 ur-

409 2430 470 2469 bis
521 2430 667 2470 Romae
716 2430 906 2482 Episcopo
956 2430 1086 2482 parilis

411 2497 494 2524 mos
531 2489 599 2524 est.
658 2484 845 2524 Similiter
880 2490 1010 2525 autem
1048 2490 1087 2524 ct

409 2539 511 2591 apud
566 2538 814 2579 Antiochiam
869 2544 1088 2591 ceterasque

410 2593 636 2644 provincius,
668 2593 747 2632 suis
783 2593 983 2645 privilegiu
1011 2607 1088 2633 scr-

415 2654 553 2686 ventur
578 2647 767 2687 Ecclesiis.
826 2648 930 2687 Illud
958 2653 1087 2687 autem

415 2702 644 2751 generaliter
666 2702 810 2741 clarum
834 2707 902 2751 cst,
923 2703 1025 2755 quod
1055 2702 1087 2741 si

415 2756 501 2806 quin
521 2762 673 2807 practer
694 2757 923 2795 sententium
946 2757 1089 2797 Metro-

417 2810 574 2860 politnni
598 2810 711 2849 stu-rit
732 2811 852 2850 fautus
867 2811 1089 2863 1¹2piscopus,

416 2863 515 2903 huuc
545 2877 681 2913 mugitu
711 2865 888 2915 synodus
918 2865 1091 2905 ‹leflnivit

1142 2106 1379 2158 Episcopum
1408 2120 1490 2146 csse
1520 2119 1597 2146 non
1627 2111 1815 2158 oportere.

1142 2160 1211 2199 Sin
1257 2166 1388 2200 autom
1431 2174 1475 2200 co
1489 2161 1625 2199 nmuni
1663 2167 1819 2201 cuncto-

1141 2228 1228 2253 rum
1256 2216 1411 2254 decreto
1439 2175 1669 2264 raitionabilt
1694 2221 1734 2255 et
1761 2230 1819 2255 se-

1141 2270 1310 2308 cundum
1365 2270 1657 2309 ecclesiasticam
1707 2284 1819 2323 regu-

1141 2323 1219 2362 lam
1247 2325 1508 2375 comprobato,
1533 2325 1609 2363 duo
1633 2330 1700 2364 aut
1727 2330 1818 2373 tres,

1142 2382 1301 2429 propter
1330 2378 1594 2418 contentiones
1632 2378 1818 2431 proprias,

1142 2431 1420 2480 contradicunt,
1458 2433 1630 2473 obtineat
1669 2438 1820 2474 senten-

1142 2486 1198 2526 tia
1215 2486 1479 2538 plurimorum.

1325 2570 1518 2611 CANON
1546 2570 1641 2611 VII.

1197 2642 1298 2692 Quia
1327 2643 1562 2682 consuetudo
1590 2642 1758 2683 obtinuit
1781 2648 1821 2683 et

1143 2696 1301 2748 antiqua
1320 2697 1489 2744 traditio,
1509 2701 1554 2737 ut
1573 2696 1707 2737 Aeliae
1727 2698 1819 2750 Epi-

1145 2764 1281 2803 scopus
1300 2751 1520 2798 honoretur,
1540 2751 1678 2791 habeat
1699 2752 1819 2791 hono-

1146 2806 1198 2844 ris
1241 2806 1562 2857 cousequcntimn,
1601 2806 1705 2845 salva
1741 2820 1820 2845 mc-

1146 2859 1284 2911 tropoli
1306 2860 1462 2911 propria
1481 2859 1679 2912 dignitato.
