2034 3204
416 248 499 293 196
853 248 1384 292 ANNOTATIONES

473 356 521 397 P.
544 369 635 411 133.
658 355 686 397 l.
709 368 774 398 21.
797 355 1043 411 Novissime]
1067 357 1303 413 Opponitur
1322 358 1433 399 viris
1452 357 1711 405 exercitatis,
1733 370 1818 405 seu,

414 413 526 469 quod
546 413 674 455 habet
694 428 820 470 supra
835 413 1129 464 Tertullianus,
1147 429 1236 470 cap.
1250 427 1291 470 3,
1308 415 1588 456 usitatissimi
1606 415 1655 455 in
1675 414 1820 455 Eccle-

413 472 499 521 sia,
514 470 586 512 ubi
603 470 646 512 in
662 471 758 513 edit.
775 471 963 527 principe
978 476 1115 513 exstat
1129 473 1418 514 vetustissimi.
1457 471 1542 514 Sed
1557 477 1600 513 et
1614 472 1820 513 Praxeam

414 527 449 570 is
478 528 539 570 ita
567 528 799 584 compellat,
822 533 832 552 ‘
847 527 1089 577 Novissime,
1118 528 1190 584 qui
1217 528 1365 571 Filium
1393 529 1474 571 Dei
1501 543 1668 571 carnem
1692 529 1821 570 inter-

416 590 430 609 ‘
449 587 641 642 pretaris‚
662 585 813 628 exhibe
833 585 905 641 qui
924 585 978 627 sit
998 585 1126 627 Filius
1146 585 1332 634 hominis,
1355 592 1428 628 aut
1447 586 1634 642 nunquid
1653 586 1821 642 spiritus
1836 594 1858 634 5

417 651 427 665 ¹
450 643 531 684 erit
544 645 574 684 P'
605 657 694 699 cap.
728 653 794 697 27.
854 643 1139 692 Novis-simus,
1169 644 1369 692 novitius,
1400 642 1574 700 Anglice
1604 659 1634 686 a
1662 645 1820 686 novica.

415 701 635 743 Novitiolc
653 699 831 756 positum
852 705 915 742 est
934 700 978 741 in
998 699 1066 741 lib.
1090 700 1144 741 de
1165 699 1437 751 Poenitentia‚
1459 715 1547 756 cap.
1565 702 1605 742 6.

475 758 522 799 P.
544 770 639 813 134.
661 758 689 799 1.
711 771 746 798 1.
776 757 1078 813 quodcumque]
1111 757 1292 799 Mutavit
1314 757 1358 799 in
1383 759 1660 814 quodcunque
1681 757 1824 814 Rigal-

416 814 512 864 tius,
533 814 657 870 quod,
679 822 805 871 q‘uum
826 814 960 856 minus
980 814 1236 856 commodum
1257 814 1322 864 sit,
1339 815 1543 871 ablegavi.

477 872 583 914 Ibid.
619 872 645 914 l.
678 886 718 929 3.
750 878 809 920 tu,
841 871 912 928 qui
946 871 1120 928 perinde
1156 872 1339 928 quaeris]
1374 873 1466 914 Hoc
1501 886 1593 914 cum
1633 873 1748 928 Lupo
1783 877 1826 914 et
1843 894 1890 919 10

418 929 640 971 Thomasio
671 944 749 986 pro
784 929 960 986 pristina
988 944 1088 972 voce
1111 931 1298 986 proinde
1335 930 1478 987 posui;
1525 944 1649 986 quam
1685 935 1826 972 tamen

418 987 540 1029 simili
558 986 603 1028 in
622 1001 746 1029 causa
764 986 876 1029 infra
895 987 1037 1037 habes,
1053 987 1127 1029 sed
1145 987 1322 1029 fortasse
1342 987 1598 1030 correctione
1619 993 1823 1044 egentem.

422 1044 571 1088 Omisit
591 1051 730 1087 autem
750 1046 827 1101 qui
847 1044 934 1087 sine
955 1059 1079 1087 causa
1099 1045 1250 1102 Lupus.

478 1102 586 1144 Ibid.
615 1102 642 1144 l.
666 1116 729 1157 19.
760 1102 922 1159 qualem
952 1102 1076 1145 fidem
1109 1102 1336 1160 disputant]
1372 1102 1412 1144 h.
1442 1117 1478 1144 e.
1511 1102 1674 1158 qualem
1704 1101 1826 1145 fidem

420 1160 588 1203 fallaces
618 1160 856 1202 disserendo
892 1160 1133 1202 defendunt.
1207 1161 1351 1202 Habes
1385 1165 1541 1216 postea,
1574 1159 1616 1201 in
1647 1174 1735 1217 cap.
1757 1173 1826 1214 40,
1846 1182 1892 1221 15

421 1224 433 1242 ‘
454 1217 589 1260 Aliter
609 1232 702 1260 eum
726 1217 1003 1274 [Creatorem]
1025 1217 1235 1260 disserunt·
1252 1231 1375 1274 quam
1396 1217 1438 1259 in
1459 1232 1558 1260 vero
1579 1220 1667 1260 est.'

478 1275 526 1316 P.
552 1287 648 1332 135.
680 1275 707 1317 l.
737 1288 778 1331 5.
811 1275 934 1318 aliter
965 1275 1170 1318 ineundae
1205 1274 1526 1330 constitutionis]
1570 1275 1647 1317 Est
1681 1273 1830 1317 consti-

422 1332 527 1376 tutio
547 1332 683 1389 prima
702 1347 919 1376 causarum
941 1333 1156 1383 conflictio,
1178 1347 1286 1389 quae
1305 1338 1437 1375 status
1457 1332 1704 1433 ΞΕΡΘΠΜΠΓ.
1761 1331 1830 1374 Ad

422 1391 580 1433 Heren.
602 1390 674 1433 lib.
700 1405 727 1432 1.
790 1395 801 1415 ‘
819 1391 936 1433 Haec
965 1390 1152 1433 exoratio
1178 1390 1222 1432 in
1249 1390 1458 1447 conjectur
1502 1390 1510 1398 '
1541 1388 1830 1432 constitutione

424 1454 435 1472 ‘
457 1462 604 1491 causae
635 1447 766 1490 ferme
801 1462 965 1504 semper
994 1448 1227 1490 necessaria
1256 1451 1346 1491 cst.’
1407 1447 1552 1491 Cicero
1582 1447 1635 1490 de
1668 1447 1828 1490 Invent.
1846 1469 1894 1493 20

425 1512 435 1529 ‘
459 1505 782 1548 Constitutiones
815 1505 928 1562 apud
957 1505 1148 1548 rhetores
1179 1511 1276 1548 sunt
1305 1510 1495 1562 quatuor,
1527 1504 1828 1562 conjecturalis,

426 1571 436 1587 ‘
459 1563 683 1610 definitiva,
704 1563 924 1620 generaliS‚
951 1563 1208 1614 translativa„
1238 1578 1344 1619 quae
1374 1568 1507 1605 status
1537 1562 1661 1605 etiam
1691 1562 1832 1605 dicun-

425 1629 435 1645 ‘
461 1621 556 1664 tur.'
615 1620 987 1664 DELACERDA.

429 1677 892 1780 SEIbipdAEIiznduxerim]
947 1678 996 1720 Id
1046 1683 1122 1727 est,
1173 1676 1306 1720 videri
1359 1677 1565 1734 potuerim
1619 1677 1828 1720 inducere.

488 1793 594 1837 Ibid.
617 1794 644 1836 l.
663 1794 702 1836 8.
722 1799 817 1851 post
835 1808 959 1835 unam
980 1792 1298 1849 correptionem]
1324 1793 1420 1835 Vid.
1442 1798 1527 1835 not.
1549 1792 1603 1835 ad
1623 1806 1658 1835 c.
1677 1793 1719 1834 6.

488 1851 594 1894 Ibid.
624 1851 652 1894 l.
679 1865 743 1894 10.
773 1850 990 1894 interdixit
1018 1850 1357 1907 disputationem]
1395 1851 1616 1908 Reponere
1645 1864 1697 1893 ex
1727 1849 1834 1893 libro

429 1909 508 1952 scri
541 1915 584 1951 to
603 1910 895 1966 disputationi
915 1908 1004 1951 vult
1024 1907 1292 1951 Wouwerius.

491 1966 511 2008 I
543 1966 597 2010 id.
619 1966 646 2009 l.
667 1979 735 2022 25.
759 1966 914 2010 Variae
934 1965 1303 2024 praesumptiones]
1325 1965 1546 2009 Theodoro
1569 1965 1751 2008 Cantero
1771 1979 1834 2007 as-

431 2024 587 2068 sentior
607 2024 761 2091 legenti
776 2039 916 2067 vanae
930 2023 1296 2081 praesumptiones.
1357 2022 1614 2073 Necessario,
1631 2028 1674 2066 et
1693 2036 1835 2065 sensus
1848 2041 1899 2078 30

432 2083 492 2126 ita
512 2088 575 2125 cst
595 2081 838 2125 ev1dentior.
897 2082 925 2124 J
931 2082 1014 2124 UN
1018 2081 1128 2124 IUS.

493 2141 540 2182 P.
563 2154 574 2182 ι
583 2142 653 2197 36.
678 2139 703 2182 l.
720 2153 763 2196 5.
785 2139 950 2183 diversa.
1004 2144 1096 2182 arte
1116 2144 1342 2188 statutum;
1374 2143 1488 2180 certe
1515 2137 1568 2180 de
1621 2137 1684 2180 ari
1711 2136 1836 2180 alter-

433 2197 593 2242 catione
625 2196 821 2240 incertior
852 2153 1042 2251 discedit]
1081 2196 1148 2239 Ita
1178 2210 1222 2239 se
1255 2196 1411 2239 habent
1442 2195 1561 2238 editt.
1639 2194 1838 2252 igaltiana

433 2255 701 2312 antiquioreS‚
722 2254 799 2297 nisi
818 2254 929 2311 quod
954 2263 994 2298 et
1021 2268 1098 2311 pro
1124 2255 1176 2297 dc
1203 2253 1424 2296 nonnullae
1451 2267 1593 2296 earum
1623 2252 1833 2296 exhibent.

436 2313 580 2357 Posuit
610 2326 709 2355 vero
745 2312 965 2370 Rigalfius,
1002 2318 1012 2335 ‘
1027 2312 1213 2354 adversa
1257 2316 1389 2368 parte,
1422 2318 1541 2354 stam
1579 2318 1688 2353 certe
1711 2311 1836 2366 pari,
1850 2324 1900 2364 35

435 2377 448 2397 ⁴
465 2370 734 2415 altercatione
754 2369 948 2413 incertior
964 2368 1173 2412 discedet.'
1237 2369 1321 2412 Sed
1342 2369 1516 2411 alteram
1537 2367 1752 2411 lectionem
1772 2382 1838 2411 re-

437 2428 572 2473 stituit
591 2427 633 2471 in
649 2426 829 2471 editione
849 2441 924 2470 sua
941 2427 1001 2469 Lu
1034 2441 1093 2469 us.
1135 2426 1191 2469 Et
1207 2426 1312 2468 hanc
1329 2425 1500 2468 eandem
1522 2425 1837 2483 praeferendam

437 2487 557 2537 duco,
573 2484 649 2529 nisi
666 2485 778 2543 quod
799 2485 940 2542 legere
957 2440 1091 2534 velim,
1107 2499 1138 2526 a
1153 2484 1327 2527 diversa
1341 2491 1484 2540 parte,
1507 2497 1632 2540 quum
1649 2482 1789 2526 littera
1808 2498 1839 2525 a

438 2544 479 2587 in
500 2558 598 2587 voce
617 2544 817 2593 adversa,
834 2556 956 2600 quam
979 2542 1106 2585 habet
1127 2540 1346 2599 Rigaltius,
1363 2541 1494 2584 latere
1510 2540 1712 2583 videatur.
1772 2540 1838 2583 Ad

438 2616 577 2645 vocem
611 2602 785 2644 diversa
816 2599 927 2658 quod
965 2598 1129 2650 attinet,
1162 2599 1290 2643 habes
1320 2598 1441 2649 infra,
1477 2607 1487 2621 ·
1508 2598 1639 2641 locum
1679 2597 1839 2641 interea
1853 2617 1903 2652 40

438 2667 448 2684 ‘
471 2659 616 2704 demus
633 2660 829 2702 diversae
843 2657 998 2715 parti?
1017 2671 1107 2715 cap.
1126 2668 1192 2700 22.

500 2716 604 2759 Ibid.
637 2716 664 2759 1.
693 2729 756 2773 ¹3·
792 2716 906 2774 Ergo
937 2730 1017 2757 non
1053 2714 1106 2758 ad
1138 2713 1374 2771 Scripturas
1408 2712 1713 2771 provocandum
1750 2713 1832 2769 est]

443 2773 778 2823 l‘robibitionem‚
800 2787 883 2830 qua
902 2779 1071 2816 cavetur
1099 2771 1336 2830 provocatio
1358 2771 1412 2814 ad
1434 2771 1583 2814 Sacrae
1604 2769 1841 2826 Scripturas

439 2831 493 2874 ab
524 2831 602 2874 illis
631 2830 942 2888 interponenda,
964 2830 1032 2888 qui
1064 2830 1228 2872 easdem
1253 2828 1377 2871 variis
1407 2827 1537 2871 modis
1567 2826 1839 2893 corruperint,

441 2895 513 2931 aut
529 2889 650 2931 ctiam
667 2887 815 2944 pnrtim
831 2887 1170 2943 abjudicaverim,
1185 2885 1390 2943 suggessit
1408 2899 1581 2942 magnus
1597 2898 1840 2942 omnigenae
1853 2899 1903 2935 45

1848 1750 1896 1788 25
