1988 3216
534 284 772 329 CONTRA
805 283 1109 327 HAERESIM
1143 283 1338 326 NOETI.

1582 285 1637 328 79

235 391 523 461 Ναζαραῖος,
550 394 576 445 ὁ
599 393 648 444 ἐν
670 395 809 462 Κανᾷ
832 393 882 443 ἐν
902 389 1073 458 γάμοις
1098 391 1306 455 κληθεὶς,
1327 392 1404 442 καὶ
1428 388 1485 442 τὸ
1513 390 1638 457 ὕδωρ

233 480 296 533 εὶς
325 474 452 529 οἶνον
475 476 780 542 μεταβαλὼν,
809 478 886 528 καὶ
922 474 1159 544 θαλάσσῃ
1192 473 1284 527 ὑπὸ
1309 475 1420 537 βίας
1453 473 1639 538 ἀνέμων

233 562 477 632 κινουμένῃ
509 564 750 628 ἐπιτιμῶν,
779 564 855 615 καὶ
888 563 964 614 ἐπὶ
989 559 1251 626 θαλάσσης
1275 563 1548 628 περιπατῶν
1575 560 1638 612 ὡς

231 649 307 701 ἐπὶ
333 646 484 716 ξηρᾶς·
509 650 615 714 γῆς,
638 649 713 699 καὶ
739 645 930 718 τυφλὸν
947 647 996 698 ἐκ
1023 648 1212 713 γενετῆς
1237 647 1354 716 ὁρᾷν
1369 649 1539 708 ποιῶν,
1563 646 1640 695 καὶ

197 747 220 786 5
234 732 398 800 νεκρὸν
436 730 657 801 Λάζαρον
693 730 1009 800 τετραήμερον
1045 732 1273 794 ἀνιστῶν,
1302 731 1380 782 καὶ
1417 730 1640 784 ποικίλας·

232 816 448 882 δυνάμεις
473 819 736 880 ἀποτελῶν,
763 820 840 869 καὶ
865 817 1096 885 ἁμαρτίας
1120 818 1275 886 ἀφεὶς,
1305 817 1381 868 καὶ
1410 813 1640 884 ἐξουσίαν

232 899 388 958 διδοὺς
423 906 671 968 μαθηταῖς,
701 904 776 954 καὶ
815 900 931 967 αἷμα
969 903 1045 953 καὶ
1085 902 1211 969 ὕδωρ
1232 899 1291 970 ἐξ
1314 901 1454 968 ἁγίας
1486 908 1635 952 πλευ·

231 991 319 1055 ρᾶς
367 986 559 1056 ῥεύσας,
614 986 772 1056 λόγχῃ
829 987 997 1053 νυγείς.

1078 985 1266 1039 Τούτου
1314 984 1455 1056 χάριν
1505 985 1641 1050 ἥλιος

232 1070 512 1139 σκοτίζεται,
553 1070 702 1140 ἡμέρα
747 1073 801 1124 οὐ
844 1068 1108 1142 φωτίζεται,
1149 1070 1408 1140 ῥήγνυνται
1452 1069 1635 1138 πέτραι,

174 1182 221 1207 10
233 1155 443 1226 σχίζεται
481 1156 843 1221 καταπέτασμα,
877 1155 938 1208 τὰ
975 1155 1168 1221 θεμέλια
1206 1158 1296 1223 γῆς
1333 1156 1524 1219 σείεται,
1553 1156 1637 1207 ἀν·-

233 1242 443 1308 οίγονται
480 1240 626 1312 τάφοι
663 1243 741 1294 καὶ
785 1241 1042 1309 ἐγείρονται
1087 1243 1258 1309 νεκροὶ,
1301 1242 1378 1293 καὶ
1415 1240 1640 1310 ἄρχοντες

233 1325 647 1396 καταισχύνονται,
670 1325 754 1378 τὸν
779 1324 876 1394 γὰρ
896 1324 1014 1396 [fors.
1031 1324 1116 1378 τόν
1140 1324 1226 1398 γε]
1251 1324 1532 1394 κοσμήτορα
1555 1331 1641 1378 τοῦ

231 1409 412 1467 παντὸς
439 1412 516 1464 ἐπὶ
545 1417 759 1480 σταυροῦ
791 1411 1056 1472 βλέποντες
1081 1409 1402 1476 καμμύσαντα
1433 1409 1518 1463 τὸν
1543 1412 1636 1481 ὀφ-

232 1495 422 1562 θαλμὸν
446 1499 524 1549 καὶ
561 1495 921 1564 παραδώσαντα
948 1495 1005 1549 τὸ
1039 1501 1242 1561 πνεῦμά
1285 1499 1458 1548 ἰδοῦσα
1485 1496 1513 1561 ἡ
1539 1497 1637 1548 κτί-

173 1602 220 1640 ¹5
233 1603 312 1635 σις
333 1579 648 1649 ἐταράσσετο,
671 1582 749 1633 καὶ
773 1579 862 1647 τὴν
881 1583 1028 1634 αὑτοῦ
1054 1580 1465 1650 ὑπερβάλλουσαν
1490 1579 1641 1650 δόξαν

232 1668 452 1736 χωρῆσαι
491 1667 546 1719 οὑ
585 1666 820 1732 δυναμένη
857 1665 1138 1734 ε’σκοτίζετο.

1220 1666 1380 1723 Οὗτος
1407 1668 1640 1738 ἐμφυσῶν

234 1751 401 1804 δίδωσι
425 1749 480 1804 τὸ
509 1755 707 1817 Πνεῦμα
730 1755 982 1817 μαθηταῖς,
1013 1754 1088 1803 καὶ
1114 1755 1271 1820 θυρῶν
1297 1751 1640 1816 κεκλεισμένων

232 1926 353 1960 raeus,
373 1913 439 1964 qui
462 1915 502 1952 in
522 1913 627 1952 Cana
646 1914 838 1953 Galilaeae
857 1914 905 1952 ad

232 1967 386 2018 nuptias
415 1972 582 2015 vocatus,
610 1982 749 2019 aquam
782 1968 822 2005 in
852 1968 906 2006 vi-

233 2034 327 2059 num
345 2022 532 2061 matavita
546 2036 558 2070 3
583 2028 621 2061 et
640 2036 745 2060 mare
760 2022 798 2060 vi
817 2036 906 2060 ven-

233 2080 362 2114 torum
404 2076 594 2126 agitatum
637 2074 880 2127 increpavitb
898 2089 908 2123 ;

233 2134 272 2167 et
302 2142 417 2180 super
444 2143 549 2168 mare
578 2136 762 2181 tanquam
797 2144 913 2181 super

233 2188 376 2222 terram
390 2183 528 2222 siccam
547 2185 800 2231 ambulavit⁰5
829 2198 912 2223 cae-

233 2250 321 2275 cum
345 2251 368 2275 a
391 2238 593 2277 nativitate
612 2239 742 2277 videre
761 2236 882 2278 fecitd
898 2252 908 2285 ;

234 2291 422 2330 Lazarum
453 2292 535 2342 jam
563 2293 770 2344 quatriduo
807 2306 909 2331 mor-

232 2350 344 2384 tuum
382 2346 612 2395 excitavite3
653 2347 758 2385 varia
794 2347 909 2384 mira-

232 2400 317 2438 cula
345 2400 466 2439 edidit
484 2414 495 2447 ;
531 2406 687 2451 peccata
709 2400 909 2448 remisitf;

232 2454 339 2492 dedit
376 2453 575 2505 Apostolis
612 2460 844 2506 potestatem
862 2463 908 2503 35

232 2507 362 2546 lancea
401 2508 500 2547 ictus
532 2509 757 2560 sanguinem
795 2514 834 2548 et
871 2523 909 2548 a·

233 2560 372 2612 quumh
391 2575 440 2600 ex
459 2563 577 2602 latere
589 2563 700 2602 fudit.
748 2564 911 2614 Propter

233 2615 334 2654 hunc
377 2617 433 2654 sol
474 2617 754 2656 obtenebrescit
768 2616 790 2664 ἱ,
829 2618 910 2656 dies

277 2756 291 2772 ¹
312 2751 393 2782 Joh.
410 2751 442 2782 ii.
459 2761 490 2793 9.
579 2750 595 2772 ¹²
618 2752 745 2783 Matth.
762 2752 830 2783 viii.
850 2752 899 2784 26.

962 1927 1038 1952 non
1102 1914 1351 1960 illuminatur,
1408 1920 1642 1965 rumpuntur

962 1966 1128 2019 petrae¹¹‚
1159 1968 1346 2006 scinditur
1375 1967 1528 2015 velum¹‚
1557 1968 1641 2006 fun-

962 2023 1142 2060 damenta
1189 2027 1314 2060 terrae
1360 2022 1588 2073 quatiuntur
1601 2030 1641 2070 ¹¹¹,

967 2076 1193 2127 aperiuntur
1220 2076 1430 2127 sepulchra,
1451 2082 1490 2115 et
1518 2090 1642 2115 resur·

968 2135 1066 2181 gunt
1094 2130 1237 2168 mortui
1256 2144 1267 2178 3
1296 2135 1335 2169 et
1362 2131 1555 2182 principes
1573 2144 1643 2182 pu·

968 2185 1061 2223 dore
1088 2184 1335 2223 afficiuntur¹¹
1364 2198 1484 2236 quum
1509 2185 1643 2226 vident

964 2238 1004 2276 in
1043 2252 1154 2277 cruce
1192 2252 1279 2276 eum
1316 2239 1382 2290 qui
1419 2239 1642 2278 universum

963 2293 1126 2340 ornavit,
1155 2293 1396 2331 claudentem
1433 2294 1574 2341 oeulos,
1603 2299 1643 2333 et

962 2347 1179 2386 tradentem
1191 2347 1381 2398 spiritum.
1404 2347 1511 2386 Haec
1523 2361 1643 2399 quum

965 2406 1140 2440 creatura
1179 2401 1337 2449 videret,
1374 2403 1565 2450 turbatur,
1603 2409 1643 2443 et

964 2469 1084 2506 quum
1103 2455 1265 2506 gloriam
1290 2456 1392 2494 illius
1411 2469 1546 2508 capere
1564 2470 1641 2495 non

965 2516 1094 2560 posset
1103 2517 1132 2557 ⁰,
1160 2510 1337 2548 tenebras
1369 2510 1441 2548 sibi
1479 2511 1642 2550 obduce-

963 2565 1040 2603 bat.
1096 2564 1173 2601 Hic
1187 2563 1382 2602 insufflans
1396 2564 1462 2602 dat
1477 2565 1643 2616 discipu·

965 2618 1012 2655 lis
1041 2617 1259 2668 Spiritumt’
1288 2623 1326 2656 et
1349 2618 1478 2669 januis
1505 2619 1642 2658 clausis

990 2759 1004 2774 ⁰
1028 2753 1156 2785 Matth.
1173 2754 1240 2785 xiv.
1260 2763 1310 2793 ²5·
1410 2753 1425 2775 ⁸¹
1447 2754 1528 2786 Joh.
1546 2755 1591 2786 ix.
1611 2763 1639 2795 7.

232 2799 246 2815 e
267 2793 347 2826 Joh.
364 2795 408 2826 xi.
422 2807 475 2834 44.
498 2795 554 2826 xii.
576 2803 624 2835 17.
726 2796 738 2816 f
757 2795 884 2827 Matth.
901 2796 946 2827 ix.
966 2806 994 2827 2.
1010 2795 1041 2827 6.
1142 2803 1157 2823 Ε
1181 2797 1306 2828 Matth.
1324 2798 1391 2829 xvi.
1407 2807 1418 2829 1
1448 2822 1455 2829 .
1479 2798 1569 2830 xviii.
1590 2799 1638 2830 18.

233 2837 313 2869 Joh.
330 2848 386 2869 xx.
405 2847 455 2869 υ.
557 2837 572 2859 ¹¹
596 2838 676 2869 Joh.
693 2839 761 2870 xix.
781 2849 831 2879 34.
965 2839 1092 2871 Matth.
1111 2840 1213 2871 xxvii.
1232 2850 1283 2880 45.
1374 2841 1390 2863 ¹¹
1434 2842 1466 2873 d.
1484 2852 1568 2873 vers.
1588 2851 1638 2881 51.

235 2880 242 2902 ¹
271 2881 376 2912 Idem.
482 2887 505 2902 ¹¹¹
528 2882 579 2913 Id.
597 2893 680 2914 vers.
699 2892 750 2922 52.
862 2889 877 2904 ¹¹
903 2883 1009 2920 Idem,
1027 2894 1110 2914 vers.
1131 2893 1180 2923 54.
1286 2891 1300 2906 ⁰
1325 2885 1451 2917 Matth.
1468 2886 1569 2917 xxvii.
1587 2896 1639 2925 45.

235 2930 250 2951 ¹·
272 2924 351 2956 Joh.
368 2936 423 2956 xx.
444 2935 492 2956 22.
