2034 3204
426 226 511 269 416
547 226 762 269 ANNOT.
797 227 860 267 IN
893 226 1166 268 CANONES
1198 225 1445 268 NICAENI
1477 225 1752 268 CONCILII.

433 333 582 390 quibus
614 338 751 375 exstat
787 333 931 385 ὁμοίως
964 331 1355 385 παραφυλάττεσθαι,
1391 331 1489 373 dum
1530 331 1653 388 vulgo
1689 330 1840 384 φυλάτ-

434 394 586 440 τεσθαι,
617 390 704 432 sine
725 391 880 442 ὁμοίως,
912 389 1088 446 positum
1109 394 1183 430 est.
1237 389 1322 431 Sed
1343 389 1484 440 ὁμοίως
1503 394 1546 431 et
1566 388 1841 442 φυλάττεσθαι

433 448 550 490 nobis
565 453 780 504 praestant
794 448 822 490 J
825 462 978 489 oannes
994 446 1275 488 Antiochenus
1290 446 1332 487 in
1349 445 1597 488 Collectione
1612 446 1838 495 Canonum,

433 512 476 548 et
499 506 656 556 Codex,
677 520 799 562 quem
819 506 848 547 J
853 505 1020 546 ustellus
1043 503 1272 546 Universae
1293 502 1500 545 Ecclesiae
1525 503 1733 559 appellat;
1767 504 1840 545 ha-

433 564 616 619 bentque
653 578 791 604 vocem
827 563 1105 604 communiter
1140 566 1302 602 veteres
1332 561 1540 602 versiones
1575 560 1761 610 Latinae,
1797 566 1875 606 et5

434 620 584 662 Tiliani
607 620 767 663 Codicis
787 618 1076 675 interpretatio
1097 619 1310 660 similiter.
1347 619 1526 660 Exstant
1546 632 1709 674 quoque
1729 619 1840 674 apud

436 678 645 721 Gelasium
668 677 916 734 Cyzicenum
937 677 1065 718 verba
1093 676 1208 727 haec,
1233 677 1332 728 ὑπὲρ
1362 676 1517 725 τούτου,
1538 675 1667 717 πάντα
1696 676 1841 727 ὁμοίως

436 737 482 778 ἐν
501 735 609 792 πάσῃ
630 735 813 789 παροικίᾳ
833 736 1061 787 ὁμοφρόυως
1081 733 1366 786 φυλάττεσθαι.
1416 733 1549 775 Sileni}
1569 733 1621 775 de
1639 738 1730 775 tota
1749 748 1840 775 Sen-

434 793 566 835 tentia
584 793 627 834 in
649 791 963 834 Commentariis
984 790 1067 833 suis
1087 791 1271 832 Zonaras
1292 796 1334 832 et
1355 790 1559 832 Balsamo.
1617 791 1749 832 Porro
1769 805 1840 833 au-

433 857 518 892 tem
539 849 658 891 simili
680 850 731 891 de
752 864 886 900 causa,
909 848 1188 891 unanimitatis
1208 847 1358 905 gratia,
1380 848 1588 891 conditum
1609 854 1672 890 est
1687 849 1740 890 ab
1761 848 1839 891 hac
1858 864 1904 889 10

436 908 618 963 Synodo‚
655 907 859 963 quomodo
891 906 1015 949 etiam
1048 906 1190 948 decem
1221 911 1319 948 ante
1353 920 1483 948 annos
1517 906 1571 948 ab
1606 906 1841 948 Arelatensi

434 965 580 1022 prima,
598 965 760 1007 celebre
787 965 839 1007 de
871 964 1056 1006 Paschae
1085 970 1273 1020 tempore
1295 963 1521 1015 decretum,
1543 964 1655 1019 quod
1675 963 1840 1020 quidem

434 1038 517 1065 non
542 1038 594 1065 ex
620 1022 721 1080 fuga
741 1023 872 1064 solum
901 1021 1140 1064 imitationis
1169 1020 1370 1064 Judaicae
1399 1021 1746 1078 proficiscebatur,
1767 1022 1842 1064 sed

434 1080 658 1123 constituta
686 1080 758 1122 illa
782 1079 931 1137 regula
956 1085 1031 1130 est,
1054 1084 1101 1121 ut
1130 1078 1352 1121 concordes
1382 1093 1522 1120 omnes
1544 1078 1767 1121 Christiani
1797 1079 1840 1121 in

434 1138 683 1180 celebrando
699 1143 816 1180 tanto
839 1137 945 1180 festo
961 1137 1211 1186 evaderent3
1243 1150 1369 1192 quum
1389 1135 1571 1192 alioquin
1591 1136 1735 1178 iisdem
1756 1137 1840 1180 die—
1857 1146 1904 1184 15

434 1196 511 1238 bus
541 1195 814 1253 contingeret,
834 1201 882 1238 ut
911 1195 979 1237 alii
1008 1194 1174 1251 quidem
1195 1193 1353 1250 jejunio
1383 1193 1664 1251 antepaschali
1692 1194 1841 1238 intenti

434 1260 585 1304 essent,
614 1253 684 1295 alii
714 1268 813 1296 vero
845 1252 974 1310 epulis
1010 1258 1103 1309 post
1130 1252 1291 1294 Pascha
1320 1250 1450 1293 solitis
1481 1265 1650 1308 operam
1678 1251 1839 1296 darent.

437 1312 559 1354 Cons.
594 1311 817 1353 Eusebium
847 1311 900 1353 de
930 1310 1030 1353 Vita
1062 1308 1320 1353 Constantini
1347 1308 1417 1351 lib.
1439 1323 1499 1361 111,
1531 1323 1649 1366 capp.
1670 1322 1696 1364 5
1726 1315 1770 1352 et
1800 1313 1839 1361 8,

434 1375 560 1425 atque
591 1369 713 1426 hujus
745 1368 904 1426 Synodi
932 1367 1172 1425 Epistolam,
1195 1381 1301 1424 quae
1330 1366 1385 1409 ad
1415 1366 1641 1409 Ecclesiam
1661 1367 1841 1410 Alexan-

436 1426 598 1469 drinam
629 1426 778 1483 scripta
812 1426 924 1483 apud
966 1427 1180 1468 Socratem
1215 1430 1259 1467 et
1289 1424 1598 1467 Theodoretum
1628 1439 1842 1468 conserva?
1856 1437 1906 1464 20

435 1490 530 1534 tur3
561 1484 668 1528 hanc
695 1491 833 1538 autem
861 1484 904 1526 in
928 1483 1168 1540 Appendice
1189 1482 1347 1533 saltem,
1370 1483 1446 1525 etsi
1470 1482 1513 1524 in
1538 1482 1751 1525 canonum
1772 1483 1841 1527 vix

436 1541 529 1584 ullis
552 1541 869 1585 Collectionibus
889 1541 1033 1585 haberi
1054 1545 1303 1590 consuetam,
1324 1540 1595 1583 collocaturus
1615 1555 1716 1583 sum.
