1988 3216
368 216 424 259 76

874 220 916 262 S.
944 221 1262 263 HIPPOLYTI

367 325 542 391 Λόγος,
581 325 635 376 δι’
665 325 720 377 οὗ
752 325 812 378 τὰ
848 325 1006 379 πάντα
1042 329 1277 393 ἐποίησεν·
1323 327 1378 380 ὃν
1416 328 1632 396 ὑστέροις
1669 351 1770 380 και-

365 414 482 476 ροῖς,
523 408 680 465 καθὼς
716 410 909 476 εἴπαμεν
946 411 1181 479 ἀνωτέρω,
1223 412 1504 464 ἀπέστειλεν
1537 413 1563 463 ὁ
1602 411 1774 480 Πατὴρ

364 493 487 562 πρὸς
505 496 748 563 σωτηρίαν
765 497 1044 563 ἀνθρώπων.
1082 497 1241 552 Οὗτος
1261 497 1336 547 διὰ
1353 495 1523 561 Νόμου
1542 499 1618 548 καὶ
1638 501 1770 564 Προ-

365 584 534 650 φητῶν
566 579 800 650 ἐκηρύχθη
834 581 1158 649 παρεσόμενος
1182 585 1244 637 εἰς
1268 580 1353 634 τὸν
1378 579 1580 646 κόσμον.

366 688 420 717 ον
464 666 548 717 ουν
587 665 766 733 τρόπον
804 665 1056 735 ἐκηρύχθη,

1651 583 1771 634 Καθ’

1102 665 1223 718 κατὰ
1265 673 1435 719 τοῦτον
1479 669 1556 718 καὶ
1606 667 1809 735 παρὼνὸ

365 749 663 821 ἐφανέρωσεν
712 749 878 803 ἑαυτου
927 753 976 802 ἐκ
1027 751 1264 819 παρθένου
1314 753 1391 802 καὶ
1434 752 1572 817 ἁγίου
1618 751 1771 804 Πνεύ-

364 859 530 901 ματος,
579 835 736 891 καινὸς
783 835 1034 904 ἄνθρωπος
1083 834 1350 902 γενόμενος,
1392 835 1448 888 τὸ
1496 835 1582 900 μὲν
1630 836 1770 905 οὐρά-

366 945 465 973 νιον
514 920 636 990 ἔχων
678 919 734 972 τὸ
782 925 1006 990 πατρῷον
1049 923 1113 976 ὡς
1157 920 1335 987 Λόγος,
1378 920 1434 973 τὸ
1481 921 1530 972 δὲ
1571 921 1773 988 ἐπίγειον

366 1009 430 1062 ὡς
473 1007 522 1058 ἐκ
569 1011 780 1058 παλαιοῦ
818 1004 978 1071 Ἀδὰμ
1023 1003 1100 1057 διὰ
1147 1005 1385 1072 παρθένου
1427 1004 1769 1074 σαρκούμενος.

366 1092 527 1147 Οὗτος
555 1090 807 1159 προελθὼν
831 1094 894 1146 εἷς
930 1090 1115 1156 κόσμον
1143 1089 1267 1146 Θεὸς
1295 1092 1346 1143 ἐν
1376 1090 1567 1155 σώματι
1600 1092 1769 1160 ε’φανε-
1790 1106 1839 1135 10

363 1176 511 1245 ρώθη,
560 1176 811 1244 ἅνθρωπος
860 1176 1036 1232 τέλειος
1086 1176 1354 1244 προελθών·

364 1262 639 1332 φαντασίαν
683 1259 714 1326 ἢ

363 1351 569 1415 θρωπος.

1417 1178 1472 1229 οὑ
1515 1175 1612 1244 γὰρ
1654 1175 1776 1229 κατὰ

757 1259 957 1330 τροπὴν,
1005 1262 1118 1313 ἀλλ’
1157 1263 1349 1327 ἀληθῶς
1393 1260 1643 1328 γενόμενος
1686 1261 1771 1313 ἅν-

439 1429 515 1498 ιη’.
555 1433 726 1488 Οὕτως
751 1433 834 1484 οὖν
859 1434 935 1484 καὶ
962 1430 1022 1484 τὰ
1046 1431 1320 1500 ἀνθρώπινα
1345 1433 1511 1484 ἑαυτοῦ
1538 1433 1622 1484 οὐκ
1647 1434 1771 1485 ἁπα-

362 1516 563 1568 ναίνεται
596 1515 937 1581 ἐνδεικνύμενος
963 1515 1087 1572 Θεὸς
1119 1514 1202 1576 ὧν,
1231 1515 1307 1568 ὅτε
1339 1519 1475 1586 πεινᾷ
1504 1518 1580 1568 καὶ
1612 1518 1770 1587 κοπιᾷ,
1789 1531 1838 1571 15

362 1603 438 1653 καὶ
472 1599 666 1666 κάμνων
691 1602 829 1671 διψᾷ,
859 1602 936 1653 καὶ
968 1602 1154 1653 δειλιῶν
1180 1599 1361 1667 φεύγει,
1396 1604 1473 1652 καὶ
1502 1599 1770 1670 προσευχό-

362 1709 502 1751 μενος
547 1690 778 1750 λυπεῖται,
825 1689 900 1739 καὶ
939 1687 1013 1739 ἐπὶ
1056 1684 1455 1757 προσκεφάλαιον
1500 1684 1708 1738 καθεύδει
1748 1688 1774 1739 ὁ

363 1773 548 1825 ἄϋπνον
581 1772 703 1842 ἔχων
734 1769 822 1837 τὴν
854 1771 1007 1842 φύσιν
1045 1774 1109 1828 ὡς
1135 1770 1272 1836 Θεὸς,
1298 1774 1374 1823 καὶ
1412 1772 1640 1840 ποτηρίου
1677 1771 1770 1824 πά-

361 1861 445 1914 θος
476 1863 767 1926 παραιτεΐται
795 1859 820 1910 ὁ
847 1856 922 1909 διὰ
956 1863 1098 1910 τοῦτο
1136 1855 1479 1926 παραγεγονὼς
1506 1859 1556 1909 ἐν
1590 1855 1774 1928 κόσμῳ,

362 2014 638 2066 posterioribus
667 2013 916 2064 temporibus,
941 2012 1040 2051 sicut

362 2068 538 2119 superius
575 2068 754 2114 diximus,
788 2067 894 2106 misit
928 2067 1041 2106 Pater

362 2123 411 2161 ad
431 2123 594 2161 salutem
613 2122 823 2160 hominum.
866 2122 953 2160 Hoc
972 2135 1042 2172 per

364 2177 508 2229 Legem
537 2182 575 2215 et
605 2176 815 2227 Prophetas
849 2176 1040 2227 praedica-

362 2237 446 2270 tum
467 2237 525 2270 est
545 2236 750 2270 venturum
771 2244 852 2269 esse
871 2230 911 2268 in
931 2243 1041 2268 muu-

362 2285 465 2324 dum.
527 2285 636 2324 Sicut
661 2298 752 2336 ergo
779 2284 1040 2335 praedicatum

362 2345 432 2387 est,
448 2339 502 2378 sic
522 2352 700 2390 praesens
715 2352 754 2377 se
775 2338 900 2390 ipsum
921 2338 1040 2376 mani-

363 2394 503 2434 festum
529 2393 619 2432 feeit
644 2406 691 2431 ex
714 2392 872 2443 Virgine
896 2397 934 2430 et
955 2392 1039 2443 Spi-

363 2448 440 2487 ritu
461 2448 602 2487 Sancto
626 2460 747 2486 novus
771 2446 886 2485 homo
905 2446 1036 2493 faetus,

362 2502 504 2541 habens
528 2502 689 2541 coeleste
708 2501 811 2554 quod
835 2506 1037 2551 paternum

362 2563 455 2603 emt,
482 2563 664 2608 tunquam
690 2555 888 2603 Verbum3
921 2560 1039 2594 terre-

362 2624 453 2649 num
486 2624 587 2658 vero,
617 2616 799 2662 tanquam
833 2622 881 2647 ex
912 2615 1039 2648 vetere

364 2666 488 2703 Adam
528 2678 596 2716 por
631 2664 830 2713 Virginem
869 2664 1038 2702 incomm-

360 2726 431 2759 tun.
492 2719 554 2757 Sic
585 2719 621 2757 in
650 2718 835 2757 mundum
865 2731 1038 2768 egressus

402 2830 413 2841 ⁴¹
435 2822 557 2853 Mum..
578 2823 617 2852 iv.
639 2832 665 2861 3.

356 2871 365 2882 '
390 2865 512 2897 ›ln-221..
529 2866 593 2896 viii.
618 2876 664 2904 π...

769 2821 782 2841 '¹
804 2821 886 2852 ibid.
906 2821 992 2852 xxvi.
1014 2830 1063 2860 37.

767 2868 775 2886 ¹
797 2865 879 2896 ibid.
899 2865 986 2896 xxvi,
1004 2874 1052 2904 w.
1088 2863 1191 2895 Man-u.
1210 2863 1276 2895 xiv.
1293 2863 1342 2902 5⁶·

1096 2012 1201 2050 Deus
1243 2017 1466 2063 corporatus
1509 2012 1698 2063 apparuit,
1737 2027 1774 2051 e-

1095 2080 1247 2118 gressus
1277 2067 1467 2117 perfectus
1495 2066 1621 2105 homo.
1682 2066 1774 2105 Non

1096 2121 1199 2159 enim
1227 2134 1296 2171 per
1323 2121 1528 2168 fictionem,
1555 2125 1622 2159 aut
1650 2125 1774 2160 muta-

1095 2175 1252 2222 tionem,
1297 2175 1363 2214 sed
1411 2188 1499 2213 vere
1547 2174 1668 2214 factus
1716 2180 1774 2215 est

1095 2229 1221 2268 homo.

1157 2282 1312 2321 XVIII.
1351 2282 1413 2321 Sic
1451 2282 1571 2334 igitur
1608 2282 1774 2321 humana

1095 2351 1164 2375 sua
1206 2350 1281 2375 uon
1326 2342 1476 2375 recusat
1513 2336 1579 2388 qui
1617 2337 1773 2375 demon-

1095 2391 1289 2430 strabatur
1308 2404 1388 2429 esse
1409 2391 1525 2438 Deus,
1545 2403 1666 2441 quum
1690 2404 1773 2430 esu-

1093 2445 1172 2484 ritss
1195 2451 1234 2495 et
1262 2442 1449 2493 laboratb,
1475 2449 1515 2483 et
1539 2444 1773 2496 defatigatus

1093 2499 1176 2538 sitit
1189 2507 1204 2527 ⁰
1222 2512 1231 2546 ;
1257 2512 1376 2551 quum
1392 2498 1600 2537 formidans
1614 2498 1744 2550 fugitd
1762 2513 1773 2548 ;

1095 2559 1133 2592 et
1153 2566 1268 2605 super
1287 2553 1487 2605 pulvinum
1507 2553 1686 2601 dormite,
1706 2554 1772 2605 qui

1095 2614 1271 2647 naturam
1315 2608 1429 2647 habet
1474 2608 1686 2646 insomnem
1728 2613 1773 2647 ut

1095 2662 1200 2701 Deus
1219 2677 1225 2700 :
1271 2675 1389 2714 quum
1410 2662 1566 2700 calicem
1586 2661 1772 2713 passionis

1094 2717 1236 2768 refugit
1250 2715 1271 2764 f,
1310 2716 1373 2768 qui
1423 2721 1581 2767 propter
1619 2715 1689 2754 hoc
1733 2717 1770 2754 in
1835 2744 1839 2749 -

1170 2826 1181 2840 ¹·
1198 2819 1276 2850 Jnh.
1296 2820 1362 2851 xix.
1383 2822 1432 2850 28.
1541 2818 1555 2839 ‘¹
1574 2819 1659 2851 lbid.
1679 2820 1719 2850 iv.
1741 2830 1769 2859 3.

1380 2862 1457 2894 Luc.
1478 2862 1555 2895 xxii.
1571 2873 1621 2902 ⁴²·
