2034 3204
412 257 480 300 IN
513 257 554 300 S.
578 255 857 299 CYPRIANI
888 255 967 297 DE
999 255 1433 297 MORTALITATE.
1552 256 1638 296 345

239 363 463 406 editionum
483 362 698 405 lectionem
722 361 994 404 revocandam
1015 375 1103 403 esse
1126 360 1276 403 censui.
1338 360 1453 402 Idem
1475 375 1639 416 quoque

238 421 390 463 factum
424 436 531 465 nunc
561 420 644 462 vidi
674 419 717 461 in
747 419 939 468 editione,
971 418 1086 475 eujus
1117 418 1238 460 modo
1268 417 1515 460 mentionem
1546 418 1638 467 feci,

238 478 280 520 in
301 493 417 520 usum
441 477 647 520 Ecclesiae
669 477 851 520 Gallicae
871 477 1148 519 confessorum
1169 476 1383 518 adornata.

296 536 344 578 P.
370 536 464 591 285.
487 535 512 578 l.
537 539 602 579 26.
634 535 861 592 praemium
890 534 980 577 viae
1009 534 1116 591 ejus]
1151 534 1234 576 Pro
1263 532 1492 590 praemium
1522 534 1639 576 vitae

201 593 463 652 5praemium
495 595 592 635 viae
622 607 674 635 ex
704 592 837 635 tribus
859 592 990 635 codd.
1012 591 1175 649 scriptis
1203 591 1246 634 in
1273 590 1372 633 edit.
1398 590 1534 632 Oxou.
1555 604 1640 632 me-

237 650 420 699 moratis,
442 657 485 692 et
505 650 613 692 Novi
635 650 737 692 Coll.
754 650 847 692 MS.
876 663 888 691 1
916 650 1047 692 libens
1066 648 1216 706 recepi.

295 708 342 750 P.
374 709 469 751 286.
502 708 528 749 1.
559 721 625 750 20.
663 708 823 750 Pavore
858 707 1120 750 mortalitatis
1155 714 1198 750 et
1231 704 1450 762 temporis]
1484 705 1639 747 Delen-

237 765 333 808 dam
363 780 451 808 esse
482 765 724 822 particulam
756 774 796 808 et
825 765 919 806 olim
955 765 1168 822 opinabar,
1199 779 1248 806 eo
1278 763 1389 820 quod
1429 764 1640 820 legeretur

237 822 359 880 paulo
376 829 480 879 post,
497 831 678 878 tempore
698 823 996 865 mortalitatis.
1044 823 1087 865 N
1088 837 1166 865 unc
1187 822 1324 864 malim
1346 836 1421 879 pro
1439 822 1642 878 temporis

177 895 224 923 10
238 880 466 923 rescribere
488 881 735 923 terroribus.

295 938 342 980 P.
367 938 462 993 287.
485 938 512 980 l.
536 951 605 994 30.
639 937 866 994 perniciosa
900 937 1112 995 conceptio
1142 937 1234 980 Deo
1269 935 1512 994 providente
1546 949 1642 991 per-

236 1001 377 1052 specta
406 994 488 1051 est]
519 995 629 1037 Ante
660 995 796 1037 omnia
825 996 988 1038 saecula
1018 995 1176 1038 vocavit
1207 1008 1539 1050 unumquemque
1569 993 1642 1035 ho-

236 1052 391 1095 minum
424 1053 539 1095 Deus
570 1053 624 1095 ad
657 1053 845 1102 salutem,
878 1060 921 1095 et
954 1054 1137 1095 vocando
1169 1052 1350 1118 providit
1385 1058 1511 1107 atque
1546 1065 1642 1116 pro·

237 1110 373 1168 spexit
392 1110 661 1168 cogitationes
691 1117 865 1159 nostras,
887 1110 971 1153 sive
999 1111 1127 1153 bonas
1154 1125 1240 1152 sive
1266 1110 1407 1158 malas,
1429 1116 1471 1151 et
1491 1108 1643 1151 exinde

177 1188 224 1228 15
238 1168 366 1210 malos
386 1168 609 1218 damnavit,
631 1169 758 1210 bonos
786 1168 1008 1211 coronavit.
1071 1168 1214 1210 Talem
1238 1166 1553 1225 providentiam,
1576 1166 1641 1208 vel

238 1225 374 1283 potius
409 1225 694 1283 provisionem,
726 1226 851 1268 talem
885 1226 1226 1292 prospectionem,
1259 1225 1343 1268 tale
1378 1224 1639 1282 praescitum,

238 1283 372 1326 minus
410 1289 509 1340 apto
549 1283 746 1326 vocabulo
790 1283 1207 1340 praedestinationem
1248 1283 1392 1326 dixere
1438 1281 1640 1339 magistri,

238 1341 474 1397 disputandi
493 1340 684 1383 artifices.
714 1341 946 1384 RIGALT.

296 1399 344 1440 P.
369 1399 466 1442 288.
487 1398 514 1440 l.
531 1409 571 1454 5.
594 1399 682 1440 Nec
713 1398 821 1440 enim
851 1398 1093 1456 sanguinem
1120 1405 1307 1440 nostrum
1327 1397 1491 1454 quaerit
1512 1397 1641 1446 Deus,

175 1476 225 1503 20
237 1456 311 1498 sed
326 1455 464 1512 fidem]
478 1457 570 1498 Nec
589 1457 701 1498 enim
716 1457 833 1499 Deus
852 1458 1104 1512 sanquinem
1124 1464 1315 1498 nostrum
1330 1457 1549 1498 desiderat
1569 1456 1644 1497 sed

226 1515 361 1569 fldem
380 1514 564 1570 quaerit.
627 1513 683 1555 Et
702 1512 813 1556 istud
832 1515 1051 1556 desiderat
1078 1513 1302 1569 adjecimus
1322 1528 1375 1555 ex
1397 1512 1641 1569 quibusdam

239 1570 458 1614 codicibus
488 1570 651 1620 nostris,
673 1576 715 1613 et
735 1585 787 1612 ex
809 1571 997 1628 quibusd.
1020 1571 1271 1629 Anglicanis.
1333 1571 1477 1613 Potest
1503 1576 1642 1613 tamen

237 1643 326 1672 esse
350 1628 564 1686 glossema.
603 1628 808 1671 BALUZ.
872 1629 1129 1686 Scripturam
1160 1628 1356 1694 principis
1385 1628 1642 1684 aliarumque

237 1685 463 1729 editionum
483 1693 608 1742 atque
631 1686 751 1728 unius
773 1686 934 1729 Codicis
957 1686 1210 1729 membranei
1233 1701 1310 1728 mei
1332 1685 1508 1743 reposui.
1570 1685 1643 1728 Di-

176 1766 224 1805 ²5
238 1758 356 1787 verso
396 1749 556 1786 tantum
597 1743 741 1786 ordine
776 1744 997 1786 verborum
1031 1745 1159 1787 habet
1192 1744 1300 1786 Novi
1337 1744 1440 1787 Coll.
1477 1743 1567 1785 cod.
1606 1757 1643 1793 1,

238 1802 330 1844 Nec
349 1802 461 1844 enim
481 1803 652 1857 quaerit
671 1803 922 1856 sanquinem
942 1803 1060 1845 Deus
1078 1810 1284 1850 nostru-m,
1305 1803 1379 1845 sed
1389 1803 1535 1856 fidem.
1587 1801 1643 1844 Et

240 1858 332 1901 MS.
347 1858 443 1900 olim
460 1859 687 1900 Meerman.
719 1860 812 1902 Nec
827 1861 939 1902 enim
953 1861 1204 1916 sanquinem
1221 1861 1338 1902 Deus
1352 1867 1557 1906 nostrum,
1570 1860 1643 1901 sed

230 1917 364 1971 fidem
383 1917 567 1972 quaerit.
619 1915 768 1958 Itidem
790 1916 884 1958 edit.
906 1916 1040 1959 Oxou.
1087 1918 1179 1959 Nec
1199 1918 1310 1959 enim
1331 1918 1448 1959 Deus
1467 1918 1644 1972 sanqui-

240 1988 333 2016 nem
354 1981 558 2021 nostrum,
574 1975 648 2016 sed
658 1975 792 2028 fidem
812 1975 996 2030 quaerit.
1049 1975 1132 2018 Sed
1154 1974 1196 2016 in
1217 1974 1323 2016 libro
1344 1989 1435 2016 meo
1456 1973 1551 2015 olim
1564 1974 1645 2016 Te·

177 2052 228 2088 30
242 2036 450 2073 waterano
479 2030 557 2073 hoc
588 2031 764 2087 positum
795 2037 884 2074 est:
917 2033 1009 2074 Nec
1028 2034 1141 2075 enim
1168 2034 1421 2088 sanquinem
1452 2039 1644 2074 nostrum

241 2089 358 2130 Deus
377 2089 609 2137 desiderat,
630 2090 704 2131 sed
725 2097 892 2131 tantum
909 2091 1055 2144 fldem.
1118 2090 1304 2146 Cumque
1325 2089 1499 2132 lectione
1522 2089 1646 2131 Balu-

242 2145 359 2188 ziana
389 2145 648 2188 consentiunt
675 2146 766 2188 MS.
788 2146 897 2188 Novi
919 2147 1020 2189 Coll.
1046 2160 1083 2196 2,
1106 2153 1148 2189 et
1176 2148 1268 2190 MS.
1291 2147 1384 2189 olim
1411 2146 1646 2189 Drurianus

241 2203 447 2246 recentior
462 2203 554 2254 ille;
579 2203 652 2245 sed
672 2203 779 2246 alter
791 2204 991 2246 vetustior
1006 2205 1146 2254 habet,
1160 2206 1252 2248 Nec
1267 2207 1379 2248 enim
1394 2206 1647 2261 sanquinem

242 2262 359 2303 Deus
378 2268 533 2310 noster,
553 2262 769 2316 sedfidem
790 2264 974 2318 quaerit.

177 2337 228 2376 35
301 2317 406 2360 Ibid.
428 2317 455 2359 l.
476 2331 546 2374 33.
577 2325 847 2361 commeatum
882 2319 959 2362 sibi
994 2322 1254 2376 precaretur]
1289 2319 1464 2362 Veniam
1501 2319 1648 2362 absen-

242 2375 325 2418 tiae
345 2374 542 2432 longioris
561 2390 586 2417 a
608 2375 784 2418 Domino
802 2392 812 2426 ;
845 2377 922 2419 hoc
950 2384 1012 2420 est
1033 2378 1142 2420 vitae
1169 2378 1235 2420 hic
1255 2378 1298 2420 in
1319 2377 1442 2420 terris
1471 2392 1645 2420 moram.

243 2433 405 2475 FELL.
465 2432 632 2474 Doloris
661 2434 856 2476 mortisve
887 2435 1167 2478 remissionem
1188 2444 1466 2478 commeatum
1489 2434 1649 2490 antiqui

242 2489 450 2532 dixerunt.
513 2490 695 2533 Senecae
724 2491 824 2534 illud
851 2492 1032 2535 afferunt
1060 2492 1392 2550 Lexicographi3
1425 2496 1438 2516 ‘
1458 2493 1648 2549 Longum

243 2554 253 2571 ⁴
274 2547 374 2589 mihi
395 2556 672 2590 commeatum
693 2548 867 2592 dederat
887 2550 1092 2599 valetudo,
1114 2557 1286 2616 repente
1306 2565 1372 2592 me
1392 2550 1569 2592 invasit?

178 2628 230 2663 40
302 2605 349 2647 P.
378 2605 472 2658 289.
511 2604 537 2647 l.
563 2619 602 2659 9.
639 2606 691 2648 de
727 2607 1010 2662 persecutione
1049 2607 1257 2656 sollicitus,
1293 2608 1346 2650 de
1384 2606 1651 2649 accersitione

243 2663 426 2715 securus]
447 2662 513 2704 Ita
533 2662 793 2705 scribendum
809 2664 1063 2720 conjeceram
1084 2680 1161 2721 pro
1181 2665 1373 2707 ablativis
1392 2666 1593 2708 sollicitis
1609 2669 1654 2707 et

242 2721 416 2768 securis,
430 2725 651 2776 antequam
673 2721 780 2763 hanc
800 2721 1015 2764 lectionem
1031 2722 1074 2764 in
1091 2723 1192 2765 meis
1204 2723 1246 2764 N
1248 2722 1395 2778 ovique
1410 2722 1510 2765 Coll.
1531 2722 1653 2764 Codi-

243 2777 370 2826 cibus,
385 2777 533 2833 quibus
553 2777 683 2820 addas
698 2778 879 2835 quinque
893 2780 1165 2830 Pamelianos,
1179 2779 1449 2836 deprehendi.
1498 2780 1653 2822 Sensus

243 2834 320 2876 loci
349 2834 514 2876 videtur
544 2849 646 2884 esse,
674 2835 843 2878 Illorum
874 2837 1014 2893 gratia
1043 2837 1096 2880 de
1126 2837 1412 2894 persecutione
1442 2837 1651 2889 sollicitus,

179 2907 229 2946 45
244 2906 296 2934 ne
316 2891 356 2935 vi
387 2891 475 2948 ejus
505 2892 634 2936 coacti
664 2893 786 2936 fidem
816 2894 1051 2952 denegent:
1089 2895 1140 2938 de
1171 2894 1436 2939 accersitione
1466 2909 1649 2944 securuS,
