2034 3204
401 231 486 271 248
903 231 1291 272 FIRMILIANI

181 357 277 396 Quod
293 370 342 390 m-
470 338 637 384 XVII.
675 338 799 389 ‚Vide
835 355 931 399 qua
966 340 1208 399 imperitia
1246 339 1590 398 reprehendere
1627 339 1804 384 audeas

181 402 387 478 ,tssl‘ffiss'gff
402 430 496 468 eos,
532 415 616 474 qui
654 406 818 461 contra
860 417 1161 462 mendacium
1203 432 1290 475 pro
1325 415 1526 460 veritate
1564 414 1801 459 nituntur.

178 489 360 564 530¹?st
402 491 523 544 Quis
547 492 674 538 enim
704 493 887 554 justius
912 493 1154 555 indignari
1180 499 1346 539 contra
1369 494 1571 538 alterum
1596 491 1801 537 debuit?

179 574 388 618 hetsuppleri,
403 568 642 616 Utrumne
676 571 756 629 qui
798 571 954 615 hostes
991 570 1082 615 Dei
1129 570 1310 623 asserit,
1347 585 1407 614 an
1445 584 1557 614 vero
1591 569 1675 628 qui
1721 569 1805 614 ad·
1861 632 1864 635 Ι

400 662 564 692 versus
602 662 708 692 eum
753 647 836 706 qui
882 648 1043 693 hostes
1082 647 1174 692 Dei
1221 647 1391 692 asserit
1436 661 1523 705 pro
1562 646 1840 695 Ecclesiae5

399 725 600 770 veritate
623 726 860 770 consentit
885 723 1039 787 [sors.
1065 723 1334 784 contendit]
1350 724 1372 769 ?
1423 723 1532 768 Nisi
1558 725 1685 782 quod
1714 723 1804 768 im-

398 801 578 860 peritos
609 802 754 846 etiam
786 803 1026 847 animosos
1055 809 1201 861 atque
1234 802 1486 847 iracundos
1518 816 1619 846 esse
1650 800 1804 845 mani-

397 878 575 924 festum
600 885 686 931 est,
711 880 826 924 dum
859 894 943 938 per
967 879 1180 938 inopiam
1204 878 1389 924 consilii
1418 883 1466 923 et
1489 879 1719 923 sermonis
1743 879 1803 923 ad

400 955 698 1001 iracundiam
721 956 860 1001 facile
884 962 1152 1009 vertuntur,
1176 962 1232 1002 ut
1260 957 1318 1001 de
1354 957 1486 1001 nullo
1521 955 1615 1000 alio
1650 957 1804 1019 magis

178 1040 276 1071 Prov-
296 1041 547 1091 xxix-quam
578 1035 637 1079 de
673 1043 719 1078 te
750 1034 879 1079 dicat
907 1034 1155 1093 Scriptura
1178 1033 1357 1086 divina,
1383 1031 1537 1078 Homo
1572 1034 1805 1080 animosus
1823 1055 1870 1080 10

180 1093 229 1114 η
394 1116 536 1171 parat
558 1108 671 1163 lites,
697 1117 738 1156 et
761 1111 834 1157 vir
858 1110 1109 1157 iracundus
1133 1115 1376 1174 ema-‹chrat
1397 1116 1596 1171 peccata.
1670 1113 1805 1158 Lites

398 1188 525 1234 enim
563 1195 610 1233 et
644 1189 959 1235 dissentiones
995 1196 1199 1248 quantas
1234 1188 1415 1248 parasti
1452 1203 1536 1247 per
1567 1189 1805 1235 Ecclesias

398 1266 546 1312 totius
576 1266 742 1312 mundi
767 1267 775 1312 !
836 1267 1093 1312 Peccatum
1122 1283 1233 1312 vero
1264 1282 1407 1326 quam
1447 1282 1676 1329 magnum
1715 1266 1803 1312 tibi

397 1343 715 1405 exaggerasti,
733 1346 927 1404 quando
951 1351 997 1390 te
1020 1360 1049 1390 a
1066 1351 1138 1390 tot
1161 1345 1387 1407 gregibus
1413 1344 1623 1391 scidisti!
1661 1344 1806 1390 Exci-

397 1420 512 1466 disti
536 1421 663 1466 enim
690 1422 896 1481 teipsum
918 1437 926 1466 :
967 1422 1060 1467 noli
1092 1428 1138 1467 te
1161 1422 1338 1468 fallere.
1822 1442 1868 1480 15

179 1505 243 1538 Ille
258 1506 360 1538 maxi·
466 1497 662 1544 XVIII.
701 1498 945 1558 Siquidem
983 1499 1061 1544 ille
1096 1506 1167 1544 est
1199 1515 1307 1545 vere
1343 1493 1689 1553 schismaticus,
1718 1500 1803 1559 qui

178 1550 385 1635 Ξιῗιῗὲιξζζηῑ
400 1590 450 1621 se
485 1590 513 1620 a
547 1576 879 1621 communione
915 1576 1255 1622 ecclesiasticae
1296 1577 1498 1623 unitatis
1535 1584 1803 1636 apostatam

177 1636 388 1713 ffffi‘ffifne'
402 1653 578 1699 fecerit.
635 1654 766 1699 Dum
785 1654 912 1699 enim
937 1661 1077 1714 putas
1101 1669 1264 1700 omnes
1283 1671 1310 1700 a
1329 1661 1375 1700 te
1398 1655 1629 1701 abstineri
1652 1670 1803 1714 posse,

178 1724 389 1799 ξῃῗζξέἒξζξ
402 1733 555 1777 solum
582 1738 628 1776 te
652 1731 713 1777 ab
736 1731 958 1777 omnibus
987 1732 1278 1778 abstinuisti.
1350 1733 1451 1778 Nec
1477 1740 1523 1778 te
1548 1732 1805 1778 informare

178 1811 292 1844 stinet.
402 1810 462 1855 ad
495 1811 710 1871 regulam
735 1809 952 1855 veritatis
977 1816 1022 1855 et
1048 1810 1178 1869 pacis
1203 1812 1277 1856 vel
1301 1810 1522 1870 Apostoli
1555 1818 1806 1870 praecepta
1819 1828 1868 1852 20

182 1896 266 1942 Eph.
286 1900 328 1932 iv.
354 1910 379 1932 ι.
400 1893 674 1947 potuerunt,
711 1887 948 1933 monentis
985 1893 1033 1933 et
1073 1887 1307 1934 dicentis:
1360 1886 1553 1935 Obsecro
1588 1903 1694 1951 erqo
1728 1903 1805 1934 vos

399 1980 479 2028 eye
502 1965 679 2011 vinctas
708 1964 758 2010 in
783 1961 1003 2019 Domino,
1028 1963 1165 2028 dique
1197 1963 1429 2012 ambulare
1460 1965 1691 2011 vocatione
1714 1980 1804 2027 qua

399 2042 547 2088 vocati
581 2041 700 2095 estis,
737 2057 838 2087 cum
867 2036 1001 2087 'bmni
1035 2039 1292 2088 humilitate
1329 2057 1486 2088 sensus
1527 2048 1569 2088 et
1608 2041 1802 2097 lenitate,

399 2135 499 2166 cum
528 2119 758 2182 patientia
793 2119 1063 2165 sustinentes
1099 2119 1289 2166 invicem
1327 2119 1377 2164 in
1413 2117 1665 2174 dilectione,
1691 2120 1805 2166 satis

399 2202 578 2259 aqentes
624 2211 806 2243 servare
852 2196 1070 2243 unitatem
1117 2195 1330 2258 Spiritus
1389 2196 1438 2242 in
1493 2196 1805 2257 cory‘unctione
1819 2212 1867 2250 25

393 2274 540 2336 pacis.
617 2272 770 2321 Urium
807 2289 985 2335 coo-pm,
1021 2279 1062 2320 et
1097 2289 1215 2320 unus
1249 2273 1472 2336 Spiritus,
1505 2274 1623 2320 sicat
1657 2275 1804 2321 vocati

399 2351 505 2398 estis
541 2352 590 2396 in
626 2366 719 2397 mia
753 2366 831 2413 spe
866 2350 1116 2398 vocationis
1139 2357 1323 2397 vestrae.
1402 2350 1533 2397 Unvcs
1558 2350 1801 2406 Domina-9,

401 2445 493 2476 una
519 2428 656 2491 fides,
693 2445 834 2475 urium
864 2427 1100 2491 baptisma,
1139 2444 1256 2475 uvius
1296 2427 1422 2475 Deus
1457 2435 1497 2475 ct
1529 2428 1676 2476 Pater
1710 2446 1804 2477 om-

400 2508 544 2561 nium,
570 2507 651 2570 qui
684 2522 821 2568 super
844 2521 1012 2559 omnes,
1042 2512 1082 2552 ct
1114 2522 1198 2568 per
1233 2505 1402 2560 omnia,
1436 2512 1477 2552 et
1512 2506 1561 2552 in
1598 2507 1804 2554 oumibus

400 2582 541 2630 nobis.
615 2584 746 2630 Haec
772 2583 993 2644 Apostoli
1019 2586 1244 2631 mandata
1272 2591 1319 2630 et
1344 2584 1526 2630 monita
1558 2586 1802 2642 salutaria,
1816 2610 1867 2647 30

399 2676 543 2719 quam
590 2660 847 2722 diligenter
887 2661 1159 2720 Stephanus
1207 2661 1439 2720 implevit,
1481 2661 1800 2709 humilitatem

399 2753 564 2783 sensus
599 2745 646 2783 et
684 2737 924 2784 lenitatem
963 2738 1116 2798 primo
1156 2739 1204 2785 in
1244 2740 1343 2784 loco
1377 2739 1602 2784 servans!
1671 2739 1799 2793 Quid

399 2814 524 2861 enini
563 2814 791 2861 humilius
827 2822 911 2862 aut
948 2816 1099 2863 lenius
1123 2831 1268 2876 qutun
1302 2831 1408 2863 cuin
1448 2822 1518 2862 tot
1552 2815 1800 2876 Episcopis
