1988 3216
351 206 409 249 90
826 206 907 247 AN
909 205 949 248 N
954 205 1214 250 OTATION
1217 206 1287 249 Es

351 310 398 351 οὗ
421 310 559 363 Πατὴρ
588 311 814 353 πιστεύεται
843 313 1046 367 οἰκονομίᾳ
1075 313 1309 365 συμφωνίας
1338 310 1583 364 συνάγεσθαι
1611 312 1667 355 εἰς
1687 310 1760 352 ἕνα

353 369 473 409 Θεόν·
525 368 590 410 vel
630 368 778 424 potius,
821 369 869 410 δι’
909 370 955 410 οὗ
996 370 1133 422 Πατὴρ
1173 370 1412 417 πιστεύεται,
1455 369 1518 410 καὶ
1556 369 1760 423 οἰκονομίᾳ

352 427 587 478 συμφωνίας
620 425 835 479 συνάγεται
870 428 926 470 εἰς
960 427 1032 468 ἕνα
1063 427 1187 479 Θεὸν,
1219 441 1346 483 quum
1387 426 1590 482 particula
1623 427 1684 468 καὶ
1714 425 1758 468 in

352 483 480 524 verbo
500 484 729 525 πιστεύεται
748 483 946 540 absorpta
965 490 1086 526 esset.

410 541 457 582 P.
482 553 548 593 70.
569 541 597 582 l.
618 553 658 595 5.
678 539 730 583 ‘O
750 543 825 594 γὰρ
846 543 1020 583 κελεύων
1041 541 1198 596 Πατὴρ]
1225 541 1293 582 An
1313 541 1336 582 ὅ
1356 558 1404 595 γε
1426 542 1597 583 κελεύων
1617 539 1704 582 ll?
1769 551 1793 590 5

411 597 517 640 Ibid.
541 597 568 639 l.
594 610 631 652 7.
662 596 714 640 ‘O
744 597 801 640 ὢν
823 598 942 656 [fors.
970 597 1061 655 οὖν]
1085 598 1224 651 Πατὴρ
1254 598 1319 640 ἐπὶ
1347 598 1518 650 πάντων,
1540 599 1562 639 ὁ
1591 599 1634 640 δὲ
1663 598 1759 642 ’Υἱὸς

352 658 416 697 διὰ
436 655 608 707 πάντων,
629 655 723 709 &c.]
763 657 900 707 Quum
923 656 1075 698 Paulus
1100 655 1159 698 ait
1189 655 1240 697 de
1261 656 1366 706 Deo,
1387 656 1442 698 ad
1463 656 1618 712 Ephes.
1639 655 1691 698 iv.
1716 659 1756 705 6,

356 713 443 764 Qui
461 721 523 755 est
541 728 669 768 super
688 715 849 763 omnia,
870 722 910 756 et
924 729 1006 769 per
1025 715 1185 762 omnia,
1202 721 1241 756 et
1261 715 1309 755 in
1329 714 1535 762 omnibus,
1557 719 1642 756 tres
1662 728 1758 769 per-

350 785 471 812 sonas
500 770 704 828 designat‚
735 777 778 813 et
809 771 1009 814 unitatem
1040 770 1120 813 Dei
1152 770 1194 812 in
1225 770 1331 821 illis;
1367 771 1465 827 quia
1499 770 1619 812 unius
1651 770 1757 827 ejus-

350 828 527 884 demque
557 828 721 870 virtutis
750 843 799 870 ac
829 828 1039 884 potentiae
1069 835 1144 877 est,
1166 843 1254 870 esse
1285 843 1409 884 super
1439 828 1588 877 omnia,
1610 834 1652 870 et
1682 843 1757 885 per
1774 843 1822 869 10

349 885 498 934 omnia,
530 891 573 927 et
604 885 647 926 in
677 885 866 928 omnibus
888 902 898 935 ;
940 892 983 929 et
1014 886 1236 928 secundum
1273 885 1459 928 ordinem
1494 885 1758 928 confessionis

348 950 516 985 sanetae
547 942 774 991 Trinitatis,
807 943 984 1000 primum
1025 943 1171 986 tribuit
1212 943 1341 992 Patri,
1375 943 1600 985 secundum
1636 943 1756 994 Filio,

348 1001 518 1043 tertium
551 1000 723 1057 Spiritui
756 1001 922 1053 Sancto,
947 1001 1045 1058 quia
1075 1008 1137 1043 est
1167 1001 1292 1043 tertia
1322 1002 1506 1044 Persona
1534 1001 1758 1043 secundum

347 1058 533 1100 ordinem
562 1058 837 1108 confessionis,
866 1065 913 1101 ut
942 1059 1101 1115 antiqui
1131 1059 1315 1116 theologi
1345 1059 1583 1115 loquuntur,
1611 1065 1655 1102 et
1683 1073 1758 1101 nos

347 1116 459 1172 loqui
480 1117 723 1159 docuerunt.
765 1117 1125 1160 TURRIANUS.
1776 1130 1822 1168 15

406 1174 512 1216 Ibid.
554 1174 580 1215 l.
623 1187 688 1215 11.
729 1175 798 1217 οὐκ
838 1173 1438 1230 ηὐχαρίστησαν-ἠρνήσαντο]
1505 1175 1572 1216 Ex
1616 1174 1758 1216 decem

347 1231 520 1288 leprosis
540 1246 622 1273 non
652 1247 798 1274 novem
819 1233 846 1275 J
852 1232 984 1281 udaei,
1006 1233 1079 1275 sed
1099 1247 1204 1274 unus
1224 1238 1387 1274 tantum
1411 1231 1570 1288 gratias
1591 1230 1758 1274 Christo

347 1290 434 1344 egit
461 1295 628 1332 sanatus
653 1297 695 1332 et
714 1290 757 1331 in
778 1305 871 1332 eum
893 1290 1065 1333 credens
1087 1289 1384 1333 Samaritanus.
1448 1290 1547 1332 Luc.
1570 1289 1666 1331 xvii.
1695 1292 1757 1332 16.

349 1348 517 1389 FABR.
579 1348 671 1390 Hoc
692 1347 790 1390 dicit
816 1354 988 1404 propter
1010 1349 1194 1398 Petrum,
1216 1362 1338 1404 quem
1365 1347 1539 1404 legimus
1558 1347 1600 1389 in
1622 1347 1758 1390 Evan-

348 1405 457 1462 gelio
479 1420 664 1462 negasse.
707 1406 990 1448 TURRIAN.
1773 1420 1823 1446 20

409 1464 455 1505 P.
479 1475 546 1517 71.
578 1463 607 1504 l.
631 1464 670 1504 6.
702 1463 820 1514 ξένον
847 1481 915 1516 μοι
950 1462 1094 1517 φέρεις,
1126 1463 1262 1516 Λόγον
1292 1461 1423 1516 λέγων
1452 1462 1570 1518 Ύὶόν]
1634 1463 1758 1505 Hunc

347 1521 482 1563 locum
509 1527 609 1577 puto
636 1518 894 1563 a‘Turriano
922 1521 1056 1562 minus
1089 1521 1193 1562 bene
1221 1534 1474 1576 expressum,
1499 1525 1625 1576 atque
1653 1520 1758 1577 Hip-

348 1578 537 1635 polytum
565 1578 700 1635 potius
720 1578 763 1620 in
783 1579 890 1621 hanc
911 1577 1156 1621 sententiam
1184 1577 1393 1634 scripsisse
1414 1591 1423 1618 ε
1456 1579 1629 1620 Novum
1648 1579 1759 1620 mihi

347 1638 491 1692 affere,
525 1652 655 1692 quum
686 1637 854 1679 Filium
890 1638 1072 1679 Verbum
1107 1651 1247 1685 vocas,
1279 1635 1364 1678 sive
1399 1636 1526 1678 Verbi
1560 1636 1759 1692 appella-3

347 1695 526 1736 nomine.
569 1695 736 1736 FABR.
1774 1706 1822 1745 25

408 1752 513 1794 Ibid.
535 1752 559 1793 l.
586 1764 622 1804 7.
655 1750 748 1793 ἀλλ’
779 1752 915 1794 ἄλλως
947 1752 1182 1806 ἀλληγορεῖ]
1221 1751 1406 1793 Verbum
1437 1749 1519 1792 Dei
1548 1764 1631 1792 non
1660 1750 1759 1793 alle-

348 1809 501 1866 gorice,
517 1809 591 1852 sed
612 1809 779 1866 proprie
802 1808 948 1850 Filium
971 1809 1052 1851 Dei
1071 1808 1285 1866 significat.
1348 1808 1440 1850 Hoc
1459 1808 1592 1864 ipsum
1613 1808 1760 1850 beatus

350 1867 545 1924 Cyrillus,
575 1867 643 1909 lib.
667 1881 726 1909 vn
748 1866 951 1909 Thesauri
979 1881 1068 1923 cap.
1098 1880 1132 1916 1,
1164 1872 1308 1908 contra
1340 1866 1574 1908 Eunonium
1606 1865 1758 1916 docuit,

347 1932 391 1968 et
421 1940 496 1981 per
528 1925 765 1982 Scripturas
795 1924 999 1981 probavit,
1030 1939 1118 1967 esse
1147 1924 1333 1966 Verbum
1366 1923 1579 1980 proprium
1609 1938 1758 1966 nomen

349 1982 467 2033 Filii;
499 1982 541 2025 id
572 1990 647 2032 est,
677 1983 782 2025 hanc
813 1997 966 2031 vocem,
990 1982 1188 2032 Verbum,
1217 1980 1384 2039 proprie
1414 1988 1457 2024 et
1487 1981 1694 2030 decenter,
1715 1987 1758 2024 et
1771 1997 1823 2035 30

349 2055 430 2083 non
464 2055 539 2097 per
568 2040 807 2083 abusionem
841 2046 916 2082 aut
949 2039 1190 2097 allegoriam
1223 2039 1370 2082 Filium
1401 2038 1481 2081 Dei
1512 2038 1756 2096 significare.

350 2098 632 2141 TURRIAN.
696 2099 834 2149 Quum
854 2098 913 2141 ita
933 2097 1084 2140 voterit
1104 2098 1237 2140 locum
1259 2097 1500 2146 Turrianus,
1522 2098 1596 2139 sed
1626 2097 1758 2140 aliter

343 2171 425 2213 per
455 2157 712 2212 alleyoriam
741 2157 1067 2211 interpretatur.
1126 2156 1264 2197 Immo
1290 2170 1374 2198 non
1395 2155 1526 2198 aliter
1549 2169 1632 2210 per
1652 2155 1757 2198 alle-

346 2216 520 2270 ρονίαπι
560 2215 886 2270 interpretatur,
919 2212 1082 2255 videtur
1117 2212 1186 2255 ille
1225 2211 1381 2268 aliquid
1420 2217 1589 2268 praeter
1619 2212 1759 2255 lectio-

348 2287 442 2314 nem
471 2277 679 2328 receptam
711 2270 753 2313 in
777 2270 927 2314 Codice
947 2285 1020 2313 suo
1043 2270 1258 2313 invenisse.
1320 2270 1513 2312 Fortasse
1534 2283 1631 2312 vero
1661 2269 1756 2312 olim
1771 2284 1821 2324 35

349 2329 548 2386 scriptum
579 2334 684 2377 erat,
706 2330 799 2371 ἀλλ’
820 2329 1053 2381 ἀλληγορεῖ.
1113 2328 1198 2370 Οὐκ
1227 2328 1460 2382 ἀλληγορεῖ.
1521 2327 1651 2372 Οὗτος
1680 2330 1757 2382 γὰρ

350 2387 422 2430 &a
444 2386 501 2429 sic
522 2386 629 2428 enim
651 2385 787 2443 potius
808 2385 1028 2442 legendum
1079 2391 1164 2436 uto,
1187 2399 1269 2427 non
1290 2385 1423 2429 οὕτως.

411 2444 515 2487 lbid.
545 2444 568 2485 Ι.
601 2457 663 2500 ¹9·
696 2445 741 2485 ἐν
776 2443 986 2498 συμβόλῳ]
1073 2457 1120 2485 oc
1155 2447 1219 2485 est
1258 2441 1300 2484 in
1332 2442 1480 2500 figura,
1509 2455 1591 2498 qua
1626 2441 1757 2484 utitur

349 2502 472 2546 etiam
500 2501 710 2558 Propheta
733 2500 875 2543 Esaias
895 2499 993 2542 lxiii.
1018 2512 1055 2543 2.
1100 2500 1267 2542 FABR.

410 2560 455 2602 Ρ.
479 2571 547 2613 72.
570 2559 595 2602 1.
619 2559 656 2601 8.
685 2559 757 2610 τὴν
778 2559 897 2611 δόξαν
916 2557 1112 2612 ἔξέδειραν
1133 2556 1266 2614 αὐτοῦ]
1294 2556 1362 2600 Sic
1387 2556 1597 2599 habebant
1618 2556 1752 2599 LXX.
1770 2576 1821 2610 40

351 2618 391 2660 in
439 2616 665 2674 exemplari
708 2614 942 2715 Hippolyti,
985 2616 1117 2668 δόξαν,
1159 2629 1240 2657 non
1287 2615 1421 2667 δορὰν,
1464 2620 1509 2657 ut
1558 2628 1665 2657 nunc
1714 2614 1755 2657 in

352 2674 513 2717 nostris.
568 2673 770 2717 Convenit
805 2688 891 2716 iaec
912 2672 1032 2716 lectio
1052 2687 1143 2715 cum
1168 2671 1276 2715 Esai.
1298 2671 1368 2714 liii.
1432 2673 1628 2715 Vidimus
1647 2685 1754 2721 eum,

350 2741 389 2774 et
420 2749 502 2774 uon
532 2740 627 2774 arat
657 2732 827 2788 species.
858 2746 988 2787 neque
1018 2731 1155 2774 decor.
1198 2729 1481 2773 TURRIAN.
1542 2728 1667 2771 Nulla
1689 2743 1755 2772 va-

352 2789 478 2832 rietas
506 2789 559 2831 aul
583 2804 719 2831 vocem
742 2790 862 2841 δορὰν
884 2795 1026 2831 notata
1052 2794 1115 2830 ost
1139 2787 1179 2830 in
1202 2786 1299 2830 odit.
1322 2789 1401 2829 τῶν
1423 2785 1556 2828 LXX.
1577 2786 1631 2829 ab
1654 2786 1753 2829 Hol-

352 2846 476 2890 monio
497 2854 539 2889 ot
564 2847 739 2888 Pan-sons
758 2846 974 2888 adornata.
1770 2861 1818 2898 45
