1988 3216
116 317 194 349 Luc.
215 318 295 349 xxii.

114 365 166 402 46.

114 713 140 743 C
148 713 181 743 A
189 713 226 744 P.
251 712 317 743 IX.

114 756 310 798 Anacepha-

114 799 241 832 laeosis.

128 1716 244 1748 CAP.
263 1716 309 1748 X.

118 1760 220 1792 Posse
236 1771 296 1791 nos

118 1804 298 1846 superadji-

117 1858 203 1879 cere.

119 1892 200 1924 Luc.
219 1891 262 1923 xi.
280 1892 310 1924 8.

119 2423 183 2455 CA
196 2421 232 2452 P.
258 2419 324 2451 XI.

121 2467 175 2498 Nc
191 2475 289 2496 omnm

122 2511 255 2541 Patrem
264 2507 324 2539 fm-

119 2554 163 2585 tsi
188 2553 302 2583 im·

121 2609 175 2629 rm.

119 2651 261 2684 Mntt.v.
272 2659 322 2690 ²3.

331 195 415 235 108
806 194 1262 236 TERTULLlANl

331 302 671 362 posterioribus
708 303 984 347 confirmat:
1026 300 1178 354 Orate,
1204 301 1376 354 dicens,
1403 316 1457 346 ne
1488 301 1736 346 tentemini.

331 380 469 425 Adeo
504 380 675 425 tentati
711 386 824 425 suut
858 379 1122 425 Dominum
1158 380 1426 429 deserendo,
1452 379 1537 438 qui
1572 394 1739 424 somno

330 458 489 518 potius
530 458 845 511 indulserant,
880 473 1025 517 quam
1073 457 1292 503 orationi.
1367 456 1439 502 Eo
1485 459 1740 516 respondet

330 537 555 588 clausula,
591 535 912 594 interpretans
948 535 1064 594 quid
1105 535 1182 588 sit,
1219 532 1291 579 Ne
1328 549 1410 580 nos
1448 533 1645 580 deducas
1688 534 1738 579 in

332 613 622 659 tentationem
640 628 653 663 ‚·
690 613 779 657 hoc
803 620 875 657 est
899 612 1026 657 enim
1052 624 1137 657 SED
1162 624 1355 657 DEVEHE
1380 624 1469 658 NOS
1493 625 1523 657 A
1549 624 1692 658 MALo.
1755 632 1776 670 5

399 691 707 750 Compendiis
758 692 1070 749 pauculorum
1118 690 1385 743 verborum,
1433 698 1550 750 quot
1596 691 1741 736 attin-

331 775 516 831 guntur
543 768 696 813 edicta
725 767 1090 827 Prophetarum,
1117 767 1510 829 Evangeliorum,
1535 768 1742 827 Aposto-

332 848 502 896 lorum,
535 860 775 890 sermones
807 844 1020 897 Domini,
1052 845 1319 903 parabolae,
1349 846 1577 904 exempla,
1609 861 1744 904 prae-

331 923 493 982 cepta!
540 922 672 975 Quot
695 922 840 967 simul
871 929 1219 984 expunguntur
1242 922 1423 968 officia!
1471 922 1564 968 Dei
1594 923 1744 968 honor

332 1001 382 1046 in
409 1000 567 1054 Patre,
593 999 703 1045 fidei
737 986 1066 1045 testimonium
1095 999 1144 1045 in
1172 1001 1378 1054 nomine,
1403 1001 1580 1046 oblatio
1612 1001 1744 1046 obse·
1761 1016 1808 1042 10

332 1078 433 1138 quii
470 1078 521 1123 in
545 1079 806 1131 voluntate,
831 1077 1220 1123 commemoratio
1255 1078 1355 1138 spei
1391 1078 1441 1124 in
1477 1094 1638 1141 regno,
1664 1094 1743 1139 pe-

333 1156 442 1202 titio
460 1155 587 1201 vitae
610 1156 660 1201 in
686 1170 822 1214 pane,
843 1156 1187 1217 exomologesis
1212 1156 1481 1202 debitorum
1505 1157 1554 1201 in
1581 1157 1744 1216 depre-

333 1234 531 1287 catione,
567 1233 822 1279 solicitudo
864 1233 1183 1278 tentationum
1222 1233 1272 1279 in
1309 1234 1631 1293 postulatione
1669 1239 1745 1280 tu-

334 1314 469 1358 telae.
539 1311 667 1365 Quid
702 1311 917 1357 mirum?
968 1310 1099 1357 Deus
1129 1313 1258 1357 solus
1287 1313 1455 1357 docere
1491 1311 1665 1371 potuit,
1689 1318 1744 1357 ut

333 1406 383 1436 se
409 1391 548 1435 vellet
574 1389 710 1435 orari.
786 1389 866 1435 Ab
890 1389 994 1448 ipso
1019 1389 1172 1451 igitur
1196 1389 1418 1435 ordinata
1450 1389 1618 1450 religio
1642 1405 1745 1435 ora·
1762 1407 1808 1445 15

335 1467 494 1518 tionis,
528 1473 576 1512 et
608 1468 676 1520 de,
703 1466 877 1526 spiritu
914 1466 1077 1526 ipsius,
1097 1467 1200 1527 jam
1237 1473 1366 1520 tunc,
1391 1481 1539 1525 quum
1575 1482 1632 1511 ex
1664 1481 1744 1512 ore

335 1545 502 1591 divino
539 1545 746 1590 ferretur
778 1543 1003 1597 animata,
1036 1559 1122 1589 suo
1160 1543 1410 1605 privilegio
1446 1544 1657 1589 ascendit
1693 1543 1742 1589 in

337 1624 534 1674 coelum,
560 1623 897 1667 commendans
923 1621 1059 1667 Patri
1083 1637 1206 1681 quae
1233 1621 1387 1666 Filius
1411 1621 1588 1667 docuit.

404 1699 641 1753 Quoniam
671 1706 829 1744 tamen
858 1699 1094 1744 Dominus
1128 1706 1401 1758 prospector
1425 1699 1742 1745 humanarum

337 1778 686 1831 necessitatum,
712 1792 923 1823 seorsum
952 1784 1058 1836 post
1089 1777 1316 1823 traditam
1346 1777 1512 1822 orandi
1538 1777 1746 1838 discipli·
1762 1799 1811 1825 20

338 1871 466 1908 nam,
492 1854 655 1906 Petite,
681 1854 853 1914 inquit,
878 1860 919 1900 et
944 1854 1192 1916 accipietis,
1216 1860 1263 1899 et
1291 1861 1405 1900 sunt
1427 1870 1550 1914 quae
1582 1861 1747 1915 petan-

339 1940 420 1979 tur
444 1948 528 1993 pro
551 1932 910 1979 circumstantia
941 1933 1200 1993 cujusque3
1241 1931 1499 1991 praemissa
1530 1932 1747 1994 legitima

337 2020 385 2057 et
409 2010 652 2057 ordinaria
675 2010 891 2055 oratione
915 2009 1053 2070 quasi
1078 2010 1406 2061 fundamento,
1430 2009 1743 2056 accidentium

338 2087 490 2151 [sors.
512 2088 834 2134 accedentium
863 2086 1060 2133 Latinus
1084 2085 1327 2147 Latinius]
1351 2087 1695 2134 desideriorum
1711 2096 1745 2143 ⁸,

331 2168 415 2229 jus
439 2174 508 2212 est
533 2165 889 2225 superstruendi
914 2165 1207 2211 extrinsecus
1233 2164 1500 2224 petitiones,
1519 2180 1625 2211 cum
1652 2181 1746 2211 me·
1762 2175 1810 2215 25

338 2244 490 2290 moria
526 2250 687 2289 tamen
726 2249 1100 2302 praeceptorum,
1126 2258 1184 2287 ne
1208 2250 1441 2302 quantum
1475 2258 1504 2288 a
1527 2258 1746 2303 praecep-

338 2321 415 2375 tis,
442 2327 629 2367 tantum
656 2320 717 2366 ab
741 2320 936 2366 auribus
962 2319 1053 2365 Dei
1081 2321 1220 2380 longe
1244 2319 1408 2365 simus·

409 2396 642 2443 Memoria
684 2404 1042 2456 praeceptorum
1081 2396 1205 2442 viam
1243 2396 1540 2442 orationibus
1575 2396 1747 2443 sternit

338 2476 397 2522 ad
424 2477 621 2527 coelum,
647 2490 851 2534 quorum
886 2473 1192 2534 praecipuum
1221 2481 1307 2528 est,
1333 2489 1391 2519 ne
1425 2473 1555 2534 prius
1587 2490 1748 2521 ascen-

338 2554 506 2599 damus
543 2552 599 2597 ad
643 2550 728 2596 Dei
766 2553 930 2605 altare,
965 2566 1108 2611 quam
1145 2550 1183 2596 si
1220 2550 1335 2610 quid
1373 2551 1636 2597 discordiae
1672 2554 1745 2598 vel
1758 2568 1810 2605 30

339 2630 545 2676 offensae
585 2645 690 2675 cum
734 2629 964 2675 fratribus
1006 2629 1397 2682 contraxerimus
1440 2630 1743 2675 resolvamus

338 2708 464 2761 Quid
493 2714 565 2752 est
591 2707 717 2753 cuim
743 2707 800 2752 ad
830 2722 988 2766 pacem
1012 2706 1099 2752 Dei
1130 2708 1347 2753 accedere
1371 2706 1473 2752 sine
1499 2721 1612 2766 pace
1628 2706 1650 2751 ?
1685 2707 1741 2751 ad

806 2832 824 2852 a·
851 2823 965 2877 [νεαρ
987 2825 1093 2872 infru,
1115 2838 1148 2875 ι».
1170 2822 1276 2876 431]
