2034 3204
267 436 323 468 Jo.
342 436 388 466 iii.
403 445 452 474 14.

488 234 569 274 164
884 230 1232 273 ADVERSUS
1270 228 1485 272 OMNES

487 343 707 389 imitatur
723 341 872 404 [fors.
900 341 1117 403 intimat]
1143 341 1376 401 serpentis
1401 340 1552 400 ipsius
1577 353 1760 384 sacram
1786 342 1888 397 pot-

486 428 701 475 estatem,
732 420 946 474 dicendo,
970 419 1036 465 Et
1070 419 1188 465 sieut
1222 417 1420 480 Moy-ses
1454 415 1672 463 exaltavit
1706 430 1888 477 serpen-

486 505 571 545 tem
606 498 656 543 in
689 497 878 552 deserto,
903 497 969 543 ita
1000 495 1208 543 eoealtari
1239 501 1412 558 oportet
1441 494 1621 541 Filium
1657 493 1857 540 hominis
1874 510 1887 537 :

486 577 644 636 ipsum
680 575 991 621 introducunt
1025 575 1086 619 ad
1121 573 1441 619 benedicenda
1470 571 1758 618 eucharistia
1789 586 1889 616 sua.

489 654 582 700 Sed
620 659 723 698 tota
759 652 900 698 istius
938 651 1111 697 erroris
1157 658 1204 696 et
1240 666 1380 696 scena
1425 657 1472 696 et
1518 650 1736 696 doctrina
1779 649 1929 695 inde5

488 731 658 786 fluxit3
693 730 860 775 dicunt
889 729 1017 774 enim
1053 730 1111 774 de
1146 728 1229 773 illo
1266 743 1453 773 summo
1476 727 1705 787 primario
1729 726 1894 772 Aeone

488 810 755 868 complures
770 807 887 853 alios
904 807 1092 852 Aeones
1110 805 1349 851 exstitisse
1364 805 1611 851 inferiores
1629 819 1642 855 τ.
1674 803 1895 850 omnibus

490 894 651 933 tamen
674 885 780 931 istis
798 885 1013 930 Aeonem
1037 884 1282 937 antistare,
1295 884 1432 944 cujus
1457 883 1519 928 sit
1544 897 1717 928 nomen
1735 881 1766 927 J
1769 882 1898 927 alda-

492 965 664 1011 baoth:
699 964 829 1009 hunc
857 968 1018 1008 autem
1041 968 1319 1023 conceptum
1346 976 1446 1007 esse
1473 977 1531 1006 ex
1563 962 1713 1006 altero
1738 959 1898 1004 Aeone

490 1041 736 1087 Aeonibus
761 1039 1068 1085 inferioribus
1093 1038 1358 1099 permixt0;
1394 1054 1536 1098 seque
1560 1045 1725 1098 postea
1747 1052 1894 1097 quum
1916 1051 1964 1075 10

494 1120 544 1165 in
581 1117 826 1177 superiora
861 1117 1090 1162 voluisset
1113 1116 1245 1169 eniti,
1269 1116 1508 1177 gravitate
1539 1116 1765 1160 materiae
1797 1130 1901 1174 per-

496 1196 677 1257 mixta[
679 1194 806 1258 sors,
815 1193 1104 1255 permixtae]
1119 1194 1225 1247 sibi,
1241 1209 1335 1239 non
1351 1193 1564 1253 potuisse
1581 1194 1643 1238 ad
1657 1192 1903 1252 superiora

495 1274 758 1335 pervenire,
783 1273 834 1319 in
869 1272 1124 1318 medietate
1148 1271 1302 1334 [fore.
1327 1271 1581 1317 medietate
1609 1269 1745 1331 vero]
1769 1270 1903 1316 relic-

496 1360 601 1399 tum
616 1352 886 1399 extendisse
902 1357 1071 1403 totum,
1087 1350 1296 1396 effecisse
1312 1348 1462 1411 [sors.
1478 1348 1746 1395 extendisse
1763 1363 1814 1394 se
1831 1355 1903 1394 to-

497 1436 616 1483 tum,
642 1436 691 1475 et
714 1429 895 1483 fecisse,
920 1426 1120 1474 Latinus
1137 1425 1380 1487 Latinius]
1404 1426 1471 1473 sic
1494 1427 1691 1472 coelum.
1738 1425 1771 1470 J
1773 1426 1901 1470 alda·
1921 1437 1968 1475 15

498 1508 640 1553 baotb
669 1510 829 1552 tamen
855 1505 1055 1552 inferius
1079 1504 1388 1558 descendisse,
1407 1511 1455 1550 et
1476 1501 1642 1549 fecisse
1666 1502 1758 1548 sibi
1782 1501 1904 1548 filios

499 1591 678 1644 septem
695 1602 706 1640 3
743 1600 885 1644 quem
905 1582 1055 1645 [sore.
1072 1580 1232 1643 queis]
1251 1581 1500 1630 occlusisse
1524 1582 1769 1640 superiora
1786 1579 1906 1626 dila-

499 1662 711 1717 tatione3
748 1668 804 1708 ut
827 1661 942 1722 quia
966 1660 1157 1722 Angeli,
1183 1675 1305 1719 quae
1337 1659 1581 1719 superiora
1605 1665 1764 1704 essent
1787 1658 1906 1704 scire

501 1756 594 1787 non
622 1748 827 1801 possent,
852 1740 1009 1799 ipsum
1035 1740 1188 1784 solum
1214 1738 1372 1783 Deum
1396 1743 1634 1797 putarent.
1688 1736 1908 1783 Virtutes

503 1819 654 1882 igitur
672 1819 777 1864 illas
795 1825 843 1864 et
861 1818 1075 1879 Angelos
1100 1815 1347 1862 inferiores
1367 1815 1607 1861 hominem
1633 1814 1826 1870 fecisse3
1861 1820 1909 1860 et
1924 1833 1973 1859 20

501 1896 615 1956 quia
638 1897 699 1942 ab
714 1894 1060 1941 infirmioribus
1085 1900 1133 1939 et
1158 1892 1475 1939 mediocribus
1491 1891 1753 1938 virtutibus
1770 1890 1910 1937 insti-

502 1981 636 2020 tutus
661 1983 795 2027 esset,
820 1973 959 2034 quasi
984 1987 1193 2018 vermem
1211 1971 1419 2033 jacuisse
1445 1975 1726 2030 reptantem.
1766 1968 1907 2015 Illum

505 2068 617 2097 vero
635 2052 866 2105 Aeonem,
885 2066 943 2096 ex
963 2066 1059 2110 quo
1075 2049 1105 2094 J
1109 2049 1366 2095 aldabaoth
1391 2047 1707 2108 processisset,
1727 2045 1912 2092 invidia

504 2136 810 2184 commotum,
835 2128 1091 2175 scintillam
1116 2127 1372 2187 quamdam
1403 2125 1583 2187 jacenti
1615 2123 1797 2170 homini
1822 2124 1912 2170 im-

507 2208 706 2262 misisse,
744 2222 839 2268 qua
884 2206 1120 2252 excitatus
1162 2220 1247 2264 per
1288 2203 1591 2264 prudentiam
1627 2208 1828 2262 saperet,
1865 2207 1911 2248 et
1927 2210 1975 2249 25

507 2286 772 2347 intelligere
795 2290 953 2344 posset
977 2283 1235 2343 superiora.
1306 2282 1385 2327 Sic
1409 2297 1599 2327 rursum
1622 2280 1655 2326 J
1658 2280 1912 2326 aldabaoth

510 2364 653 2409 istum
703 2362 752 2408 in
801 2361 1178 2422 indignationem
1227 2374 1506 2405 conversum
1555 2373 1613 2404 ex
1660 2357 1913 2417 semetipso

508 2441 712 2488 edidisse
736 2439 964 2485 virtutem
984 2446 1030 2484 et
1055 2436 1207 2499 [som.
1229 2436 1314 2497 ad]
1333 2436 1698 2483 similitudinem
1723 2450 1913 2495 serpen-

509 2519 586 2572 tis,
611 2525 658 2564 et
682 2518 803 2564 hanc
827 2516 975 2563 fuisse
1000 2515 1226 2561 virtutem
1254 2514 1301 2560 in
1328 2515 1562 2574 paradiso,
1588 2514 1633 2559 id
1661 2520 1747 2568 est,
1766 2513 1913 2559 istum

512 2597 658 2643 fuisse
682 2593 1055 2655 serpentem‚cui
1084 2592 1190 2639 Eva
1208 2592 1344 2652 quasi
1373 2591 1498 2637 Filio
1523 2591 1612 2637 Dei
1637 2590 1910 2637 crediderat.
1927 2606 1978 2642 30

513 2673 776 2733 Decerpsit,
816 2671 1057 2732 inquiunt,
1097 2671 1156 2716 de
1192 2669 1352 2716 fructu
1389 2669 1588 2725 arboriS,
1625 2676 1768 2729 atque
1807 2667 1914 2714 ideo

511 2751 673 2813 generi
700 2751 911 2797 humano
935 2748 1181 2795 scientiam
1217 2748 1445 2794 bonorum
1477 2753 1524 2793 et
1547 2747 1777 2792 malorum
1804 2760 1914 2791 con-

515 2829 699 2875 tribuit.
771 2827 1017 2873 Christum
1057 2834 1214 2871 antem
1250 2842 1341 2872 non
1381 2827 1427 2871 in
1458 2823 1726 2871 substantia
1758 2823 1915 2869 carnis
