2034 3204
445 213 530 256 174
821 211 1365 259 ANNOTATIONES,
1395 210 1469 252 &c.

444 320 481 362 ei
503 320 693 377 adjunxit
717 319 760 361 in
780 319 1004 362 Anecdotis
1034 319 1128 369 suis,
1151 333 1257 375 quae
1278 317 1504 360 Mediolani
1532 317 1650 360 annis
1677 319 1781 374 1697
1806 323 1849 359 et

450 378 559 431 1698
597 378 853 434 prodierunt,
887 391 939 419 ex
975 375 1274 418 Ambrosianae
1310 375 1594 418 Bibliothecae
1631 375 1849 418 codicibus

445 436 676 492 desumpta.
728 436 777 477 In
794 434 1015 476 Parisiensi
1035 440 1174 476 autem
1196 448 1367 490 operum
1389 432 1634 475 Tertulliani
1654 432 1846 482 editione,

443 508 471 535 a
501 492 733 535 Muratorio
764 506 890 549 supra
924 497 1254 543 commemorata,
1285 505 1432 533 novem
1461 496 1664 533 tractatus
1693 490 1742 532 iis
1776 491 1848 532 ad-

444 551 521 593 diti
556 557 652 592 sunt
691 550 908 606 opusculis,
945 563 1051 605 quae
1088 549 1243 590 Beatus
1278 549 1517 597 Rhenanm,
1551 548 1708 604 primus
1744 548 1846 590 Ter·
1861 564 1884 601 5

444 608 604 650 tulliani
625 608 772 657 editor,
790 607 977 649 Basileae
997 621 1105 647 anno
1127 618 1231 661 1521
1252 605 1364 662 typis
1385 606 1665 648 mandaverat.
1729 606 1849 648 Unus

444 681 497 707 ex
517 666 670 708 additis
690 664 935 707 tractatibus
953 663 1058 705 liber
1078 662 1158 705 iste
1178 663 1230 705 de
1253 663 1452 705 Oratione
1467 663 1558 705 fuit.
1619 663 1670 705 In
1688 663 1849 706 Gelenii

444 738 543 766 vero
574 724 755 765 editione
776 722 1048 764 Parisiensem
1078 720 1191 762 illam
1220 720 1407 777 proxime
1427 726 1639 776 sequente,
1660 735 1848 777 quaeque

443 796 553 823 anno
593 794 602 821 ι
612 794 698 836 550
730 779 918 822 Basileae
947 793 1098 820 excusa
1128 783 1203 827 est,
1235 777 1426 835 producti
1460 783 1557 820 sunt
1585 777 1708 820 iidem
1742 784 1850 821 trac-

444 845 569 887 tatus,
591 839 662 880 sed
685 837 838 894 sumpti
858 851 911 879 ex
934 836 1084 879 Codice
1105 836 1283 891 quodam
1304 835 1556 886 Britannico,
1579 850 1700 891 quem
1721 836 1849 878 Joan-
1865 853 1914 878 10

444 911 517 938 nes
559 896 779 944 Lelandus,
810 894 981 936 illustris
1019 892 1290 950 antiquarius,
1324 908 1414 935 cum
1457 892 1630 936 Gelenio
1669 907 1848 935 commu-

443 954 667 996 nicaverat.
740 953 787 994 In
829 952 906 994 hoc
947 951 1098 994 Codice
1137 951 1293 1008 reperti
1332 956 1430 993 sunt
1467 957 1555 993 tres
1593 965 1757 1007 quoque
1796 966 1849 993 ex

443 1011 590 1054 libellis
620 1027 646 1053 a
678 1011 808 1052 Beato
841 1010 1044 1052 Rhenano
1079 1009 1194 1066 prius
1227 1008 1375 1059 editis3
1416 1014 1459 1051 et
1489 1023 1594 1051 unus
1623 1008 1848 1051 eorundem

442 1069 522 1111 fuit
548 1069 655 1111 alter
676 1069 852 1116 illorum,
875 1081 978 1124 quos
1008 1067 1099 1115 edo,
1121 1067 1422 1123 opusculorum,
1444 1066 1497 1109 de
1518 1065 1849 1123 Praescriptione

445 1126 762 1169 Haereticorum
792 1125 1026 1182 inscriptus.
1087 1124 1301 1167 Editiones
1331 1130 1468 1166 autem
1500 1123 1723 1180 primariae
1747 1124 1848 1166 Ter·
1866 1139 1912 1177 15

442 1185 617 1234 tulliani,
639 1199 815 1241 quarum
845 1198 923 1240 ope
953 1197 1031 1237 ego
1061 1182 1103 1224 in
1132 1182 1300 1224 edendis
1320 1181 1385 1223 his
1405 1181 1607 1238 opusculis
1627 1197 1725 1224 usus
1743 1196 1847 1231 sum,

445 1242 744 1285 Rhenanianae
774 1241 966 1298 princeps
996 1245 1039 1282 et
1068 1239 1196 1282 tertia
1226 1239 1407 1290 fuerunt,
1429 1254 1555 1296 quum
1586 1239 1677 1282 illas
1706 1246 1848 1282 mutuo

442 1301 688 1357 accepissem
721 1315 746 1342 a
776 1299 944 1341 custode
975 1297 1174 1354 sociisque
1194 1297 1303 1340 Novi
1333 1296 1508 1355 collegii
1537 1297 1776 1354 splendidae
1805 1304 1850 1340 et

443 1359 639 1415 antiquae
686 1358 844 1400 domus.
923 1356 1062 1398 Editio
1103 1355 1378 1398 Rhenaniana
1417 1361 1567 1411 quarta
1607 1361 1651 1397 et
1690 1355 1847 1405 ultima,

443 1431 550 1472 quac
585 1416 739 1472 prodiit
772 1414 913 1457 itidem
953 1413 1139 1456 Basileae
1179 1427 1287 1455 anno
1328 1424 1450 1470 1539,
1486 1412 1529 1454 in
1562 1412 1722 1469 peculio
1755 1428 1847 1455 meo
1862 1427 1913 1453 20

442 1481 648 1516 censetur.
711 1472 908 1529 Sequitur
944 1471 1184 1514 Parisiensis
1223 1471 1402 1513 secunda
1441 1484 1550 1512 anno
1588 1472 1696 1526 1566
1735 1470 1848 1527 typis

443 1531 656 1588 impressa,
679 1546 785 1587 qnae
805 1529 971 1586 quidem
1001 1528 1140 1578 editio,
1162 1528 1221 1570 ita
1244 1535 1357 1570 certe
1387 1528 1595 1570 referente
1624 1528 1673 1570 01.
1697 1528 1848 1571 Schoe-

443 1604 648 1631 ncinanno
660 1588 701 1630 in
720 1588 977 1630 Bibliotheca
993 1601 1066 1629 sua
1079 1585 1388 1629 Historico-Lit.
1405 1586 1576 1628 Patrum
1591 1585 1847 1635 Latinorum,

444 1648 522 1689 vol.
555 1662 581 1688 1.
617 1661 657 1704 p.
685 1659 753 1695 22,
784 1651 978 1687 accurata
1009 1644 1260 1687 Gelenianae
1299 1643 1482 1700 repititio
1521 1648 1596 1685 est.
1677 1643 1848 1686 Accedit

446 1704 769 1752 Franckeriana,
783 1703 845 1759 cuj
853 1718 898 1745 us
919 1708 1057 1744 textus
1073 1716 1198 1758 quum
1216 1701 1446 1758 descriptus
1466 1706 1574 1743 esset
1594 1715 1646 1743 ex
1667 1700 1846 1744 editione
1862 1714 1910 1752 25

443 1763 596 1805 celebri
626 1761 774 1804 Jacobi
805 1760 975 1803 Pamelii
1014 1774 1123 1802 anno
1159 1770 1267 1816 1579
1300 1773 1466 1808 excusa,
1497 1758 1604 1800 notis
1640 1759 1846 1801 Frzmcisci

442 1820 560 1863 ι1111111
601 1820 808 1862 illustrata
838 1818 1105 1860 Franekerae
1144 1831 1253 1860 anno
1292 1827 1401 1873 1597
1437 1816 1604 1874 prodiit.
1676 1816 1847 1859 Pamelii

444 1885 581 1928 notae,
603 1892 709 1935 quae
739 1876 795 1919 ibi
826 1876 1085 1926 omittuntur,
1108 1874 1287 1924 Parisiis,
1308 1889 1374 1917 an.
1406 1875 1480 1930 163
1483 1885 1510 1930 5
1538 1888 1707 1916 recusae
1737 1881 1844 1917 sunt.

445 1937 512 1978 Ad
533 1951 698 1978 manum
719 1949 844 1992 porro
866 1933 963 1976 mihi
983 1934 1154 1976 fuerunt
1173 1932 1278 1975 aliae
1299 1932 1406 1974 duae
1425 1946 1451 1974 a
1470 1932 1513 1973 N
1514 1931 1641 1974 icolao
1663 1931 1846 1989 Rigaltio

441 1995 485 2037 J.
510 1995 556 2036 (ἶ.
579 1994 805 2036 adornatae
835 1991 1047 2037 editiones,
1069 1997 1157 2033 tum
1187 1990 1258 2033 illa
1289 2004 1432 2032 novem
1462 1989 1662 2032 librorum
1683 1990 1847 2033 Tertul-
1861 2009 1912 2046 30

444 2052 541 2095 liani
564 2051 730 2093 Parisiis
751 2052 885 2102 forma
905 2049 1051 2091 minori
1073 2063 1181 2091 anno
1203 2048 1267 2091 vel
1295 2048 1400 2090 1628
1418 2048 1483 2090 vel
1508 2049 1613 2102 1629
1634 2047 1845 2104 impressa,

443 2116 530 2152 tnrn
564 2109 734 2167 egregia
764 2109 943 2151 oninium
975 2121 1146 2164 opernm
1168 2105 1413 2148 Tertulliani
1443 2105 1584 2155 editio,
1605 2120 1711 2162 quae
1738 2119 1846 2148 anno

451 2170 559 2224 1634
590 2183 680 2209 cum
717 2167 817 2209 orbe
853 2166 1036 2208 litterato
1071 2165 1124 2206 ab
1157 2164 1300 2206 eodem
1333 2163 1516 2220 Rigaltio
1551 2162 1848 2206 communicata

442 2233 519 2268 est.
585 2226 704 2267 Hanc
734 2230 873 2267 autem
896 2222 1174 2281 Rigaltianam
1205 2228 1330 2278 atque
1361 2221 1463 2263 duas
1492 2220 1581 2263 illas
1605 2221 1692 2277 jam
1717 2220 1847 2264 dictas

443 2283 658 2332 editiones,
692 2281 860 2324 Parisiis
899 2296 1007 2323 anno
1056 2281 1160 2336 ¹566
1201 2286 1244 2322 et
1284 2279 1550 2321 Franckerae
1589 2292 1697 2320 anno
1739 2291 1842 2334 ¹597
1860 2292 1910 2330 35

443 2340 556 2398 typis
600 2341 832 2397 impressas,
872 2340 994 2381 ‚Joan.
1038 2337 1119 2380 Sal.
1165 2337 1374 2379 Somlerus
1417 2335 1529 2378 haud
1579 2336 1638 2379 ita
1686 2336 1845 2392 pridem

443 2414 567 2441 «eausa
617 2397 875 2455 indagandae
926 2395 1107 2437 lectionis
1148 2394 1428 2436 Tertullianao
1467 2393 1509 2435 in
1548 2393 1727 2436 editione
1773 2408 1848 2437 sua

450 2456 617 2499 llalcnsi
653 2471 743 2498 011111
784 2453 966 2511 principe
1003 2453 1288 2500 Rlicnaniana,
1321 2452 1436 2508 cujus
1475 2457 1616 2494 textus
1646 2451 1735 2494 fere
1775 2466 1846 2494 ex-

446 2530 610 2573 pressus
650 2521 713 2557 cst
752 2513 792 2555 in
835 2512 911 2554 hac
954 2509 1138 2559 Halensi,
1179 2509 1449 2551 conferendas
1488 2508 1677 2575 suscepit.
1742 2509 1844 2552 Cum

451 2572 685 2615 l'aineliana
722 2585 819 2613 vcro
854 2569 1032 2612 editione
1068 2567 1109 2610 id
1146 2567 1240 2610 fecit
1277 2567 1485 2609 Scinlerus
1521 2566 1561 2609 in
1602 2566 1651 2608 lis
1686 2566 1846 2618 libellis,
1861 2583 1911 2617 40

445 2645 548 2687 qnos
594 2629 781 2681 ineditos,
823 2634 868 2670 ut
915 2626 1013 2676 dixi,
1055 2625 1222 2682 reliquit
1267 2625 1521 2673 liberianum
1565 2623 1747 2681 exceptis
1792 2624 1847 2667 ad

451 2688 646 2730 Nationes
677 2686 790 2728 libris
821 2685 979 2728 dnobus
1011 2690 1102 2741 post
1132 2690 1319 2749 tempora
1352 2682 1519 2725 l’amelii
1550 2696 1575 2724 a
1595 2682 1685 2724 Jac.
1710 2682 1846 2724 Godo-

447 2746 564 2788 frodo
587 2745 761 2812 primuni
794 2743 926 2785 editis.
992 2741 1149 2784 l'rodiit
1169 2741 1295 2783 editio
1319 2740 1510 2783 llalensis
1535 2739 1652 2782 annis
1679 2751 1847 2795 1770-

451 2806 559 2856 1776
592 2818 630 2845 111
663 2817 746 2859 qna
775 2801 939 2858 quidem
975 2799 1150 2842 varietas
1186 2798 1369 2841 lectionis
1399 2812 1596 2864 perquam
1631 2796 1786 2839 utiliter
1821 2813 1846 2839 a

446 2860 543 2902 viris
581 2861 630 2902 (·Ι.
674 2859 859 2902 sonulam
899 2865 940 2900 et
984 2856 1190 2906 schulzio,
1231 2856 1305 2898 etsi
1356 2870 1488 2897 minus
1527 2860 1730 2904 neem-ate,
1773 2867 1909 2904 110045
