1988 3216
686 151 766 195 DE
805 153 1165 196 ORATIONE.
1545 154 1627 197 107

220 268 292 306 Bis
315 271 487 306 DEBITA
513 273 708 307 NOSTRA.
756 262 1120 324 Exomologesis
1139 269 1224 314 est,
1241 261 1412 321 petitio
1428 262 1592 307 veniae
1611 277 1625 315 3

216 338 332 397 quia
358 338 442 398 qui
476 338 599 398 petit
627 339 832 391 veniam,
863 339 1089 385 delictum
1127 340 1393 386 confltetur.
1465 339 1544 384 Sic
1579 347 1626 385 et

216 414 511 474 poenitentia
543 416 900 462 demonstratur
924 416 1226 476 acceptabilis
1247 416 1365 467 Deo,
1389 416 1504 476 quia
1535 414 1627 462 vult
1641 425 1760 478 Ezeqffj.

214 507 326 545 eam,
363 507 498 554 quam
535 498 722 539 mortem
758 493 1027 556 peccatori&
1098 493 1330 539 Debitum
1372 500 1532 539 autem
1577 495 1627 540 in
1641 480 1755 503 ¹¹¹¹st
1777 481 1824 503 ¹¹'

177 567 475 630 SSctipturis
515 570 679 617 delicti
719 571 875 633 figura
915 580 1002 626 est,
1041 572 1168 631 quod
1211 573 1407 631 perinde
1443 572 1627 633 judicio

213 647 457 701 debeatur,
493 654 541 693 et
578 648 638 693 ab
675 663 729 693 eo
769 648 1008 710 exigatur,
1051 664 1135 694 nec
1178 650 1347 695 evadat
1382 650 1625 711 justitiam

215 725 491 780 exactionis,
517 724 611 771 nisi
643 726 849 772 donetur
877 726 1082 780 exactio,
1105 727 1232 774 sicut
1265 727 1334 773 illi
1367 743 1504 773 servo
1528 727 1627 773 Do·
1642 738 1845 771 Matmvffi.

215 802 374 848 minus
408 803 622 850 debitum
664 803 863 850 remisit.
938 804 1048 850 Huc
1083 804 1208 851 enim
1247 812 1430 865 spectat
1469 791 1692 851 exem-²7'

214 879 347 940 plum
386 881 638 940 parabolae
673 883 836 928 totius.
908 882 1033 927 Nam
1069 889 1117 928 et
1138 884 1266 942 quod
1301 883 1426 928 idem
1459 898 1626 930 servus

154 968 242 1002 10a
267 958 461 1004 domino
493 958 736 1011 liberatus,
763 975 856 1005 non
894 959 1089 1020 perinde
1113 961 1268 1020 parcit
1291 961 1496 1007 debitori
1522 977 1625 1015 suo,

215 1052 268 1082 ac
308 1043 563 1096 propterea
597 1038 783 1084 delatus
824 1054 970 1098 penes
1005 1040 1252 1086 dominum
1293 1040 1464 1085 tortori
1502 1041 1627 1086 dele·

214 1120 358 1175 gatur
381 1115 439 1160 ad
465 1117 741 1161 solvendum
769 1116 1081 1163 novissimum
1110 1118 1441 1177 quadrantem,
1467 1119 1513 1163 id
1539 1124 1623 1171 est,

215 1192 452 1238 modicum
488 1208 639 1253 usque
673 1194 913 1247 delictum,
944 1210 999 1240 eo
1030 1195 1273 1254 competit,
1297 1197 1423 1255 quod
1462 1196 1626 1241 remit-

215 1276 314 1315 tere
337 1285 422 1315 uos
439 1286 630 1330 quoque
654 1273 933 1331 profitemur
950 1273 1248 1318 debitoribus
1274 1273 1462 1318 uostris.
1513 1273 1540 1317 J
1546 1289 1621 1319 am

153 1353 199 1392 15
215 1353 262 1392 et
291 1347 403 1393 alibi
429 1363 488 1393 ex
517 1349 605 1394 hac
628 1349 783 1408 specie
815 1349 1072 1395 orationis:
1109 1348 1358 1402 Remittr'te‚
1383 1351 1556 1410 inquit,
1582 1357 1624 1396 et
1639 1362 1719 1394 Luc.
1734 1363 1775 1394 vi.
1791 1373 1842 1403 37.

214 1424 467 1471 remittetur
498 1424 632 1472 vobis.
706 1426 775 1472 Et
806 1442 955 1487 quum
994 1427 1331 1488 interrogasset
1367 1427 1552 1482 Peth,
1582 1429 1626 1474 si

212 1503 375 1565 septies
410 1504 730 1550 remittendum
766 1511 876 1551 esset
899 1504 1062 1567 ⁸fratri
1077 1523 1091 1550 :
1128 1503 1295 1557 Immo,
1327 1506 1501 1565 inquit,
1525 1523 1623 1568 sep-
1637 1520 1740 1571 ΜΨ.

212 1581 384 1644 ίααρίρε
415 1582 592 1644 septieS,
618 1589 672 1629 ut
702 1585 856 1646 legem
889 1584 938 1629 in
971 1584 1141 1629 melius
1174 1583 1469 1636 reformaret,
1494 1586 1619 1644 quod
1636 1575 1727 1596 ΠΨ·
1750 1575 1800 1597 ²²'

213 1659 260 1705 in
286 1659 460 1706 Genesi
484 1658 540 1706 de
559 1659 680 1708 Cain
704 1660 879 1722 septieS,
898 1660 954 1707 de
973 1659 1170 1707 Lamech
1195 1666 1343 1706 autem
1368 1662 1623 1725 septuaqies
1635 1679 1721 1711 Gon.
1735 1680 1777 1712 iv.
1794 1691 1845 1721 η,

150 1753 200 1779 20
217 1737 386 1798 septime,
412 1736 526 1783 ultio
550 1743 759 1799 reputata
784 1744 863 1784 est.

278 1813 472 1876 Adjecit
496 1816 554 1861 ad
585 1815 934 1875 plenitudinem
965 1823 1064 1862 tam
1095 1817 1342 1877 expeditae
1378 1817 1622 1869 orationis,
1681 1832 1798 1864 CAP.

213 1900 267 1939 ut
302 1908 397 1938 non
433 1894 492 1938 de
528 1893 824 1940 remittendis
861 1900 1063 1946 tantum,
1097 1895 1178 1940 sed
1216 1896 1363 1941 etiam
1400 1896 1458 1940 de
1493 1910 1627 1940 aver·
1686 1876 1794 1908 vm'

214 1969 369 2016 tendis
404 1970 453 2015 in
491 1976 648 2016 totum
683 1972 868 2017 delictis
904 1972 1295 2031 supplicaremus,
1328 1985 1391 2017 NE
1428 1985 1517 2018 NOS
1554 1985 1627 2017 IN-

215 2060 369 2093 DUGAS
394 2060 444 2093 IN
470 2060 820 2102 ΤΕΝΤΑΤῙΟΝΕΜ,
840 2049 887 2094 id
914 2058 1002 2103 est,
1027 2066 1086 2095 ne
1111 2065 1196 2096 nos
1221 2050 1420 2110 patiaris
1445 2050 1626 2105 induci,

151 2141 200 2180 25
214 2125 274 2171 ab
309 2141 364 2170 eo
395 2126 562 2186 utique
586 2126 671 2186 qui
707 2134 877 2172 tentat.
947 2127 1172 2173 Ceterum
1210 2129 1335 2174 absit
1367 2135 1423 2174 ut
1458 2127 1621 2174 Domi·

215 2218 304 2249 nus
329 2210 514 2249 tentare
538 2205 771 2258 videatur,
796 2206 934 2264 quasi
967 2212 1050 2251 aut
1087 2206 1276 2266 ignoret
1303 2206 1443 2252 fidem
1470 2207 1626 2267 cujus·

213 2296 318 2340 que,
344 2287 428 2327 aut
459 2281 662 2342 dejicere
692 2283 755 2328 sit
787 2283 1010 2345 gestiens.
1083 2283 1275 2329 Diaboli
1308 2290 1378 2329 est
1408 2291 1456 2329 et
1493 2284 1624 2330 infir-

215 2359 359 2406 mitas
399 2366 447 2405 et
484 2360 684 2406 malitia.
757 2361 886 2407 Nam
927 2369 975 2407 et
1011 2360 1344 2408 Abrahamum
1387 2379 1478 2408 non
1523 2371 1625 2409 ten-

215 2437 387 2482 tandae
421 2437 530 2482 fidei
565 2437 721 2498 gratia
757 2439 1022 2484 sacrificare
1056 2439 1115 2484 de
1150 2439 1248 2484 filio
1280 2440 1505 2500 jusserat,
1541 2442 1623 2486 sed

151 2532 202 2567 30
217 2514 514 2573 probandam
550 2521 604 2560 ut
629 2530 714 2574 per
736 2531 845 2561 eum
870 2516 1046 2562 faceret
1074 2517 1344 2575 exemplum
1375 2526 1626 2578 praecepto

216 2607 314 2642 suo,
339 2606 436 2651 quo
458 2606 570 2636 mox
600 2600 939 2652 praecepturus
971 2601 1087 2645 erat,
1113 2609 1265 2653 neque
1295 2594 1497 2655 pignora
1522 2596 1626 2641 Deo

217 2668 396 2714 cariora
422 2668 652 2714 habenda.
727 2670 832 2728 Ipse
857 2686 885 2715 a
902 2670 1092 2716 diabolo
1117 2678 1342 2724 tentatus,
1359 2674 1624 2732 praesidem

219 2751 266 2790 et
290 2746 517 2791 artificem
551 2748 828 2792 tentationis
864 2749 1221 2796 demonstravit.
1297 2750 1437 2796 Hunc
1472 2753 1625 2797 locum
