2034 3204
242 367 426 408 1Co.xi.19.

225 845 236 865 ι
253 834 329 866 Cor.
348 834 392 864 xi.

226 887 276 920 ¹9-

225 991 237 1012 ι
248 981 323 1012 Cor.
339 981 359 1011 i.
378 990 425 1012 10.

221 1206 337 1238 CAP.
360 1206 427 1237 VI.

222 1250 299 1282 Gal.
313 1261 345 1282 v,
364 1260 416 1282 20.

222 1364 290 1396 Tit.
304 1364 351 1395 iii.
368 1373 416 1395 10.

230 2526 305 2558 (inl.
325 2526 345 2558 i.
365 2528 395 2557 8,

235 2856 251 2877 2
268 2845 343 2877 (Tor.
364 2845 406 2876 xi.

240 2899 286 2929 14.

435 239 518 279 19,ίὶ
910 241 1358 283 TERTULLIANI

437 364 633 411 quosque
680 347 1050 411 mamfistandoa
1087 350 1263 395 scilicet
1302 365 1420 408 quos
1459 364 1551 394 non
1595 348 1836 407 potuerint

435 428 708 486 depravare.
761 425 982 486 Denique
1004 427 1045 472 si
1069 433 1223 472 totum
1241 426 1503 486 capitulum
1522 427 1581 471 ad
1600 425 1833 471 unitatem

437 504 787 560 continendam,
816 510 864 549 et
891 504 1212 563 separationes
1247 505 1525 549 coercendas
1560 503 1698 562 sapit,
1728 503 1840 548 hae-

438 597 564 627 reses
601 597 713 627 vero
758 597 854 627 non
894 582 1053 627 minus
1099 582 1161 627 ab
1197 581 1382 626 unitate
1419 580 1654 626 divellunt
1693 594 1839 638 quam

438 659 698 704 schismata
732 665 780 704 et
813 659 1143 711 dissensiones,
1168 658 1270 703 sine
1293 658 1440 703 dubio
1463 665 1510 703 et
1543 658 1760 703 haereses
1788 655 1876 707 in5

439 751 496 781 ea
518 735 787 781 conditione
810 735 1190 794 reprehensionis
1213 734 1476 788 constituit,
1501 734 1551 779 in
1575 749 1673 794 qua
1694 732 1843 779 schis-

441 821 570 858 mata
604 820 653 858 et
687 812 1016 858 dissensiones.
1086 811 1161 857 Ac
1195 828 1279 872 per
1312 813 1402 857 hoc
1436 827 1531 857 non
1566 827 1645 857 eos
1673 809 1843 872 proba-

439 889 548 936 biles
578 890 708 943 facit,
735 890 819 950 qui
850 890 901 935 in
933 890 1149 936 haereses
1173 890 1469 943 diverterint,
1492 905 1601 936 cum
1637 889 1844 934 maxime

441 968 615 1014 diverti
639 969 696 1014 ad
724 968 959 1029 ejusmodi
987 968 1263 1030 objurgans,
1287 975 1335 1014 et
1363 969 1533 1014 docens
1564 983 1716 1013 unum
1744 982 1845 1012 om-

442 1059 523 1088 nes
555 1043 702 1103 loqui,
734 1049 783 1089 et
813 1043 1023 1103 idipsum
1059 1059 1252 1103 sapere3
1292 1045 1418 1104 quod
1450 1044 1596 1090 etiam
1627 1044 1844 1089 haereses
1861 1061 1908 1086 ιο

441 1136 537 1166 non
561 1120 740 1166 sinunt.

509 1198 610 1244 Nec
648 1197 830 1244 diutius
867 1198 926 1243 de
962 1197 1072 1253 isto,
1101 1197 1143 1243 si
1180 1197 1306 1243 idem
1344 1206 1416 1244 est
1449 1198 1647 1252 Paulus,
1680 1198 1765 1258 qui
1799 1204 1846 1244 et

442 1276 559 1322 alibi
591 1277 808 1322 haereses
843 1275 972 1323 inter
998 1276 1209 1322 carnalia
1239 1276 1442 1322 crimina
1472 1283 1706 1330 numerat,
1734 1275 1848 1322 scri-

445 1356 557 1400 bens
603 1355 663 1399 ad
705 1354 934 1408 Galatas;
982 1361 1030 1399 et
1070 1354 1154 1414 qui
1197 1354 1312 1400 Tito
1352 1354 1583 1417 suggerit,
1620 1352 1847 1400 hominem

442 1430 714 1478 haereticam
756 1436 863 1492 post
900 1430 1107 1492 primam
1146 1431 1478 1494 correptionem
1518 1432 1846 1484 recusandum,
1864 1447 1910 1486 15

444 1511 571 1570 quod
595 1524 845 1569 perversus
863 1508 927 1554 sit
945 1509 1179 1569 ejusmodi
1203 1516 1248 1555 et
1267 1509 1527 1569 delinquat,
1546 1516 1602 1555 ut
1625 1525 1654 1555 a
1676 1515 1847 1555 semet-

446 1588 550 1648 ipso
580 1589 848 1633 damnatus.
920 1587 1009 1632 Sed
1045 1594 1093 1632 et
1124 1587 1172 1633 in
1211 1587 1341 1633 omni
1376 1602 1524 1647 paene
1558 1586 1760 1647 epistola
1789 1587 1848 1632 de

445 1664 726 1711 adulterinis
772 1663 1001 1709 doctrinis
1043 1664 1284 1726 fugiendis
1332 1664 1590 1720 inculcans,
1632 1664 1848 1710 haereses

446 1749 597 1798 taxat,
622 1758 826 1802 quarum
850 1757 991 1801 opera
1015 1748 1129 1788 sunt
1153 1743 1396 1788 adulterae
1419 1742 1675 1788 doctrinae.
1723 1739 1851 1787 Hae-

446 1837 565 1867 reses
602 1820 756 1866 dictae
792 1819 976 1866 Graeca
1010 1835 1121 1866 voce
1156 1836 1213 1866 ex
1249 1820 1640 1880 interpretatione
1674 1817 1850 1866 electio-
1866 1834 1916 1859 20

446 1899 536 1954 nis,
565 1914 662 1959 qua
689 1898 797 1958 quis
832 1898 933 1943 sive
968 1899 1027 1943 ad
1063 1898 1396 1952 instituendas,
1425 1898 1525 1944 sive
1560 1899 1618 1943 ad
1651 1897 1851 1957 suscipi—

446 1978 593 2023 endas
617 1992 709 2029 eas,
735 1976 903 2022 utitur.
961 1976 1076 2022 Ideo
1099 1983 1147 2022 et
1171 1976 1263 2022 sibi
1288 1977 1569 2021 damnatum
1594 1974 1720 2021 dixit
1743 1974 1853 2021 hae-

448 2055 662 2108 reticum,
681 2054 796 2114 quia
819 2063 866 2100 et
889 2054 939 2099 in
959 2069 1054 2114 quo
1078 2055 1350 2107 damnatur,
1369 2053 1461 2099 sibi
1486 2053 1645 2115 elegit.
1698 2053 1852 2099 Nobis

448 2148 560 2178 vero
592 2132 713 2178 nihil
741 2147 799 2177 ex
829 2138 992 2177 nostro
1023 2131 1224 2178 arbitrio
1256 2131 1477 2177 inducere
1509 2130 1633 2186 licet,
1658 2132 1739 2177 sed
1769 2146 1852 2177 nec

449 2210 623 2272 eligere
641 2210 768 2269 quod
793 2209 967 2269 aliquis
991 2210 1050 2255 de
1074 2209 1274 2255 arbitrio
1298 2224 1385 2255 suo
1408 2208 1665 2255 induxerit.
1722 2208 1855 2269 Apo·
1870 2221 1918 2259 25

450 2290 596 2334 stolos
626 2286 823 2333 Domini
857 2287 1089 2332 habemus
1123 2293 1354 2338 auctores,
1378 2285 1462 2346 qui
1496 2301 1579 2331 nec
1608 2285 1699 2346 ipsi
1724 2286 1855 2346 quic-

449 2379 593 2425 quam
630 2380 687 2409 ex
725 2379 812 2409 suo
846 2364 1062 2418 arbitrio,
1094 2365 1221 2423 quod
1258 2363 1547 2416 inducerent,
1585 2365 1853 2425 elegerunt:

450 2443 529 2488 sed
567 2448 807 2501 acceptam
843 2456 873 2487 a
904 2441 1099 2487 Christo
1133 2440 1434 2500 disciplinam
1471 2439 1673 2486 fideliter
1705 2441 1855 2487 natio-

451 2520 591 2566 nibus
617 2518 1004 2581 adsignaverunt.
1057 2518 1227 2579 Itaque
1250 2518 1431 2564 etiamsi
1453 2516 1659 2582 Amyclas
1683 2516 1739 2564 de
1761 2533 1855 2565 coe-

448 2596 508 2644 lis
544 2596 680 2643 aliter
714 2595 1056 2660 evanyelizaret,
1092 2594 1333 2642 anathema
1368 2595 1604 2642 diceretur
1638 2611 1667 2641 a
1703 2595 1853 2643 nobis.
1869 2613 1920 2649 30

454 2674 735 2722 Providerat
768 2675 872 2736 Jam
909 2682 1023 2721 tunc
1059 2674 1268 2734 Spiritus
1305 2673 1507 2720 Sanctus
1546 2673 1763 2720 futurum
1805 2673 1855 2719 in

451 2752 640 2814 virgine
686 2752 892 2812 quadam
945 2751 1227 2798 Philumene
1278 2752 1501 2812 angelum
1551 2749 1855 2805 seductionis,

452 2828 871 2889 transfigmrantem
910 2844 957 2875 se
996 2828 1043 2875 in
1083 2830 1303 2890 angelum
1345 2827 1490 2874 lucis:
1531 2828 1668 2888 cujus
1706 2827 1856 2889 signis
