<?xml version="1.0" encoding="UTF-8"?>
<!DOCTYPE html PUBLIC "-//W3C//DTD XHTML 1.0 Transitional//EN"
    "http://www.w3.org/TR/xhtml1/DTD/xhtml1-transitional.dtd">
<html xmlns="http://www.w3.org/1999/xhtml" xml:lang="en" lang="en">
 <head>
  <title>
</title>
<meta http-equiv="Content-Type" content="text/html;charset=utf-8" />
  <meta name='ocr-system' content='tesseract 3.04.00' />
  <meta name='ocr-capabilities' content='ocr_page ocr_carea ocr_par ocr_line ocrx_word'/>
</head>
<body>
  <div class='ocr_page' id='page_1' title='image "./scriptorumeccles01rout_0041.png"; bbox 0 0 1988 3216; ppageno 0'>
   <div class='ocr_carea' id='block_1_1' title="bbox 482 256 1629 301">
    <p class='ocr_par' dir='ltr' id='par_1_1' title="bbox 482 256 1629 301">
     <span class='ocr_line' id='line_1_1' title="bbox 482 256 1629 301; baseline -0.002 -2"><span class='ocrx_word' id='word_1_1' title='bbox 482 258 544 300; x_wconf 89' lang='lat' dir='ltr'><strong>IN</strong></span> <span class='ocrx_word' id='word_1_2' title='bbox 577 258 620 301; x_wconf 82' lang='lat' dir='ltr'><strong>S.</strong></span> <span class='ocrx_word' id='word_1_3' title='bbox 649 257 983 301; x_wconf 87' lang='lat' dir='ltr'><strong>POLYCARPI</strong></span> <span class='ocrx_word' id='word_1_4' title='bbox 1014 256 1364 300; x_wconf 86' lang='lat' dir='ltr'><strong>EPISTOLAM.</strong></span> <span class='ocrx_word' id='word_1_5' title='bbox 1573 258 1629 298; x_wconf 71' lang='lat'><strong>25</strong></span> 
     </span>
    </p>
   </div>
   <div class='ocr_carea' id='block_1_2' title="bbox 158 365 1637 2946">
    <p class='ocr_par' dir='ltr' id='par_1_2' title="bbox 220 365 1631 595">
     <span class='ocr_line' id='line_1_2' title="bbox 280 365 1630 423; baseline 0 -16"><span class='ocrx_word' id='word_1_6' title='bbox 280 365 386 408; x_wconf 88' lang='lat' dir='ltr'><strong>Ibid.</strong></span> <span class='ocrx_word' id='word_1_7' title='bbox 407 365 434 408; x_wconf 93' lang='lat' dir='ltr'><strong>l.</strong></span> <span class='ocrx_word' id='word_1_8' title='bbox 456 377 521 423; x_wconf 84' lang='lat'><strong>15.</strong></span> <span class='ocrx_word' id='word_1_9' title='bbox 554 368 798 409; x_wconf 82' lang='grc' dir='ltr'>κατενώπιον</span> <span class='ocrx_word' id='word_1_10' title='bbox 817 367 936 409; x_wconf 78' lang='grc' dir='ltr'>αὐτοῦ</span> <span class='ocrx_word' id='word_1_11' title='bbox 955 369 1023 418; x_wconf 86' lang='grc' dir='ltr'>τῆς</span> <span class='ocrx_word' id='word_1_12' title='bbox 1050 365 1319 422; x_wconf 79' lang='grc' dir='ltr'>δικαιοσύνης]</span> <span class='ocrx_word' id='word_1_13' title='bbox 1352 366 1419 407; x_wconf 87' lang='lat' dir='ltr'><strong>An</strong></span> <span class='ocrx_word' id='word_1_14' title='bbox 1450 366 1630 408; x_wconf 84' lang='lat' dir='ltr'><strong>scriben-</strong></span> 
     </span>
     <span class='ocr_line' id='line_1_3' title="bbox 220 423 1631 482; baseline 0.001 -18"><span class='ocrx_word' id='word_1_15' title='bbox 220 423 318 464; x_wconf 90' lang='lat' dir='ltr'><strong>dum</strong></span> <span class='ocrx_word' id='word_1_16' title='bbox 354 429 417 466; x_wconf 87' lang='lat' dir='ltr'><strong>est</strong></span> <span class='ocrx_word' id='word_1_17' title='bbox 447 425 492 476; x_wconf 85' lang='grc' dir='ltr'>τῇ</span> <span class='ocrx_word' id='word_1_18' title='bbox 523 425 762 482; x_wconf 82' lang='grc' dir='ltr'>δικαιοσύνῃ,</span> <span class='ocrx_word' id='word_1_19' title='bbox 795 424 836 466; x_wconf 93' lang='lat' dir='ltr'><strong>h.</strong></span> <span class='ocrx_word' id='word_1_20' title='bbox 859 438 896 466; x_wconf 89' lang='lat' dir='ltr'><strong>e.</strong></span> <span class='ocrx_word' id='word_1_21' title='bbox 926 423 969 465; x_wconf 90' lang='lat' dir='ltr'><strong>in</strong></span> <span class='ocrx_word' id='word_1_22' title='bbox 993 423 1157 480; x_wconf 80' lang='lat' dir='ltr'><strong>justitia</strong></span> <span class='ocrx_word' id='word_1_23' title='bbox 1191 424 1415 466; x_wconf 81' lang='lat' dir='ltr'><strong>ambulare</strong></span> <span class='ocrx_word' id='word_1_24' title='bbox 1445 424 1631 466; x_wconf 76' lang='lat' dir='ltr'><strong>debent?</strong></span> 
     </span>
     <span class='ocr_line' id='line_1_4' title="bbox 223 480 1629 538; baseline 0 -16"><span class='ocrx_word' id='word_1_25' title='bbox 223 480 307 523; x_wconf 90' lang='lat' dir='ltr'><strong>Sed</strong></span> <span class='ocrx_word' id='word_1_26' title='bbox 326 480 447 523; x_wconf 87' lang='lat' dir='ltr'><strong>aliter</strong></span> <span class='ocrx_word' id='word_1_27' title='bbox 469 481 563 523; x_wconf 87' lang='lat' dir='ltr'><strong>Vet.</strong></span> <span class='ocrx_word' id='word_1_28' title='bbox 588 482 745 538; x_wconf 88' lang='lat' dir='ltr'><strong>Interp.</strong></span> <span class='ocrx_word' id='word_1_29' title='bbox 780 482 896 524; x_wconf 86' lang='lat' dir='ltr'><strong>Haec</strong></span> <span class='ocrx_word' id='word_1_30' title='bbox 917 481 1012 523; x_wconf 89' lang='lat' dir='ltr'><strong>olim</strong></span> <span class='ocrx_word' id='word_1_31' title='bbox 1034 480 1164 538; x_wconf 88' lang='lat' dir='ltr'><strong>posui.</strong></span> <span class='ocrx_word' id='word_1_32' title='bbox 1208 481 1305 523; x_wconf 82' lang='lat' dir='ltr'><strong>Jam</strong></span> <span class='ocrx_word' id='word_1_33' title='bbox 1326 495 1424 522; x_wconf 87' lang='lat' dir='ltr'><strong>vero</strong></span> <span class='ocrx_word' id='word_1_34' title='bbox 1446 486 1629 523; x_wconf 87' lang='lat' dir='ltr'><strong>veterem</strong></span> 
     </span>
     <span class='ocr_line' id='line_1_5' title="bbox 222 538 1629 595; baseline 0.001 -16"><span class='ocrx_word' id='word_1_35' title='bbox 222 543 363 580; x_wconf 90' lang='lat' dir='ltr'><strong>tuetur</strong></span> <span class='ocrx_word' id='word_1_36' title='bbox 397 538 613 580; x_wconf 88' lang='lat' dir='ltr'><strong>lectionem</strong></span> <span class='ocrx_word' id='word_1_37' title='bbox 646 539 696 581; x_wconf 92' lang='lat' dir='ltr'><strong>cl.</strong></span> <span class='ocrx_word' id='word_1_38' title='bbox 719 539 1000 586; x_wconf 83' lang='lat' dir='ltr'><strong>Jacobsonus;</strong></span> <span class='ocrx_word' id='word_1_39' title='bbox 1049 544 1092 581; x_wconf 90' lang='lat' dir='ltr'><strong>et</strong></span> <span class='ocrx_word' id='word_1_40' title='bbox 1127 538 1248 580; x_wconf 88' lang='lat' dir='ltr'><strong>velim</strong></span> <span class='ocrx_word' id='word_1_41' title='bbox 1283 553 1392 580; x_wconf 89' lang='lat' dir='ltr'><strong>nunc</strong></span> <span class='ocrx_word' id='word_1_42' title='bbox 1424 552 1503 595; x_wconf 87' lang='lat' dir='ltr'><strong>ego</strong></span> <span class='ocrx_word' id='word_1_43' title='bbox 1537 553 1629 580; x_wconf 83' lang='lat' dir='ltr'><strong>eam</strong></span> 
     </span>
    </p>

    <p class='ocr_par' dir='ltr' id='par_1_3' title="bbox 184 594 1445 652">
     <span class='ocr_line' id='line_1_6' title="bbox 184 594 1445 652; baseline 0 -16"><span class='ocrx_word' id='word_1_44' title='bbox 184 605 207 644; x_wconf 87' lang='lat'>5</span> <span class='ocrx_word' id='word_1_45' title='bbox 222 594 416 647; x_wconf 87' lang='lat' dir='ltr'><strong>retinere,</strong></span> <span class='ocrx_word' id='word_1_46' title='bbox 437 595 534 651; x_wconf 89' lang='lat' dir='ltr'><strong>quia</strong></span> <span class='ocrx_word' id='word_1_47' title='bbox 553 596 811 652; x_wconf 83' lang='lat' dir='ltr'><strong>aliquatenus</strong></span> <span class='ocrx_word' id='word_1_48' title='bbox 831 596 1021 639; x_wconf 85' lang='lat' dir='ltr'><strong>convenit</strong></span> <span class='ocrx_word' id='word_1_49' title='bbox 1040 610 1131 638; x_wconf 89' lang='lat' dir='ltr'><strong>cum</strong></span> <span class='ocrx_word' id='word_1_50' title='bbox 1153 595 1445 652; x_wconf 86' lang='lat' dir='ltr'><strong>superioribus.</strong></span> 
     </span>
    </p>

    <p class='ocr_par' dir='ltr' id='par_1_4' title="bbox 220 651 1634 883">
     <span class='ocr_line' id='line_1_7' title="bbox 280 651 1632 710; baseline 0 -16"><span class='ocrx_word' id='word_1_51' title='bbox 280 651 385 694; x_wconf 89' lang='lat' dir='ltr'><strong>Ibid.</strong></span> <span class='ocrx_word' id='word_1_52' title='bbox 408 653 433 694; x_wconf 94' lang='lat' dir='ltr'><strong>l.</strong></span> <span class='ocrx_word' id='word_1_53' title='bbox 461 655 524 694; x_wconf 88' lang='lat'><strong>16.</strong></span> <span class='ocrx_word' id='word_1_54' title='bbox 557 654 608 697; x_wconf 81' lang='grc' dir='ltr'><strong>ὥς</strong></span> <span class='ocrx_word' id='word_1_55' title='bbox 639 657 748 696; x_wconf 84' lang='grc' dir='ltr'>Θεοῦ</span> <span class='ocrx_word' id='word_1_56' title='bbox 779 655 840 696; x_wconf 87' lang='grc' dir='ltr'>καὶ</span> <span class='ocrx_word' id='word_1_57' title='bbox 868 657 1042 708; x_wconf 82' lang='grc' dir='ltr'>Χριστοῦ</span> <span class='ocrx_word' id='word_1_58' title='bbox 1071 652 1265 710; x_wconf 82' lang='grc' dir='ltr'>διάκονοι]</span> <span class='ocrx_word' id='word_1_59' title='bbox 1300 653 1393 696; x_wconf 88' lang='lat' dir='ltr'><strong>MS.</strong></span> <span class='ocrx_word' id='word_1_60' title='bbox 1427 656 1537 696; x_wconf 83' lang='grc' dir='ltr'>Θεοῦ</span> <span class='ocrx_word' id='word_1_61' title='bbox 1569 653 1632 695; x_wconf 85' lang='grc' dir='ltr'>καὶ</span> 
     </span>
     <span class='ocr_line' id='line_1_8' title="bbox 221 710 1634 776; baseline 0.001 -25"><span class='ocrx_word' id='word_1_62' title='bbox 221 712 397 762; x_wconf 81' lang='grc' dir='ltr'>Χριστοῦ</span> <span class='ocrx_word' id='word_1_63' title='bbox 433 710 529 767; x_wconf 90' lang='lat' dir='ltr'><strong>[pro</strong></span> <span class='ocrx_word' id='word_1_64' title='bbox 550 710 662 752; x_wconf 84' lang='lat' dir='ltr'><strong>edito</strong></span> <span class='ocrx_word' id='word_1_65' title='bbox 691 715 801 754; x_wconf 86' lang='grc' dir='ltr'>Θεοῦ</span> <span class='ocrx_word' id='word_1_66' title='bbox 832 713 877 753; x_wconf 80' lang='grc' dir='ltr'>ἐν</span> <span class='ocrx_word' id='word_1_67' title='bbox 907 710 1086 769; x_wconf 71' lang='grc' dir='ltr'>Χριστῷ]</span> <span class='ocrx_word' id='word_1_68' title='bbox 1115 716 1158 753; x_wconf 88' lang='lat' dir='ltr'><strong>et</strong></span> <span class='ocrx_word' id='word_1_69' title='bbox 1187 711 1247 753; x_wconf 85' lang='lat' dir='ltr'><strong>ita</strong></span> <span class='ocrx_word' id='word_1_70' title='bbox 1276 725 1441 767; x_wconf 88' lang='lat' dir='ltr'><strong>quoque</strong></span> <span class='ocrx_word' id='word_1_71' title='bbox 1465 710 1634 776; x_wconf 81' lang='lat' dir='ltr'><strong>legebat</strong></span> 
     </span>
     <span class='ocr_line' id='line_1_9' title="bbox 221 767 1633 826; baseline 0 -16"><span class='ocrx_word' id='word_1_72' title='bbox 221 767 318 810; x_wconf 91' lang='lat' dir='ltr'><strong>Vet.</strong></span> <span class='ocrx_word' id='word_1_73' title='bbox 341 767 500 824; x_wconf 90' lang='lat' dir='ltr'><strong>Interp.</strong></span> <span class='ocrx_word' id='word_1_74' title='bbox 536 768 734 811; x_wconf 84' lang='lat' dir='ltr'><strong>SMITH.</strong></span> <span class='ocrx_word' id='word_1_75' title='bbox 798 768 892 810; x_wconf 90' lang='lat' dir='ltr'><strong>Hoc</strong></span> <span class='ocrx_word' id='word_1_76' title='bbox 913 783 935 810; x_wconf 93' lang='lat' dir='ltr'><strong>e</strong></span> <span class='ocrx_word' id='word_1_77' title='bbox 967 783 1004 818; x_wconf 92' lang='lat' dir='ltr'><strong>o,</strong></span> <span class='ocrx_word' id='word_1_78' title='bbox 1029 769 1232 826; x_wconf 79' lang='lat' dir='ltr'><strong>probante</strong></span> <span class='ocrx_word' id='word_1_79' title='bbox 1252 768 1362 810; x_wconf 88' lang='lat' dir='ltr'><strong>idem</strong></span> <span class='ocrx_word' id='word_1_80' title='bbox 1386 769 1568 817; x_wconf 77' lang='lat' dir='ltr'><strong>Ussemo,</strong></span> <span class='ocrx_word' id='word_1_81' title='bbox 1590 768 1633 810; x_wconf 91' lang='lat' dir='ltr'><strong>in</strong></span> 
     </span>
     <span class='ocr_line' id='line_1_10' title="bbox 220 783 1633 883; baseline 0.001 -16"><span class='ocrx_word' id='word_1_82' title='bbox 220 830 382 867; x_wconf 83' lang='lat' dir='ltr'><strong>textum</strong></span> <span class='ocrx_word' id='word_1_83' title='bbox 417 825 568 882; x_wconf 84' lang='lat' dir='ltr'><strong>recepi.</strong></span> <span class='ocrx_word' id='word_1_84' title='bbox 631 826 699 868; x_wconf 87' lang='lat' dir='ltr'><strong>Sic</strong></span> <span class='ocrx_word' id='word_1_85' title='bbox 733 840 897 882; x_wconf 88' lang='lat' dir='ltr'><strong>quoque</strong></span> <span class='ocrx_word' id='word_1_86' title='bbox 937 783 1021 868; x_wconf 75' lang='lat' dir='ltr'><strong>&lt;glun</strong></span> <span class='ocrx_word' id='word_1_87' title='bbox 1052 826 1173 869; x_wconf 75' lang='lat' dir='ltr'><strong>alteri</strong></span> <span class='ocrx_word' id='word_1_88' title='bbox 1206 826 1366 868; x_wconf 88' lang='lat' dir='ltr'><strong>codices</strong></span> <span class='ocrx_word' id='word_1_89' title='bbox 1406 826 1549 883; x_wconf 86' lang='lat' dir='ltr'><strong>scripti</strong></span> <span class='ocrx_word' id='word_1_90' title='bbox 1589 840 1633 868; x_wconf 87' lang='lat' dir='ltr'><strong>se</strong></span> 
     </span>
    </p>

    <p class='ocr_par' dir='ltr' id='par_1_5' title="bbox 162 882 1634 997">
     <span class='ocr_line' id='line_1_11' title="bbox 162 882 1634 942; baseline 0.003 -21"><span class='ocrx_word' id='word_1_91' title='bbox 162 895 209 920; x_wconf 90' lang='lat'><strong>10</strong></span> <span class='ocrx_word' id='word_1_92' title='bbox 221 882 377 924; x_wconf 82' lang='lat' dir='ltr'><strong>habent</strong></span> <span class='ocrx_word' id='word_1_93' title='bbox 416 887 522 925; x_wconf 86' lang='lat' dir='ltr'><strong>teste</strong></span> <span class='ocrx_word' id='word_1_94' title='bbox 554 883 801 932; x_wconf 85' lang='lat' dir='ltr'><strong>Jacobsono,</strong></span> <span class='ocrx_word' id='word_1_95' title='bbox 837 883 921 940; x_wconf 57' lang='lat' dir='ltr'><strong>qui*</strong></span> <span class='ocrx_word' id='word_1_96' title='bbox 948 890 1087 926; x_wconf 89' lang='lat' dir='ltr'><strong>monet</strong></span> <span class='ocrx_word' id='word_1_97' title='bbox 1122 883 1204 942; x_wconf 89' lang='lat' dir='ltr'><strong>legi</strong></span> <span class='ocrx_word' id='word_1_98' title='bbox 1239 883 1295 926; x_wconf 81' lang='lat' dir='ltr'><strong>ad</strong></span> <span class='ocrx_word' id='word_1_99' title='bbox 1332 883 1456 926; x_wconf 86' lang='lat' dir='ltr'><strong>finem</strong></span> <span class='ocrx_word' id='word_1_100' title='bbox 1487 883 1634 940; x_wconf 84' lang='lat' dir='ltr'><strong>capitis</strong></span> 
     </span>
     <span class='ocr_line' id='line_1_12' title="bbox 222 939 812 997; baseline 0.003 -16"><span class='ocrx_word' id='word_1_101' title='bbox 222 939 345 982; x_wconf 76' lang='lat' dir='ltr'><strong>hu‘us</strong></span> <span class='ocrx_word' id='word_1_102' title='bbox 365 940 417 983; x_wconf 84' lang='grc' dir='ltr'><strong>ὣς</strong></span> <span class='ocrx_word' id='word_1_103' title='bbox 437 941 531 997; x_wconf 77' lang='grc' dir='ltr'>Θεῷ</span> <span class='ocrx_word' id='word_1_104' title='bbox 554 941 617 983; x_wconf 81' lang='grc' dir='ltr'>καὶ</span> <span class='ocrx_word' id='word_1_105' title='bbox 637 944 812 997; x_wconf 76' lang='grc' dir='ltr'>Χριστῷ.</span> 
     </span>
    </p>

    <p class='ocr_par' dir='ltr' id='par_1_6' title="bbox 221 954 1636 1169">
     <span class='ocr_line' id='line_1_13' title="bbox 275 954 1627 1055; baseline 0.001 -17"><span class='ocrx_word' id='word_1_106' title='bbox 275 954 387 1039; x_wconf 79' lang='lat' dir='ltr'><strong>JIbid.</strong></span> <span class='ocrx_word' id='word_1_107' title='bbox 419 997 448 1039; x_wconf 93' lang='lat' dir='ltr'><strong>l.</strong></span> <span class='ocrx_word' id='word_1_108' title='bbox 477 1011 539 1052; x_wconf 93' lang='lat'><strong>17.</strong></span> <span class='ocrx_word' id='word_1_109' title='bbox 574 998 627 1050; x_wconf 79' lang='grc' dir='ltr'><strong>μὴ</strong></span> <span class='ocrx_word' id='word_1_110' title='bbox 659 997 833 1055; x_wconf 81' lang='grc' dir='ltr'>δίλογοι]</span> <span class='ocrx_word' id='word_1_111' title='bbox 870 999 936 1041; x_wconf 82' lang='lat' dir='ltr'><strong>Ita</strong></span> <span class='ocrx_word' id='word_1_112' title='bbox 967 998 1097 1041; x_wconf 91' lang='lat' dir='ltr'><strong>Codd.</strong></span> <span class='ocrx_word' id='word_1_113' title='bbox 1130 998 1255 1040; x_wconf 80' lang='lat' dir='ltr'><strong>Laur.</strong></span> <span class='ocrx_word' id='word_1_114' title='bbox 1300 999 1391 1054; x_wconf 86' lang='lat' dir='ltr'><strong>[seu</strong></span> <span class='ocrx_word' id='word_1_115' title='bbox 1423 998 1627 1054; x_wconf 88' lang='lat' dir='ltr'><strong>Florent.]</strong></span> 
     </span>
     <span class='ocr_line' id='line_1_14' title="bbox 221 1054 1633 1112; baseline 0.001 -15"><span class='ocrx_word' id='word_1_116' title='bbox 221 1054 319 1097; x_wconf 84' lang='lat' dir='ltr'><strong>Vat.</strong></span> <span class='ocrx_word' id='word_1_117' title='bbox 342 1055 437 1097; x_wconf 83' lang='lat' dir='ltr'><strong>Par.</strong></span> <span class='ocrx_word' id='word_1_118' title='bbox 460 1055 640 1112; x_wconf 86' lang='lat' dir='ltr'><strong>pressius</strong></span> <span class='ocrx_word' id='word_1_119' title='bbox 667 1055 721 1098; x_wconf 84' lang='lat' dir='ltr'><strong>ad</strong></span> <span class='ocrx_word' id='word_1_120' title='bbox 749 1057 878 1098; x_wconf 85' lang='lat' dir='ltr'><strong>verba.</strong></span> <span class='ocrx_word' id='word_1_121' title='bbox 898 1057 949 1098; x_wconf 93' lang='grc' dir='ltr'><strong>Β.</strong></span> <span class='ocrx_word' id='word_1_122' title='bbox 968 1056 1071 1098; x_wconf 81' lang='lat' dir='ltr'><strong>Paul</strong></span> <span class='ocrx_word' id='word_1_123' title='bbox 1101 1054 1144 1097; x_wconf 89' lang='lat' dir='ltr'><strong>in</strong></span> <span class='ocrx_word' id='word_1_124' title='bbox 1164 1056 1244 1112; x_wconf 88' lang='lat' dir='ltr'><strong>Ep.</strong></span> <span class='ocrx_word' id='word_1_125' title='bbox 1271 1070 1281 1097; x_wconf 84' lang='grc' dir='ltr'><strong>ι</strong></span> <span class='ocrx_word' id='word_1_126' title='bbox 1310 1056 1365 1098; x_wconf 78' lang='lat' dir='ltr'><strong>ad</strong></span> <span class='ocrx_word' id='word_1_127' title='bbox 1386 1055 1491 1098; x_wconf 91' lang='lat' dir='ltr'><strong>Tim.</strong></span> <span class='ocrx_word' id='word_1_128' title='bbox 1514 1056 1569 1098; x_wconf 89' lang='lat' dir='ltr'><strong>iii.</strong></span> <span class='ocrx_word' id='word_1_129' title='bbox 1593 1057 1633 1099; x_wconf 91' lang='lat'><strong>8.</strong></span> 
     </span>
     <span class='ocr_line' id='line_1_15' title="bbox 221 1113 1636 1169; baseline 0.002 -16"><span class='ocrx_word' id='word_1_130' title='bbox 221 1126 346 1168; x_wconf 84' lang='lat' dir='ltr'><strong>quam</strong></span> <span class='ocrx_word' id='word_1_131' title='bbox 367 1113 600 1166; x_wconf 84' lang='grc' dir='ltr'>δίγλωσσοι,</span> <span class='ocrx_word' id='word_1_132' title='bbox 623 1113 732 1169; x_wconf 92' lang='lat' dir='ltr'><strong>quod</strong></span> <span class='ocrx_word' id='word_1_133' title='bbox 755 1113 911 1156; x_wconf 89' lang='lat' dir='ltr'><strong>habent</strong></span> <span class='ocrx_word' id='word_1_134' title='bbox 930 1113 1024 1155; x_wconf 90' lang='lat' dir='ltr'><strong>libri</strong></span> <span class='ocrx_word' id='word_1_135' title='bbox 1044 1113 1244 1169; x_wconf 76' lang='lat' dir='ltr'><strong>impressi.</strong></span> <span class='ocrx_word' id='word_1_136' title='bbox 1288 1113 1407 1156; x_wconf 83' lang='lat' dir='ltr'><strong>Haec</strong></span> <span class='ocrx_word' id='word_1_137' title='bbox 1428 1114 1458 1156; x_wconf 89' lang='lat' dir='ltr'><strong>J</strong></span> <span class='ocrx_word' id='word_1_138' title='bbox 1462 1114 1636 1157; x_wconf 85' lang='lat' dir='ltr'>ACOB-</span> 
     </span>
    </p>

    <p class='ocr_par' dir='ltr' id='par_1_7' title="bbox 161 1169 1635 1269">
     <span class='ocr_line' id='line_1_16' title="bbox 161 1169 1635 1228; baseline 0.001 -17"><span class='ocrx_word' id='word_1_139' title='bbox 161 1179 208 1218; x_wconf 89' lang='lat'><strong>15</strong></span> <span class='ocrx_word' id='word_1_140' title='bbox 224 1169 429 1220; x_wconf 83' lang='lat' dir='ltr'>SONUS,</span> <span class='ocrx_word' id='word_1_141' title='bbox 451 1185 574 1227; x_wconf 90' lang='lat' dir='ltr'><strong>quem</strong></span> <span class='ocrx_word' id='word_1_142' title='bbox 594 1170 636 1212; x_wconf 91' lang='lat' dir='ltr'><strong>in</strong></span> <span class='ocrx_word' id='word_1_143' title='bbox 657 1171 831 1213; x_wconf 85' lang='lat' dir='ltr'><strong>lectione</strong></span> <span class='ocrx_word' id='word_1_144' title='bbox 851 1171 1046 1213; x_wconf 85' lang='lat' dir='ltr'><strong>Codicum</strong></span> <span class='ocrx_word' id='word_1_145' title='bbox 1069 1171 1195 1213; x_wconf 89' lang='lat' dir='ltr'>MSS.</span> <span class='ocrx_word' id='word_1_146' title='bbox 1213 1171 1451 1228; x_wconf 86' lang='lat' dir='ltr'><strong>recipienda</strong></span> <span class='ocrx_word' id='word_1_147' title='bbox 1471 1179 1635 1214; x_wconf 86' lang='lat' dir='ltr'><strong>secutus</strong></span> 
     </span>
     <span class='ocr_line' id='line_1_17' title="bbox 225 1241 328 1269; baseline 0.019 -2"><span class='ocrx_word' id='word_1_148' title='bbox 225 1241 328 1269; x_wconf 89' lang='lat' dir='ltr'><strong>sum.</strong></span> 
     </span>
    </p>

    <p class='ocr_par' dir='ltr' id='par_1_8' title="bbox 221 1284 1635 1398">
     <span class='ocr_line' id='line_1_18' title="bbox 281 1284 1635 1344; baseline 0.002 -18"><span class='ocrx_word' id='word_1_149' title='bbox 281 1284 328 1326; x_wconf 89' lang='lat' dir='ltr'><strong>P.</strong></span> <span class='ocrx_word' id='word_1_150' title='bbox 358 1284 467 1336; x_wconf 71' lang='lat'><strong>¹41·</strong></span> <span class='ocrx_word' id='word_1_151' title='bbox 498 1298 530 1326; x_wconf 87' lang='lat'><strong>1.</strong></span> <span class='ocrx_word' id='word_1_152' title='bbox 563 1284 737 1340; x_wconf 82' lang='grc' dir='ltr'>ἐγένετο]</span> <span class='ocrx_word' id='word_1_153' title='bbox 776 1285 867 1327; x_wconf 89' lang='lat' dir='ltr'><strong>Hoc</strong></span> <span class='ocrx_word' id='word_1_154' title='bbox 897 1300 973 1342; x_wconf 88' lang='lat' dir='ltr'><strong>pro</strong></span> <span class='ocrx_word' id='word_1_155' title='bbox 996 1286 1149 1338; x_wconf 77' lang='grc' dir='ltr'>ἐγίνετο</span> <span class='ocrx_word' id='word_1_156' title='bbox 1174 1300 1226 1326; x_wconf 88' lang='lat' dir='ltr'><strong>ex</strong></span> <span class='ocrx_word' id='word_1_157' title='bbox 1250 1286 1380 1328; x_wconf 90' lang='lat' dir='ltr'><strong>Codd.</strong></span> <span class='ocrx_word' id='word_1_158' title='bbox 1402 1286 1485 1328; x_wconf 87' lang='lat' dir='ltr'><strong>suis</strong></span> <span class='ocrx_word' id='word_1_159' title='bbox 1515 1301 1635 1344; x_wconf 89' lang='lat' dir='ltr'><strong>repo-</strong></span> 
     </span>
     <span class='ocr_line' id='line_1_19' title="bbox 221 1341 1048 1398; baseline 0.001 -15"><span class='ocrx_word' id='word_1_160' title='bbox 221 1341 304 1383; x_wconf 90' lang='lat' dir='ltr'><strong>suit</strong></span> <span class='ocrx_word' id='word_1_161' title='bbox 324 1341 595 1390; x_wconf 83' lang='lat' dir='ltr'><strong>Jacobsonus,</strong></span> <span class='ocrx_word' id='word_1_162' title='bbox 617 1356 738 1398; x_wconf 92' lang='lat' dir='ltr'><strong>quem</strong></span> <span class='ocrx_word' id='word_1_163' title='bbox 762 1349 925 1384; x_wconf 85' lang='lat' dir='ltr'><strong>secutus</strong></span> <span class='ocrx_word' id='word_1_164' title='bbox 945 1358 1048 1384; x_wconf 89' lang='lat' dir='ltr'><strong>sum.</strong></span> 
     </span>
    </p>

    <p class='ocr_par' dir='ltr' id='par_1_9' title="bbox 281 1399 1634 1457">
     <span class='ocr_line' id='line_1_20' title="bbox 281 1399 1634 1457; baseline 0.001 -17"><span class='ocrx_word' id='word_1_165' title='bbox 281 1399 387 1441; x_wconf 91' lang='lat' dir='ltr'><strong>Ibid.</strong></span> <span class='ocrx_word' id='word_1_166' title='bbox 414 1399 440 1441; x_wconf 87' lang='lat' dir='ltr'><strong>l.</strong></span> <span class='ocrx_word' id='word_1_167' title='bbox 461 1413 502 1455; x_wconf 86' lang='lat'><strong>5.</strong></span> <span class='ocrx_word' id='word_1_168' title='bbox 535 1399 596 1442; x_wconf 68' lang='lat' dir='ltr'><strong>xo)</strong></span> <span class='ocrx_word' id='word_1_169' title='bbox 627 1401 1036 1456; x_wconf 87' lang='grc' dir='ltr'>συμβασιλεύσωμεν]</span> <span class='ocrx_word' id='word_1_170' title='bbox 1073 1400 1314 1457; x_wconf 82' lang='lat' dir='ltr'><strong>Legendum</strong></span> <span class='ocrx_word' id='word_1_171' title='bbox 1347 1401 1512 1443; x_wconf 84' lang='lat' dir='ltr'><strong>videtur</strong></span> <span class='ocrx_word' id='word_1_172' title='bbox 1542 1416 1634 1442; x_wconf 88' lang='lat' dir='ltr'><strong>cum</strong></span> 
     </span>
    </p>

    <p class='ocr_par' dir='ltr' id='par_1_10' title="bbox 159 1456 1636 1671">
     <span class='ocr_line' id='line_1_21' title="bbox 159 1456 1636 1514; baseline 0.003 -18"><span class='ocrx_word' id='word_1_173' title='bbox 159 1470 209 1496; x_wconf 85' lang='lat'><strong>20</strong></span> <span class='ocrx_word' id='word_1_174' title='bbox 223 1456 276 1499; x_wconf 90' lang='lat' dir='ltr'><strong>V.</strong></span> <span class='ocrx_word' id='word_1_175' title='bbox 307 1457 338 1498; x_wconf 92' lang='grc' dir='ltr'><strong>Ι.</strong></span> <span class='ocrx_word' id='word_1_176' title='bbox 376 1457 440 1499; x_wconf 76' lang='grc' dir='ltr'>καὶ</span> <span class='ocrx_word' id='word_1_177' title='bbox 479 1458 879 1510; x_wconf 81' lang='grc' dir='ltr'>συμβασιλεύσομεν,</span> <span class='ocrx_word' id='word_1_178' title='bbox 918 1466 966 1500; x_wconf 93' lang='lat' dir='ltr'><strong>ut</strong></span> <span class='ocrx_word' id='word_1_179' title='bbox 1004 1463 1102 1499; x_wconf 85' lang='lat' dir='ltr'><strong>ante</strong></span> <span class='ocrx_word' id='word_1_180' title='bbox 1143 1457 1341 1514; x_wconf 87' lang='lat' dir='ltr'><strong>scriptum</strong></span> <span class='ocrx_word' id='word_1_181' title='bbox 1382 1464 1446 1500; x_wconf 87' lang='lat' dir='ltr'><strong>est</strong></span> <span class='ocrx_word' id='word_1_182' title='bbox 1486 1460 1636 1511; x_wconf 83' lang='grc' dir='ltr'>ἀπολη-</span> 
     </span>
     <span class='ocr_line' id='line_1_22' title="bbox 221 1514 1634 1568; baseline 0.001 -13"><span class='ocrx_word' id='word_1_183' title='bbox 221 1514 395 1568; x_wconf 80' lang='grc' dir='ltr'>ψόμεθα.</span> <span class='ocrx_word' id='word_1_184' title='bbox 457 1515 548 1556; x_wconf 91' lang='lat' dir='ltr'><strong>Hoc</strong></span> <span class='ocrx_word' id='word_1_185' title='bbox 579 1514 674 1556; x_wconf 90' lang='lat' dir='ltr'><strong>olim</strong></span> <span class='ocrx_word' id='word_1_186' title='bbox 705 1514 911 1557; x_wconf 79' lang='lat' dir='ltr'><strong>annotavi.</strong></span> <span class='ocrx_word' id='word_1_187' title='bbox 969 1515 1096 1557; x_wconf 91' lang='lat' dir='ltr'><strong>Nunc</strong></span> <span class='ocrx_word' id='word_1_188' title='bbox 1128 1522 1267 1557; x_wconf 89' lang='lat' dir='ltr'><strong>monet</strong></span> <span class='ocrx_word' id='word_1_189' title='bbox 1291 1516 1341 1557; x_wconf 90' lang='lat' dir='ltr'><strong>cl.</strong></span> <span class='ocrx_word' id='word_1_190' title='bbox 1363 1516 1634 1565; x_wconf 84' lang='lat' dir='ltr'><strong>Jacobsonus,</strong></span> 
     </span>
     <span class='ocr_line' id='line_1_23' title="bbox 221 1571 1636 1671; baseline 0.003 -59"><span class='ocrx_word' id='word_1_191' title='bbox 221 1571 278 1671; x_wconf 48' lang='lat'><strong>⁸5³?</strong></span> <span class='ocrx_word' id='word_1_192' title='bbox 298 1571 381 1629; x_wconf 85' lang='lat' dir='ltr'><strong>legi</strong></span> <span class='ocrx_word' id='word_1_193' title='bbox 402 1571 444 1613; x_wconf 92' lang='lat' dir='ltr'><strong>in</strong></span> <span class='ocrx_word' id='word_1_194' title='bbox 467 1571 598 1615; x_wconf 86' lang='lat' dir='ltr'><strong>Codd.</strong></span> <span class='ocrx_word' id='word_1_195' title='bbox 622 1572 746 1615; x_wconf 85' lang='lat' dir='ltr'><strong>Laur.</strong></span> <span class='ocrx_word' id='word_1_196' title='bbox 775 1572 868 1628; x_wconf 88' lang='lat' dir='ltr'><strong>[seu</strong></span> <span class='ocrx_word' id='word_1_197' title='bbox 891 1571 1024 1630; x_wconf 58' lang='lat' dir='ltr'><strong>Flora]</strong></span> <span class='ocrx_word' id='word_1_198' title='bbox 1049 1579 1091 1615; x_wconf 91' lang='lat' dir='ltr'><strong>et</strong></span> <span class='ocrx_word' id='word_1_199' title='bbox 1120 1572 1250 1615; x_wconf 80' lang='lat' dir='ltr'><strong>Paris.</strong></span> <span class='ocrx_word' id='word_1_200' title='bbox 1274 1573 1451 1615; x_wconf 85' lang='lat' dir='ltr'><strong>alterum</strong></span> <span class='ocrx_word' id='word_1_201' title='bbox 1473 1589 1572 1616; x_wconf 88' lang='lat' dir='ltr'><strong>vero</strong></span> <span class='ocrx_word' id='word_1_202' title='bbox 1593 1574 1636 1616; x_wconf 92' lang='lat' dir='ltr'><strong>in</strong></span> 
     </span>
    </p>

    <p class='ocr_par' dir='ltr' id='par_1_11' title="bbox 268 1629 443 1671">
     <span class='ocr_line' id='line_1_24' title="bbox 268 1629 443 1671; baseline 0 0"><span class='ocrx_word' id='word_1_203' title='bbox 268 1629 443 1671; x_wconf 79' lang='lat' dir='ltr'><strong>aticano.</strong></span> 
     </span>
    </p>

    <p class='ocr_par' dir='ltr' id='par_1_12' title="bbox 282 1686 1631 1746">
     <span class='ocr_line' id='line_1_25' title="bbox 282 1686 1631 1746; baseline 0.001 -18"><span class='ocrx_word' id='word_1_204' title='bbox 282 1686 388 1729; x_wconf 83' lang='lat' dir='ltr'><strong>Ibid.</strong></span> <span class='ocrx_word' id='word_1_205' title='bbox 408 1687 436 1729; x_wconf 86' lang='lat' dir='ltr'><strong>l.</strong></span> <span class='ocrx_word' id='word_1_206' title='bbox 458 1700 498 1741; x_wconf 89' lang='lat'><strong>9.</strong></span> <span class='ocrx_word' id='word_1_207' title='bbox 529 1686 574 1728; x_wconf 83' lang='grc' dir='ltr'>τὸ</span> <span class='ocrx_word' id='word_1_208' title='bbox 597 1688 889 1729; x_wconf 81' lang='grc' dir='ltr'>ἀνακόπτεσθαι</span> <span class='ocrx_word' id='word_1_209' title='bbox 910 1691 987 1730; x_wconf 82' lang='grc' dir='ltr'><strong>τῶν</strong></span> <span class='ocrx_word' id='word_1_210' title='bbox 1009 1689 1222 1740; x_wconf 79' lang='grc' dir='ltr'>ἐπιθυμιῶν</span> <span class='ocrx_word' id='word_1_211' title='bbox 1241 1692 1320 1730; x_wconf 84' lang='grc' dir='ltr'><strong>τῶν</strong></span> <span class='ocrx_word' id='word_1_212' title='bbox 1340 1690 1384 1730; x_wconf 78' lang='grc' dir='ltr'>ἐν</span> <span class='ocrx_word' id='word_1_213' title='bbox 1404 1690 1457 1746; x_wconf 76' lang='grc' dir='ltr'>τῷ</span> <span class='ocrx_word' id='word_1_214' title='bbox 1481 1689 1631 1744; x_wconf 78' lang='grc' dir='ltr'>κοσμῷ]</span> 
     </span>
    </p>

    <p class='ocr_par' dir='ltr' id='par_1_13' title="bbox 160 1742 1636 1959">
     <span class='ocr_line' id='line_1_26' title="bbox 160 1742 1634 1803; baseline 0.002 -18"><span class='ocrx_word' id='word_1_215' title='bbox 160 1755 208 1794; x_wconf 85' lang='lat'><strong>25</strong></span> <span class='ocrx_word' id='word_1_216' title='bbox 221 1742 537 1786; x_wconf 81' lang='grc' dir='ltr'>Ἀνακόπτεσθαι</span> <span class='ocrx_word' id='word_1_217' title='bbox 558 1758 635 1800; x_wconf 91' lang='lat' dir='ltr'><strong>pro</strong></span> <span class='ocrx_word' id='word_1_218' title='bbox 655 1745 946 1787; x_wconf 69' lang='grc' dir='ltr'>ἀνακύπτι-εσθαι</span> <span class='ocrx_word' id='word_1_219' title='bbox 967 1760 1019 1787; x_wconf 85' lang='lat' dir='ltr'><strong>ex</strong></span> <span class='ocrx_word' id='word_1_220' title='bbox 1042 1745 1261 1788; x_wconf 87' lang='lat' dir='ltr'><strong>Codicibus</strong></span> <span class='ocrx_word' id='word_1_221' title='bbox 1282 1747 1365 1788; x_wconf 86' lang='lat' dir='ltr'><strong>suis</strong></span> <span class='ocrx_word' id='word_1_222' title='bbox 1384 1753 1511 1803; x_wconf 85' lang='lat' dir='ltr'><strong>atque</strong></span> <span class='ocrx_word' id='word_1_223' title='bbox 1533 1761 1634 1788; x_wconf 89' lang='lat' dir='ltr'><strong>non-</strong></span> 
     </span>
     <span class='ocr_line' id='line_1_27' title="bbox 222 1801 1636 1861; baseline 0.002 -18"><span class='ocrx_word' id='word_1_224' title='bbox 222 1801 343 1844; x_wconf 88' lang='lat' dir='ltr'><strong>nullis</strong></span> <span class='ocrx_word' id='word_1_225' title='bbox 373 1801 622 1844; x_wconf 86' lang='lat' dir='ltr'><strong>editionibus</strong></span> <span class='ocrx_word' id='word_1_226' title='bbox 651 1809 920 1859; x_wconf 85' lang='lat' dir='ltr'><strong>reponentem</strong></span> <span class='ocrx_word' id='word_1_227' title='bbox 950 1803 1298 1846; x_wconf 80' lang='lat' dir='ltr'><strong>01.Ja00bs0num</strong></span> <span class='ocrx_word' id='word_1_228' title='bbox 1330 1819 1493 1861; x_wconf 86' lang='lat' dir='ltr'><strong>sequor,</strong></span> <span class='ocrx_word' id='word_1_229' title='bbox 1515 1803 1636 1846; x_wconf 81' lang='lat' dir='ltr'><strong>simul</strong></span> 
     </span>
     <span class='ocr_line' id='line_1_28' title="bbox 221 1859 1635 1919; baseline 0.001 -18"><span class='ocrx_word' id='word_1_230' title='bbox 221 1865 347 1916; x_wconf 83' lang='lat' dir='ltr'><strong>atque</strong></span> <span class='ocrx_word' id='word_1_231' title='bbox 376 1859 595 1902; x_wconf 80' lang='lat' dir='ltr'><strong>articulum</strong></span> <span class='ocrx_word' id='word_1_232' title='bbox 626 1863 704 1902; x_wconf 83' lang='grc' dir='ltr'><strong>τῶν</strong></span> <span class='ocrx_word' id='word_1_233' title='bbox 733 1865 827 1917; x_wconf 87' lang='lat' dir='ltr'><strong>post</strong></span> <span class='ocrx_word' id='word_1_234' title='bbox 856 1862 1068 1913; x_wconf 77' lang='grc' dir='ltr'>ἐπιθυμιῶν</span> <span class='ocrx_word' id='word_1_235' title='bbox 1097 1876 1150 1903; x_wconf 88' lang='lat' dir='ltr'><strong>ex</strong></span> <span class='ocrx_word' id='word_1_236' title='bbox 1183 1861 1285 1904; x_wconf 90' lang='lat' dir='ltr'><strong>Cod.</strong></span> <span class='ocrx_word' id='word_1_237' title='bbox 1308 1862 1408 1904; x_wconf 82' lang='lat' dir='ltr'><strong>Vat.</strong></span> <span class='ocrx_word' id='word_1_238' title='bbox 1441 1861 1635 1919; x_wconf 81' lang='lat' dir='ltr'><strong>adjicien-</strong></span> 
     </span>
     <span class='ocr_line' id='line_1_29' title="bbox 224 1922 324 1959; baseline -0.01 0"><span class='ocrx_word' id='word_1_239' title='bbox 224 1922 324 1959; x_wconf 88' lang='lat' dir='ltr'><strong>tem.</strong></span> 
     </span>
    </p>

    <p class='ocr_par' dir='ltr' id='par_1_14' title="bbox 283 1973 1636 2028">
     <span class='ocr_line' id='line_1_30' title="bbox 283 1973 1636 2028; baseline 0.001 -12"><span class='ocrx_word' id='word_1_240' title='bbox 283 1973 389 2016; x_wconf 86' lang='lat' dir='ltr'><strong>Ibid.</strong></span> <span class='ocrx_word' id='word_1_241' title='bbox 420 1973 448 2015; x_wconf 96' lang='lat' dir='ltr'><strong>l.</strong></span> <span class='ocrx_word' id='word_1_242' title='bbox 483 1987 547 2023; x_wconf 86' lang='lat'><strong>14.</strong></span> <span class='ocrx_word' id='word_1_243' title='bbox 583 1974 933 2027; x_wconf 82' lang='grc' dir='ltr'>ὑποτασσομένους</span> <span class='ocrx_word' id='word_1_244' title='bbox 967 1979 1050 2019; x_wconf 81' lang='grc' dir='ltr'>τοῖς</span> <span class='ocrx_word' id='word_1_245' title='bbox 1083 1975 1371 2028; x_wconf 78' lang='grc' dir='ltr'>πρεσβυτέροις</span> <span class='ocrx_word' id='word_1_246' title='bbox 1411 1977 1475 2019; x_wconf 85' lang='grc' dir='ltr'>καὶ</span> <span class='ocrx_word' id='word_1_247' title='bbox 1506 1977 1636 2018; x_wconf 83' lang='grc' dir='ltr'>διακό-</span> 
     </span>
    </p>

    <p class='ocr_par' dir='ltr' id='par_1_15' title="bbox 158 2031 1637 2319">
     <span class='ocr_line' id='line_1_31' title="bbox 158 2031 1634 2091; baseline 0.003 -19"><span class='ocrx_word' id='word_1_248' title='bbox 158 2046 210 2082; x_wconf 87' lang='grc' dir='ltr'><strong>3ο</strong></span> <span class='ocrx_word' id='word_1_249' title='bbox 225 2031 322 2088; x_wconf 84' lang='grc' dir='ltr'>νοις]</span> <span class='ocrx_word' id='word_1_250' title='bbox 354 2038 365 2055; x_wconf 92' lang='lat'>‘</span> <span class='ocrx_word' id='word_1_251' title='bbox 386 2031 488 2083; x_wconf 81' lang='lat' dir='ltr'><strong>Quis</strong></span> <span class='ocrx_word' id='word_1_252' title='bbox 522 2031 653 2074; x_wconf 81' lang='lat' dir='ltr'><strong>dabit’</strong></span> <span class='ocrx_word' id='word_1_253' title='bbox 683 2032 743 2075; x_wconf 87' lang='lat' dir='ltr'><strong>ait</strong></span> <span class='ocrx_word' id='word_1_254' title='bbox 783 2032 1042 2081; x_wconf 77' lang='lat' dir='ltr'><strong>pearsonius,</strong></span> <span class='ocrx_word' id='word_1_255' title='bbox 1076 2032 1238 2075; x_wconf 81' lang='lat' dir='ltr'><strong>Vindio.</strong></span> <span class='ocrx_word' id='word_1_256' title='bbox 1277 2033 1413 2091; x_wconf 86' lang='lat' dir='ltr'><strong>Ignat.</strong></span> <span class='ocrx_word' id='word_1_257' title='bbox 1455 2040 1564 2091; x_wconf 85' lang='lat' dir='ltr'><strong>part.</strong></span> <span class='ocrx_word' id='word_1_258' title='bbox 1591 2048 1634 2077; x_wconf 89' lang='lat'><strong>11.</strong></span> 
     </span>
     <span class='ocr_line' id='line_1_32' title="bbox 223 2089 1637 2146; baseline 0.003 -16"><span class='ocrx_word' id='word_1_259' title='bbox 223 2103 271 2130; x_wconf 83' lang='lat' dir='ltr'><strong>ca</strong></span> <span class='ocrx_word' id='word_1_260' title='bbox 303 2121 311 2131; x_wconf 95' lang='lat'><strong>.</strong></span> <span class='ocrx_word' id='word_1_261' title='bbox 339 2102 402 2145; x_wconf 86' lang='lat'><strong>13.</strong></span> <span class='ocrx_word' id='word_1_262' title='bbox 438 2089 714 2146; x_wconf 84' lang='lat' dir='ltr'><strong>‘Episcopum</strong></span> <span class='ocrx_word' id='word_1_263' title='bbox 756 2089 1080 2146; x_wconf 90' lang='lat' dir='ltr'><strong>Philippensium</strong></span> <span class='ocrx_word' id='word_1_264' title='bbox 1120 2096 1219 2132; x_wconf 89' lang='lat' dir='ltr'><strong>tunc</strong></span> <span class='ocrx_word' id='word_1_265' title='bbox 1258 2090 1301 2132; x_wconf 86' lang='lat' dir='ltr'><strong>in</strong></span> <span class='ocrx_word' id='word_1_266' title='bbox 1341 2090 1443 2134; x_wconf 83' lang='lat' dir='ltr'><strong>vivis</strong></span> <span class='ocrx_word' id='word_1_267' title='bbox 1482 2092 1637 2134; x_wconf 81' lang='lat' dir='ltr'><strong>fuisse?</strong></span> 
     </span>
     <span class='ocr_line' id='line_1_33' title="bbox 224 2146 1634 2214; baseline 0.003 -26"><span class='ocrx_word' id='word_1_268' title='bbox 224 2152 234 2169; x_wconf 89' lang='lat'>‘</span> <span class='ocrx_word' id='word_1_269' title='bbox 301 2146 362 2188; x_wconf 89' lang='lat' dir='ltr'><strong>uis</strong></span> <span class='ocrx_word' id='word_1_270' title='bbox 391 2146 620 2203; x_wconf 78' lang='lat' dir='ltr'><strong>praestabit</strong></span> <span class='ocrx_word' id='word_1_271' title='bbox 655 2146 762 2188; x_wconf 90' lang='lat' dir='ltr'><strong>Phili</strong></span> <span class='ocrx_word' id='word_1_272' title='bbox 793 2161 940 2203; x_wconf 87' lang='lat' dir='ltr'><strong>penses</strong></span> <span class='ocrx_word' id='word_1_273' title='bbox 975 2147 1069 2190; x_wconf 90' lang='lat' dir='ltr'><strong>ideo</strong></span> <span class='ocrx_word' id='word_1_274' title='bbox 1102 2163 1129 2190; x_wconf 81' lang='lat' dir='ltr'><strong>a</strong></span> <span class='ocrx_word' id='word_1_275' title='bbox 1161 2148 1393 2214; x_wconf 72' lang='lat' dir='ltr'><strong>Polycarpo</strong></span> <span class='ocrx_word' id='word_1_276' title='bbox 1423 2150 1634 2192; x_wconf 91' lang='lat' dir='ltr'><strong>consilium</strong></span> 
     </span>
     <span class='ocr_line' id='line_1_34' title="bbox 225 2203 1635 2264; baseline 0.004 -19"><span class='ocrx_word' id='word_1_277' title='bbox 225 2210 234 2226; x_wconf 94' lang='lat'>‘</span> <span class='ocrx_word' id='word_1_278' title='bbox 257 2217 340 2246; x_wconf 91' lang='lat' dir='ltr'><strong>non</strong></span> <span class='ocrx_word' id='word_1_279' title='bbox 371 2203 632 2260; x_wconf 82' lang='lat' dir='ltr'><strong>efflagitasse,</strong></span> <span class='ocrx_word' id='word_1_280' title='bbox 667 2218 723 2260; x_wconf 92' lang='lat' dir='ltr'><strong>qu</strong></span> <span class='ocrx_word' id='word_1_281' title='bbox 810 2210 908 2247; x_wconf 90' lang='lat' dir='ltr'><strong>tunc</strong></span> <span class='ocrx_word' id='word_1_282' title='bbox 935 2205 1134 2262; x_wconf 86' lang='lat' dir='ltr'><strong>temporis</strong></span> <span class='ocrx_word' id='word_1_283' title='bbox 1167 2206 1371 2263; x_wconf 78' lang='lat' dir='ltr'><strong>Episcopo</strong></span> <span class='ocrx_word' id='word_1_284' title='bbox 1411 2206 1489 2264; x_wconf 89' lang='lat' dir='ltr'><strong>ipsi</strong></span> <span class='ocrx_word' id='word_1_285' title='bbox 1523 2207 1635 2250; x_wconf 81' lang='lat' dir='ltr'><strong>haud</strong></span> 
     </span>
     <span class='ocr_line' id='line_1_35' title="bbox 226 2261 1636 2319; baseline 0.003 -16"><span class='ocrx_word' id='word_1_286' title='bbox 226 2267 235 2284; x_wconf 94' lang='lat'>‘</span> <span class='ocrx_word' id='word_1_287' title='bbox 258 2261 522 2318; x_wconf 82' lang='lat' dir='ltr'><strong>potirentur?</strong></span> <span class='ocrx_word' id='word_1_288' title='bbox 566 2262 632 2304; x_wconf 84' lang='lat' dir='ltr'><strong>Ita</strong></span> <span class='ocrx_word' id='word_1_289' title='bbox 661 2261 768 2304; x_wconf 91' lang='lat' dir='ltr'><strong>enim</strong></span> <span class='ocrx_word' id='word_1_290' title='bbox 799 2262 889 2318; x_wconf 89' lang='lat' dir='ltr'><strong>ipse</strong></span> <span class='ocrx_word' id='word_1_291' title='bbox 919 2276 989 2304; x_wconf 90' lang='lat' dir='ltr'><strong>eos</strong></span> <span class='ocrx_word' id='word_1_292' title='bbox 1019 2263 1254 2319; x_wconf 84' lang='lat' dir='ltr'><strong>alloquitur,</strong></span> <span class='ocrx_word' id='word_1_293' title='bbox 1275 2267 1424 2312; x_wconf 79' lang='grc' dir='ltr'>Ταῦτα,</span> <span class='ocrx_word' id='word_1_294' title='bbox 1449 2266 1636 2319; x_wconf 81' lang='grc' dir='ltr'>ἆδελφοὶ,</span> 
     </span>
    </p>

    <p class='ocr_par' dir='ltr' id='par_1_16' title="bbox 159 2319 1636 2615">
     <span class='ocr_line' id='line_1_36' title="bbox 159 2319 1634 2376; baseline 0.003 -16"><span class='ocrx_word' id='word_1_295' title='bbox 159 2330 210 2370; x_wconf 87' lang='grc'><strong>35</strong></span> <span class='ocrx_word' id='word_1_296' title='bbox 226 2323 237 2342; x_wconf 86' lang='lat'>‘</span> <span class='ocrx_word' id='word_1_297' title='bbox 258 2319 327 2361; x_wconf 81' lang='grc' dir='ltr'>οὐκ</span> <span class='ocrx_word' id='word_1_298' title='bbox 349 2320 503 2376; x_wconf 72' lang='grc' dir='ltr'>ἐμαυτῷ</span> <span class='ocrx_word' id='word_1_299' title='bbox 525 2319 741 2373; x_wconf 77' lang='grc' dir='ltr'>ἐπιτρέψας</span> <span class='ocrx_word' id='word_1_300' title='bbox 761 2321 902 2374; x_wconf 82' lang='grc' dir='ltr'>γράφω</span> <span class='ocrx_word' id='word_1_301' title='bbox 922 2321 1015 2372; x_wconf 75' lang='grc' dir='ltr'>ὑμῖν</span> <span class='ocrx_word' id='word_1_302' title='bbox 1035 2322 1126 2374; x_wconf 88' lang='grc' dir='ltr'>περὶ</span> <span class='ocrx_word' id='word_1_303' title='bbox 1152 2323 1221 2373; x_wconf 82' lang='grc' dir='ltr'>τῆς</span> <span class='ocrx_word' id='word_1_304' title='bbox 1248 2323 1508 2374; x_wconf 79' lang='grc' dir='ltr'>δικαιοσύνης’</span> <span class='ocrx_word' id='word_1_305' title='bbox 1540 2321 1634 2364; x_wconf 79' lang='grc' dir='ltr'><strong>ἀλλ’</strong></span> 
     </span>
     <span class='ocr_line' id='line_1_37' title="bbox 225 2376 1636 2434; baseline 0.004 -16"><span class='ocrx_word' id='word_1_306' title='bbox 225 2382 235 2399; x_wconf 87' lang='lat'><em>‘</em></span> <span class='ocrx_word' id='word_1_307' title='bbox 257 2376 343 2419; x_wconf 77' lang='grc' dir='ltr'>ἐπεὶ</span> <span class='ocrx_word' id='word_1_308' title='bbox 361 2377 472 2429; x_wconf 81' lang='grc' dir='ltr'>ὑμεῖς</span> <span class='ocrx_word' id='word_1_309' title='bbox 490 2376 818 2430; x_wconf 84' lang='grc' dir='ltr'>προεκαλέσεσθέ</span> <span class='ocrx_word' id='word_1_310' title='bbox 835 2394 899 2430; x_wconf 88' lang='grc' dir='ltr'>με.</span> <span class='ocrx_word' id='word_1_311' title='bbox 930 2378 1054 2420; x_wconf 82' lang='lat' dir='ltr'><strong>Haec</strong></span> <span class='ocrx_word' id='word_1_312' title='bbox 1077 2379 1217 2427; x_wconf 86' lang='lat' dir='ltr'><strong>verba,</strong></span> <span class='ocrx_word' id='word_1_313' title='bbox 1226 2380 1414 2434; x_wconf 67' lang='lat' dir='ltr'><strong>fratres,</strong></span> <span class='ocrx_word' id='word_1_314' title='bbox 1435 2394 1521 2422; x_wconf 80' lang='lat' dir='ltr'><strong>non</strong></span> <span class='ocrx_word' id='word_1_315' title='bbox 1545 2395 1636 2423; x_wconf 83' lang='lat' dir='ltr'><strong>meo</strong></span> 
     </span>
     <span class='ocr_line' id='line_1_38' title="bbox 226 2435 1636 2493; baseline 0.004 -18"><span class='ocrx_word' id='word_1_316' title='bbox 226 2440 236 2457; x_wconf 88' lang='lat'>‘</span> <span class='ocrx_word' id='word_1_317' title='bbox 257 2435 459 2484; x_wconf 76' lang='lat' dir='ltr'><strong>arbitrio,</strong></span> <span class='ocrx_word' id='word_1_318' title='bbox 481 2435 599 2477; x_wconf 70' lang='lat' dir='ltr'><strong>vobis</strong></span> <span class='ocrx_word' id='word_1_319' title='bbox 617 2435 670 2477; x_wconf 81' lang='lat' dir='ltr'><strong>de</strong></span> <span class='ocrx_word' id='word_1_320' title='bbox 679 2435 862 2489; x_wconf 63' lang='lat' dir='ltr'><strong>justitia</strong></span> <span class='ocrx_word' id='word_1_321' title='bbox 880 2436 1034 2488; x_wconf 77' lang='lat' dir='ltr'><strong>scribo,</strong></span> <span class='ocrx_word' id='word_1_322' title='bbox 1055 2437 1130 2478; x_wconf 74' lang='lat' dir='ltr'><strong>sed</strong></span> <span class='ocrx_word' id='word_1_323' title='bbox 1149 2437 1264 2492; x_wconf 84' lang='lat' dir='ltr'><strong>quod</strong></span> <span class='ocrx_word' id='word_1_324' title='bbox 1281 2451 1355 2479; x_wconf 72' lang='lat' dir='ltr'><strong>vos</strong></span> <span class='ocrx_word' id='word_1_325' title='bbox 1374 2438 1437 2479; x_wconf 85' lang='lat' dir='ltr'><strong>ad</strong></span> <span class='ocrx_word' id='word_1_326' title='bbox 1454 2452 1519 2480; x_wconf 82' lang='lat' dir='ltr'><strong>me</strong></span> <span class='ocrx_word' id='word_1_327' title='bbox 1535 2453 1636 2493; x_wconf 87' lang='lat' dir='ltr'><strong>pro-</strong></span> 
     </span>
     <span class='ocr_line' id='line_1_39' title="bbox 226 2491 1634 2552; baseline 0.002 -18"><span class='ocrx_word' id='word_1_328' title='bbox 226 2498 236 2515; x_wconf 92' lang='lat'>‘</span> <span class='ocrx_word' id='word_1_329' title='bbox 258 2493 455 2534; x_wconf 72' lang='lat' dir='ltr'><strong>vocastis.</strong></span> <span class='ocrx_word' id='word_1_330' title='bbox 494 2492 545 2548; x_wconf 87' lang='lat'><strong>[§.</strong></span> <span class='ocrx_word' id='word_1_331' title='bbox 576 2491 640 2548; x_wconf 84' lang='lat'><strong>3]</strong></span> <span class='ocrx_word' id='word_1_332' title='bbox 674 2492 723 2534; x_wconf 89' lang='lat' dir='ltr'><strong>In</strong></span> <span class='ocrx_word' id='word_1_333' title='bbox 754 2506 889 2542; x_wconf 83' lang='lat' dir='ltr'><strong>causa,</strong></span> <span class='ocrx_word' id='word_1_334' title='bbox 910 2499 958 2535; x_wconf 88' lang='lat' dir='ltr'><strong>ut</strong></span> <span class='ocrx_word' id='word_1_335' title='bbox 990 2493 1149 2550; x_wconf 85' lang='lat' dir='ltr'><strong>opinor,</strong></span> <span class='ocrx_word' id='word_1_336' title='bbox 1171 2494 1360 2536; x_wconf 85' lang='lat' dir='ltr'><strong>Valentis</strong></span> <span class='ocrx_word' id='word_1_337' title='bbox 1384 2495 1634 2552; x_wconf 80' lang='lat' dir='ltr'><strong>presbyteri,</strong></span> 
     </span>
     <span class='ocr_line' id='line_1_40' title="bbox 227 2549 1635 2615; baseline 0.003 -25"><span class='ocrx_word' id='word_1_338' title='bbox 227 2555 236 2572; x_wconf 87' lang='lat'>‘</span> <span class='ocrx_word' id='word_1_339' title='bbox 259 2563 382 2605; x_wconf 81' lang='lat' dir='ltr'><strong>quam</strong></span> <span class='ocrx_word' id='word_1_340' title='bbox 406 2549 563 2605; x_wconf 88' lang='lat' dir='ltr'><strong>judicio</strong></span> <span class='ocrx_word' id='word_1_341' title='bbox 589 2549 808 2615; x_wconf 72' lang='lat' dir='ltr'><strong>Polycarpi</strong></span> <span class='ocrx_word' id='word_1_342' title='bbox 838 2550 1148 2607; x_wconf 82' lang='lat' dir='ltr'><strong>permittebant.</strong></span> <span class='ocrx_word' id='word_1_343' title='bbox 1211 2552 1327 2593; x_wconf 85' lang='lat' dir='ltr'><strong>Haec</strong></span> <span class='ocrx_word' id='word_1_344' title='bbox 1354 2551 1483 2609; x_wconf 85' lang='lat' dir='ltr'><strong>igitur</strong></span> <span class='ocrx_word' id='word_1_345' title='bbox 1508 2567 1635 2609; x_wconf 90' lang='lat' dir='ltr'><strong>quum</strong></span> 
     </span>
    </p>

    <p class='ocr_par' dir='ltr' id='par_1_17' title="bbox 161 2606 1635 2723">
     <span class='ocr_line' id='line_1_41' title="bbox 161 2606 1635 2666; baseline 0.003 -19"><span class='ocrx_word' id='word_1_346' title='bbox 161 2613 237 2655; x_wconf 81' lang='lat'><strong>40‘</strong></span> <span class='ocrx_word' id='word_1_347' title='bbox 258 2606 418 2648; x_wconf 83' lang='lat' dir='ltr'><strong>incerta.</strong></span> <span class='ocrx_word' id='word_1_348' title='bbox 456 2606 550 2658; x_wconf 90' lang='lat' dir='ltr'><strong>sint,</strong></span> <span class='ocrx_word' id='word_1_349' title='bbox 592 2607 693 2649; x_wconf 84' lang='lat' dir='ltr'><strong>nilnl</strong></span> <span class='ocrx_word' id='word_1_350' title='bbox 733 2607 836 2649; x_wconf 86' lang='lat' dir='ltr'><strong>certi</strong></span> <span class='ocrx_word' id='word_1_351' title='bbox 876 2622 928 2650; x_wconf 86' lang='lat' dir='ltr'><strong>ex</strong></span> <span class='ocrx_word' id='word_1_352' title='bbox 964 2623 1154 2650; x_wconf 88' lang='lat' dir='ltr'><strong>sermone</strong></span> <span class='ocrx_word' id='word_1_353' title='bbox 1194 2609 1416 2666; x_wconf 80' lang='lat' dir='ltr'><strong>Polycarpi</strong></span> <span class='ocrx_word' id='word_1_354' title='bbox 1455 2610 1635 2666; x_wconf 86' lang='lat' dir='ltr'><strong>proferri</strong></span> 
     </span>
     <span class='ocr_line' id='line_1_42' title="bbox 227 2664 1459 2723; baseline 0.002 -17"><span class='ocrx_word' id='word_1_355' title='bbox 227 2671 237 2687; x_wconf 89' lang='lat'><em>‘</em></span> <span class='ocrx_word' id='word_1_356' title='bbox 259 2666 420 2721; x_wconf 85' lang='lat' dir='ltr'><strong>potest.’</strong></span> <span class='ocrx_word' id='word_1_357' title='bbox 451 2678 491 2720; x_wconf 93' lang='lat' dir='ltr'><strong>p.</strong></span> <span class='ocrx_word' id='word_1_358' title='bbox 514 2664 605 2706; x_wconf 92' lang='lat'><strong>168.</strong></span> <span class='ocrx_word' id='word_1_359' title='bbox 627 2664 692 2706; x_wconf 88' lang='lat' dir='ltr'><strong>ed.</strong></span> <span class='ocrx_word' id='word_1_360' title='bbox 716 2665 837 2707; x_wconf 80' lang='lat' dir='ltr'><strong>Cant.</strong></span> <span class='ocrx_word' id='word_1_361' title='bbox 890 2665 1043 2708; x_wconf 83' lang='lat' dir='ltr'><strong>Confer</strong></span> <span class='ocrx_word' id='word_1_362' title='bbox 1063 2666 1186 2723; x_wconf 87' lang='lat' dir='ltr'><strong>hujus</strong></span> <span class='ocrx_word' id='word_1_363' title='bbox 1206 2666 1338 2722; x_wconf 85' lang='lat' dir='ltr'><strong>Epist.</strong></span> <span class='ocrx_word' id='word_1_364' title='bbox 1359 2670 1389 2720; x_wconf 69' lang='grc' dir='ltr'><strong>ξ.</strong></span> <span class='ocrx_word' id='word_1_365' title='bbox 1404 2666 1459 2709; x_wconf 81' lang='lat' dir='ltr'><strong>xi.</strong></span> 
     </span>
    </p>

    <p class='ocr_par' dir='ltr' id='par_1_18' title="bbox 226 2720 1636 2892">
     <span class='ocr_line' id='line_1_43' title="bbox 283 2720 1636 2782; baseline 0.004 -19"><span class='ocrx_word' id='word_1_366' title='bbox 283 2721 331 2763; x_wconf 92' lang='lat' dir='ltr'><strong>P.</strong></span> <span class='ocrx_word' id='word_1_367' title='bbox 363 2732 423 2777; x_wconf 82' lang='lat'><strong>15.</strong></span> <span class='ocrx_word' id='word_1_368' title='bbox 443 2721 470 2763; x_wconf 94' lang='lat' dir='ltr'><strong>l.</strong></span> <span class='ocrx_word' id='word_1_369' title='bbox 496 2735 528 2763; x_wconf 89' lang='grc'><strong>1.</strong></span> <span class='ocrx_word' id='word_1_370' title='bbox 557 2720 863 2775; x_wconf 79' lang='grc' dir='ltr'>ἐπιστρέφοντες</span> <span class='ocrx_word' id='word_1_371' title='bbox 892 2722 937 2764; x_wconf 87' lang='grc' dir='ltr'>τὸ</span> <span class='ocrx_word' id='word_1_372' title='bbox 968 2723 1353 2780; x_wconf 82' lang='grc' dir='ltr'>ἅποπεπλανημένα]</span> <span class='ocrx_word' id='word_1_373' title='bbox 1380 2725 1636 2782; x_wconf 73' lang='lat' dir='ltr'><strong>conjiciebat</strong></span> 
     </span>
     <span class='ocr_line' id='line_1_44' title="bbox 226 2778 1634 2836; baseline 0.004 -16"><span class='ocrx_word' id='word_1_374' title='bbox 226 2778 447 2836; x_wconf 85' lang='lat' dir='ltr'><strong>legendum</strong></span> <span class='ocrx_word' id='word_1_375' title='bbox 486 2779 576 2822; x_wconf 85' lang='grc' dir='ltr'>τοὺς</span> <span class='ocrx_word' id='word_1_376' title='bbox 603 2779 1020 2831; x_wconf 83' lang='grc' dir='ltr'>’ἀποπεπλανημένους</span> <span class='ocrx_word' id='word_1_377' title='bbox 1051 2780 1254 2823; x_wconf 79' lang='lat' dir='ltr'><strong>Patricius</strong></span> <span class='ocrx_word' id='word_1_378' title='bbox 1288 2781 1452 2824; x_wconf 83' lang='lat' dir='ltr'><strong>Junius.</strong></span> <span class='ocrx_word' id='word_1_379' title='bbox 1515 2783 1634 2825; x_wconf 86' lang='lat' dir='ltr'><strong>Inve-</strong></span> 
     </span>
     <span class='ocr_line' id='line_1_45' title="bbox 226 2836 1634 2892; baseline 0.004 -14"><span class='ocrx_word' id='word_1_380' title='bbox 226 2836 334 2878; x_wconf 88' lang='lat' dir='ltr'><strong>nisse</strong></span> <span class='ocrx_word' id='word_1_381' title='bbox 354 2837 487 2878; x_wconf 87' lang='lat' dir='ltr'><strong>Vetus</strong></span> <span class='ocrx_word' id='word_1_382' title='bbox 508 2837 722 2892; x_wconf 85' lang='lat' dir='ltr'><strong>Interpres</strong></span> <span class='ocrx_word' id='word_1_383' title='bbox 743 2836 907 2878; x_wconf 89' lang='lat' dir='ltr'><strong>videtur</strong></span> <span class='ocrx_word' id='word_1_384' title='bbox 931 2836 1081 2881; x_wconf 84' lang='grc' dir='ltr'>πάντας</span> <span class='ocrx_word' id='word_1_385' title='bbox 1099 2838 1408 2892; x_wconf 80' lang='grc' dir='ltr'>ἐπιστρέφοντες</span> <span class='ocrx_word' id='word_1_386' title='bbox 1429 2840 1516 2886; x_wconf 71' lang='grc' dir='ltr'>τοὺς</span> <span class='ocrx_word' id='word_1_387' title='bbox 1536 2842 1634 2883; x_wconf 82' lang='grc' dir='ltr'>ἀπο-</span> 
     </span>
    </p>

    <p class='ocr_par' dir='ltr' id='par_1_19' title="bbox 164 2893 1275 2946">
     <span class='ocr_line' id='line_1_46' title="bbox 164 2893 1275 2946; baseline 0.003 -11"><span class='ocrx_word' id='word_1_388' title='bbox 164 2904 213 2943; x_wconf 85' lang='grc'><strong>45</strong></span> <span class='ocrx_word' id='word_1_389' title='bbox 226 2893 562 2946; x_wconf 85' lang='grc' dir='ltr'>πεπλανημένους,</span> <span class='ocrx_word' id='word_1_390' title='bbox 584 2908 724 2936; x_wconf 86' lang='lat' dir='ltr'><strong>omnes</strong></span> <span class='ocrx_word' id='word_1_391' title='bbox 745 2895 801 2937; x_wconf 85' lang='lat' dir='ltr'><strong>ab</strong></span> <span class='ocrx_word' id='word_1_392' title='bbox 820 2909 962 2938; x_wconf 85' lang='lat' dir='ltr'><strong>errore</strong></span> <span class='ocrx_word' id='word_1_393' title='bbox 982 2904 1275 2938; x_wconf 74' lang='lat' dir='ltr'><strong>convertentes.</strong></span> 
     </span>
    </p>
   </div>
  </div>
 </body>
</html>
