1988 3216
450 489 913 538 FRAGMENTUM
967 487 1328 537 EPISTOLAE

229 642 293 710 S.
337 642 750 706 IRENAEI
804 641 939 705 AD
992 640 1546 708 FLORINUM.

187 895 463 954 Fragmentum
490 897 686 947 Epistolae
715 897 752 935 S.
776 897 925 935 Irenaei
950 896 999 935 ad
1019 896 1231 944 Floriuum,
1250 896 1352 947 apud
1375 896 1595 941 Eusebium,

701 973 803 1012 Hist.
827 973 930 1011 Eccl.
952 973 998 1011 V.
1025 985 1084 1010 2.0

150 1091 173 1130 5
189 1061 434 1125 ΤΑΥΤΑ
477 1072 537 1124 τὰ
581 1070 816 1139 δόγματα,
867 1076 1104 1140 Φλωρῖνε,
1152 1072 1230 1123 ἵνα
1272 1070 1598 1140 πεφεισμένως

185 1156 319 1221 εἴπω,

367 1158 452 1209 οὐκ
502 1156 635 1210 ἔστιν
685 1159 847 1225 ὑγιοῦς
894 1156 1104 1223 γνώμης.

1195 1161 1364 1209 Ταῦτα
1406 1155 1466 1209 τὰ
1516 1155 1595 1208 δό-

187 1264 350 1308 γματα
387 1241 663 1311 ἀσύμφωνα
700 1243 804 1295 ἐστι
842 1246 901 1311 τῇ
927 1242 1217 1311 Ἐκκλησία,
1245 1245 1309 1298 εἶς
1338 1239 1426 1307 τὴν
1462 1242 1596 1308 myl-

187 1349 313 1392 στην
351 1326 575 1389 ἀσέβειαν
615 1326 977 1396 περιβάλλοντα
1018 1350 1129 1383 τους
1171 1326 1473 1392 πειθομένους
1512 1328 1596 1379 αὐ-

187 1415 302 1467 τοῖς.

136 1499 409 1566 ιοαὶρετικοὶ
441 1495 719 1563 ἐτόλμησαν
755 1495 1107 1567 ἀποφήνασθαί
1136 1519 1264 1550 ποτε.

363 1415 531 1464 Ταῦτα
551 1411 612 1464 τὰ
637 1410 855 1479 δόγματα
882 1410 987 1464 οὐδε
1013 1415 1055 1464 οἱ
1079 1410 1174 1480 ἔξω
1199 1414 1284 1477 τῆς
1300 1412 1600 1477 Ἐκκλησίας

1342 1501 1509 1549 Ταῦτα
1540 1496 1599 1549 τὰ

191 1582 424 1649 δόγματα,
450 1585 492 1634 οἱ
517 1583 613 1652 πρὸ
637 1583 772 1648 ἡμῶν
795 1582 1128 1651 πρεσβύτεροι,
1150 1585 1194 1634 οἱ
1220 1583 1296 1634 καὶ
1321 1586 1420 1638 τοῖς
1444 1582 1597 1635 Ἀπο-

190 1667 388 1722 στόλοις
412 1667 852 1737 συμφοιτήσαντες,
883 1669 938 1720 οὐ
970 1666 1251 1736 παρέδωκάν
1274 1691 1372 1719 σοι.

1457 1665 1601 1720 Εἶδον

190 1750 286 1820 γάρ
310 1774 369 1804 σε
393 1756 506 1808 παῖς
539 1752 602 1804 ἔτι
641 1751 708 1804 ὧν
739 1754 788 1804 ἐν
813 1755 872 1822 τῇ
907 1751 1035 1805 κάτω
1060 1753 1210 1822 Ἀσίᾳ
1241 1751 1374 1820 παρὰ
1398 1756 1466 1823 τῷ
1495 1757 1597 1805 Πο-

189 1835 422 1907 λυκάρπῳ
447 1841 684 1905 λαμπρῶς
708 1835 983 1906 πράττοντα
1015 1838 1065 1888 ἐν
1091 1839 1150 1905 τῇ
1182 1838 1419 1906 βασιλικῇ
1453 1839 1598 1906 αὐλῇ,

122 1947 176 1985 Ἷ5
190 1925 266 1974 καὶ
290 1921 578 1990 πειρώμενον
603 1923 859 1988 εὐδοκιμεῖν
893 1922 1005 1990 παρ’
1033 1923 1176 1992 αὐτῷ.

188 2007 249 2059 τὰ
282 2006 386 2059 τότε
419 2007 792 2073 διαμνημονεύω,
820 2013 916 2060 τῶν
949 2008 1152 2076 ἔναγχος
1187 2006 1458 2073 γινομένων.

189 2090 286 2159 γὰρ
334 2093 384 2143 ἐκ
435 2093 619 2144 παίδων
674 2092 905 2159 μαθήσεις
959 2091 1293 2160 συναύξουσαι

1263 1926 1480 1974 Μᾶλλον
1506 1922 1603 1991 γὰρ

1539 2012 1601 2060 Az

1345 2095 1405 2162 τῇ
1463 2096 1601 2164 ψυχῇ

660 2223 872 2273 Ῑηεεηὶτειε
892 2224 945 2260 II.
970 2222 1126 2261 Valeaio.

254 2298 361 2337 Haec
397 2299 589 2350 dogmata,
624 2298 791 2346 Florine,
824 2304 869 2338 ut

192 2352 412 2403 parcissime
440 2366 483 2392 ac
513 2353 704 2392 levissime
732 2353 868 2401 dicam,

193 2420 269 2444 non
284 2411 375 2445 sunt
394 2420 507 2445 sanae
521 2407 728 2446 doetrinae.
762 2407 870 2446 Haec

192 2461 374 2512 dogmata
402 2461 634 2500 dissentiunt
662 2462 710 2500 ab
739 2462 870 2500 Eccle-

191 2515 258 2562 sia,
279 2521 318 2554 et
337 2515 377 2553 in
396 2515 605 2554 maximam
629 2516 869 2567 impietatem

193 2582 258 2608 eos
285 2569 504 2620 conjiciunt,
533 2570 599 2621 qui
635 2570 712 2608 illis
743 2583 869 2609 assen-

192 2623 354 2662 tiuntur.
402 2624 509 2662 Haec
527 2623 710 2675 dogmata
728 2637 777 2662 ne
795 2625 869 2675 ipsi

193 2677 350 2728 quidem
367 2677 550 2716 haeretici
576 2684 687 2716 extra
706 2678 870 2716 Ecclesi-

193 2744 256 2769 am
274 2731 390 2782 positi
410 2731 580 2782 proferre
598 2745 768 2782 unquam
787 2732 869 2770 ausi

194 2791 294 2824 sunt.
355 2786 462 2823 Haec
494 2786 686 2837 dogmata,
725 2786 765 2823 hi
803 2787 869 2837 qui

194 2844 284 2878 ante
309 2853 378 2877 nos
404 2840 534 2878 vixere
559 2840 784 2890 presbyteri,
804 2841 869 2891 qui

194 2894 310 2931 etiam
323 2893 598 2944 Apostolorum
614 2894 790 2944 discipuli
806 2908 871 2932 ex-

924 2299 1116 2346 stiterant,
1132 2313 1373 2350 nequaquam
1393 2299 1464 2338 tibi
1483 2299 1602 2338 tradi-

925 2354 1075 2392 derunt.
1110 2354 1201 2391 Vidi
1221 2355 1325 2392 enim
1343 2359 1382 2392 te
1397 2367 1517 2405 quum
1536 2354 1601 2391 ad-

924 2408 999 2446 huc
1018 2421 1115 2458 puer
1133 2421 1254 2446 essem
1269 2408 1309 2446 in
1324 2408 1603 2447 inferioreAsia

924 2463 1027 2512 apud
1082 2462 1348 2513 Polycarpum,
1403 2463 1602 2514 splendide

923 2521 1102 2567 agentem
1144 2516 1185 2554 in
1227 2517 1382 2567 palatio,
1420 2523 1460 2555 et
1496 2530 1602 2568 mag-

924 2584 1066 2621 nopere
1084 2571 1335 2619 laborantem,
1347 2577 1392 2609 ut
1411 2576 1451 2609 te
1466 2571 1521 2608 illi
1536 2584 1602 2621 ap-

924 2625 1116 2675 probares.
1156 2625 1313 2663 Etenim
1332 2638 1376 2663 ea
1394 2638 1491 2676 quae
1509 2630 1603 2663 tunc

924 2679 1110 2729 temporis
1158 2684 1267 2728 gesta
1317 2684 1418 2726 sunt,
1466 2679 1602 2717 melius

925 2732 1110 2770 memoria
1132 2737 1257 2780 teneo,
1278 2746 1394 2784 quam
1417 2733 1483 2770 illa
1504 2746 1602 2784 quae

926 2800 1048 2836 nuper
1079 2787 1311 2825 acciderunt.
1372 2787 1524 2838 Quippe
1557 2801 1602 2825 ea

926 2854 1023 2891 quae
1070 2840 1178 2891 pueri
1226 2841 1439 2888 didicimus,
1486 2842 1600 2880 simul

926 2908 1013 2932 cum
1038 2895 1166 2932 animo
1191 2895 1274 2946 ipso
1303 2896 1528 2943 coalescunt,
1550 2897 1601 2935 ei-

976 2971 1050 3001 D2
