2034 3204
410 237 495 278 188
595 236 1055 279 ANNOTATIONES
1089 236 1152 278 IN
1184 234 1588 278 TERTULLIANI
1619 234 1694 276 810.

408 342 500 398 quis
519 342 630 391 velit,
651 343 852 392 hommes,
870 341 941 397 qui
961 356 1035 383 nos
1057 342 1236 397 undique
1257 343 1492 384 observant.
1554 341 1619 382 De
1640 341 1668 382 J
1672 339 1813 382 udaeis

407 400 517 442 enim
547 399 834 442 insidiantibus
866 399 1032 442 Christo
1066 399 1126 441 ait
1166 400 1208 442 S.
1241 400 1420 447 Marcus,
1452 407 1491 442 et
1531 398 1813 441 observabant

408 472 516 507 eum,
548 458 612 499 καὶ
641 460 885 510 παρετηροῦν
914 457 1047 498 αὐτόν.
1078 457 1134 498 iii.
1168 470 1207 499 2.
1270 457 1354 499 Sed
1389 456 1555 499 omnino
1589 455 1812 521 legendum

409 521 472 557 est
491 516 650 557 hostem
679 529 756 571 pro
786 515 995 556 hominem
1023 529 1114 556 cum
1135 514 1185 556 el.
1209 514 1438 564 Oberthur,
1460 513 1531 570 qui
1560 514 1603 555 in
1633 512 1813 555 editione

409 587 485 615 sua
519 573 803 616 SS.Pat1·um
840 571 1096 620 Latinorum,
1133 571 1395 629 Wireeburg.
1437 573 1558 626 1788,
1595 571 1696 613 scite
1735 571 1814 612 hoe
1827 581 1849 620 5

409 629 595 686 conjecit.
657 629 810 672 Confer
824 635 866 670 et
881 628 1052 670 inferius
1069 629 1112 671 S.
1128 629 1398 685 Cyprianum,
1420 629 1473 671 de
1489 629 1587 671 Zelo
1603 634 1646 671 et
1664 628 1815 670 Livore

409 702 500 744 cap.
521 702 556 729 1.
618 687 686 729 Ad
715 686 898 728 libellum
929 686 1038 728 hune
1068 686 1121 728 de
1153 686 1353 728 Oratione
1377 687 1489 742 quod
1518 686 1683 734 attinet,
1705 686 1814 728 idem

411 745 628 788 Oberthur
648 750 901 792 contextum,
922 750 970 786 ut
999 743 1128 795 aiunt,
1150 743 1340 786 editionis
1368 743 1561 786 Halensis
1591 744 1678 786 sine
1708 743 1815 786 notis

410 803 448 845 ei
478 802 671 867 subjectis
700 801 908 858 repetivit,
939 801 1052 843 nulla
1085 801 1168 844 alia
1197 807 1366 858 praeter
1395 801 1502 844 hanc
1537 801 1813 858 conjecturam

410 859 698 902 observatione
719 859 894 914 adjecta.
1831 872 1880 897 10

469 919 518 959 P.
546 930 638 959 121.
660 917 687 958 l.
715 930 779 959 10.
811 931 893 958 non
924 916 1041 958 otiosi
1073 930 1146 958 ore
1175 916 1415 973 suspiciunt,
1437 917 1647 959 vibrantes
1667 915 1815 972 spiritu

410 991 484 1017 suo
515 976 698 1028 movere]
736 973 1008 1017 Scribendum
1038 980 1114 1023 est,
1146 989 1228 1016 non
1258 976 1404 1023 otioso,
1435 980 1508 1017 aut
1538 989 1620 1016 non
1643 976 1816 1016 otiosae.

412 1032 746 1076 MURATORI.
810 1031 946 1074 Velim
976 1046 1055 1089 ego
1083 1047 1274 1088 reponaS,
1297 1047 1379 1074 non
1408 1034 1569 1075 otiosae
1595 1046 1668 1074 ore
1688 1031 1817 1088 suspi-

411 1090 525 1133 ciunt
545 1091 754 1139 vibrante,
776 1089 923 1146 spiritu
946 1104 1020 1131 suo
1050 1098 1262 1132 movente:
1293 1090 1482 1132 vibrante
1509 1105 1585 1146 pro
1607 1089 1817 1132 vibrantes

411 1155 456 1191 et
475 1154 666 1190 movente
686 1162 763 1204 pro
783 1162 950 1190 movere
971 1147 1126 1204 positis.
1834 1153 1881 1191 15

472 1205 581 1248 Ibid.
602 1206 628 1247 l.
659 1209 720 1247 16.
743 1205 807 1247 cui
827 1205 882 1248 sit
902 1205 1034 1247 honor
1048 1205 1140 1261 &o.]
1165 1204 1348 1247 Similem
1370 1205 1519 1247 doxolo
1551 1204 1632 1246 iam
1650 1204 1816 1247 Christo

417 1263 592 1305 Domino
621 1263 745 1305 affert
774 1263 855 1305 fine
885 1262 1097 1319 Epistolae
1127 1277 1226 1305 suae
1255 1262 1494 1319 posterioris
1521 1219 1676 1304 {etrus
1706 1263 1818 1319 Apo-

413 1321 553 1363 stolus.
617 1321 770 1363 Confer
792 1321 835 1364 S.
858 1320 977 1363 Pauli
997 1321 1077 1377 Ep.
1098 1320 1338 1377 posterioris
1357 1321 1411 1363 ad
1432 1320 1612 1363 Timoth.
1633 1335 1721 1377 cap.
1738 1321 1814 1363 ult·

412 1385 456 1421 et
478 1379 522 1422 S.
544 1380 750 1422 Joannem
773 1379 864 1435 plus
884 1379 1007 1421 semel
1031 1378 1072 1421 in
1094 1378 1358 1436 Apocalypsi.
