2034 3204
441 247 523 288 DE
567 245 779 289 OPERE
823 245 900 286 ET
944 244 1422 286 ELEEMOSYNIS.
1541 244 1623 285 301

227 353 352 407 abiit,
388 360 430 400 et
469 353 672 401 vendidit
711 354 866 400 omnia
902 367 1016 415 qaae
1051 350 1221 403 habuit,
1258 357 1300 398 et
1336 353 1446 398 emit
1483 350 1626 398 illam.

228 432 327 478 Eos
351 432 554 492 denique
577 438 626 478 et
648 431 874 478 Abrahae
898 429 1019 476 filios
1042 428 1160 475 dicit
1182 445 1301 489 quos
1326 429 1377 475 in
1400 429 1629 490 juvandis

226 509 501 568 alendisque
525 509 813 568 pauperibus
837 507 1076 568 operarios
1100 507 1265 553 cernit.
1332 507 1460 552 Nam
1478 522 1628 566 quum

227 586 470 631 Zachaeus
494 586 705 639 dixisset,
729 583 863 639 Eece,
888 582 1135 629 dimidium
1160 599 1219 629 ea·
1248 581 1501 629 substantia
1530 598 1627 627 mea
1639 589 1720 622 Luc.
1730 591 1798 622 xix.
1813 591 1843 622 8.

190 662 286 714 5do
313 663 476 726 eyem's,
501 669 543 709 et
565 662 608 708 si
632 662 708 708 cui
731 660 846 724 quid
863 659 1111 724 fraudavi,
1137 658 1443 723 quadruplum
1472 658 1627 711 reddo,

225 740 471 800 respondit
494 740 525 786 J
528 755 648 793 esus,
667 746 715 786 et
736 739 875 792 dixit,
894 737 1017 797 Quia
1039 736 1164 784 salus
1187 735 1322 784 hodie
1345 735 1454 784 kuic
1470 736 1629 783 domui

209 816 350 878 facta
385 823 465 874 est,
501 817 716 880 quoniam
752 822 793 862 et
825 814 902 863 hic
931 815 1068 878 filius
1103 821 1167 862 est
1196 813 1428 862 Abrahae.
1499 815 1626 861 Nam

225 893 267 938 si
313 894 564 939 Abraham
615 892 818 938 credidit
865 892 981 947 Deo,
1028 899 1076 938 et
1127 894 1410 953 deputatum
1461 898 1533 938 est
1583 892 1625 938 ei
1638 904 1723 936 Gen.
1741 915 1795 936 xv.
1812 903 1843 936 6.

225 972 285 1016 ad
313 970 570 1031 justitiam,
595 969 761 1030 utique
784 969 869 1029 qui
903 970 1161 1015 secundum
1196 976 1499 1029 praeceptum
1535 969 1629 1015 Dei

164 1070 211 1095 10
225 1049 544 1108 eleemosynas
590 1046 718 1098 facit,
759 1046 862 1092 Deo
907 1046 1070 1100 credit,
1111 1053 1159 1092 et
1199 1047 1283 1106 qui
1329 1047 1473 1092 habet
1518 1045 1628 1092 fidei

225 1125 489 1179 veritatem,
518 1131 674 1170 servat
710 1124 798 1170 Dei
838 1125 1087 1180 timorem;
1125 1125 1209 1185 qui
1246 1131 1406 1170 autem
1442 1124 1534 1170 Dei
1570 1125 1631 1171 ti-

225 1218 404 1248 morem
440 1207 612 1256 servat,
647 1201 697 1246 in
733 1202 1121 1248 miserationibus
1163 1218 1427 1262 pauperum
1470 1202 1628 1248 Deum

224 1280 416 1341 cogitat.
487 1278 730 1338 Operatur
757 1279 883 1324 enim
920 1279 1026 1324 ideo
1049 1279 1165 1339 quia
1199 1280 1364 1332 credit,
1388 1279 1505 1339 quia
1538 1279 1629 1325 scit

229 1373 335 1403 vera
357 1372 457 1403 esse
480 1372 602 1416 quae
636 1356 877 1416 praedicta
911 1363 1025 1402 sunt
1049 1357 1203 1402 verbis
1229 1357 1336 1411 Dei,
1361 1373 1445 1403 nec
1469 1357 1629 1418 Scrip-

163 1449 208 1487 15
225 1442 380 1481 turam
406 1440 616 1480 sanctam
645 1448 779 1492 posse
804 1434 998 1479 mentiri
1019 1448 1031 1488 ;
1072 1434 1264 1479 arbores
1288 1434 1626 1487 infructuosas,
1638 1444 1844 1478 Mataiimo.

222 1512 271 1558 id
310 1518 393 1565 est,
429 1510 613 1556 steriles
654 1510 889 1564 homines,
921 1511 1076 1556 excidi
1112 1517 1158 1556 et
1195 1511 1242 1556 in
1282 1511 1444 1573 ignem
1480 1511 1626 1565 mitti,

221 1589 547 1636 misericordes
578 1594 736 1633 autem
763 1589 820 1633 ad
856 1604 1057 1650 regnum
1084 1588 1254 1634 vocari.
1325 1588 1421 1642 Qui
1454 1595 1502 1634 et
1530 1589 1625 1634 alio

221 1667 271 1713 in
307 1669 408 1713 loco
443 1665 685 1726 operarios
721 1671 768 1711 et
798 1665 1066 1711 fructuosos
1101 1663 1261 1710 fideles
1297 1667 1521 1725 appellat,
1551 1666 1624 1711 in-

221 1743 476 1791 fructuosis
512 1758 624 1788 vero
661 1748 710 1788 et
746 1742 988 1788 sterilibus
1023 1742 1164 1788 fidem
1200 1744 1412 1805 derogat,
1448 1743 1621 1797 dicens,

158 1842 207 1868 20
221 1821 280 1869 Si
314 1821 364 1866 in
401 1819 569 1880 injusto
600 1835 859 1865 mammona
879 1819 1045 1881 fideles
1080 1835 1171 1865 non
1192 1818 1378 1882 fuistis,
1404 1820 1527 1882 quod
1559 1828 1841 1868 estLu0.xvi.11.

222 1913 374 1944 verum
422 1897 524 1959 quis
570 1896 718 1943 credet
763 1896 933 1943 vobis?
992 1896 1056 1942 Et
1100 1897 1144 1942 si
1183 1897 1233 1942 in
1274 1896 1426 1943 alieno
1457 1897 1622 1959 fideles

221 1991 312 2021 mm
324 1974 508 2038 fuistis,
533 1974 655 2037 quod
676 1980 740 2020 est
764 1980 957 2022 vestrum
984 1975 1086 2037 quis
1111 1973 1236 2021 dabit
1260 1973 1426 2021 vobis?

287 2052 377 2100 Vl.
415 2053 505 2098 Sed
531 2053 705 2098 vereris
729 2059 776 2098 et
799 2052 974 2098 metuis
999 2069 1056 2097 ne
1080 2053 1120 2098 si
1144 2053 1331 2112 operari
1355 2053 1618 2113 plurimum
1632 2064 1747 2096 luania
1762 2075 1828 2097 me-

219 2131 440 2191 coeperis‚
471 2130 759 2190 patrimonio
795 2138 878 2176 tuo
912 2132 1047 2192 larga
1082 2130 1356 2190 operatione
1388 2130 1524 2176 finito
1559 2111 1812 2193 adffisqssgm,

157 2233 174 2256 2
182 2229 204 2268 5
220 2208 469 2270 penuriam
492 2208 615 2254 forte
650 2207 911 2270 redigaris:
958 2214 1059 2253 esto
1094 2208 1145 2254 in
1181 2208 1269 2254 hac
1305 2215 1439 2269 parte
1475 2210 1621 2255 intre·
1631 2198 1697 2234 ‘'¹¹''
1715 2206 1758 2227 ¹¹⁶

1630 2238 1681 2270 lar
1740 2250 1759 2270 0
1804 2257 1816 2263 -

219 2286 372 2345 pidus,
398 2292 500 2331 esto
530 2299 748 2331 securus:
788 2283 913 2329 finiri
946 2299 1040 2330 non
1069 2291 1226 2344 potest
1259 2286 1385 2331 unde
1420 2285 1470 2331 in
1503 2301 1618 2331 usus
1630 2250 1819 2315 ffl‘ffnepsd

219 2363 400 2409 Christi
443 2362 750 2422 impenditur,
785 2363 911 2408 unde
946 2377 1065 2422 opus
1100 2364 1298 2408 coeleste
1337 2363 1617 2408 celebratur.
1630 2337 1812 2412 ξὲἓιιὲαῃῗιῐιῗ

221 2440 321 2485 Nec
357 2440 447 2485 hoc
488 2439 575 2485 tibi
614 2441 671 2485 de
712 2455 817 2485 meo
857 2441 1079 2499 sponde0,
1118 2441 1197 2484 sed
1241 2440 1299 2484 de
1345 2446 1620 2485 sanctarum

219 2516 575 2575 Scripturarum
600 2514 691 2561 fide
723 2522 771 2562 et
803 2516 997 2562 divinae
1028 2516 1387 2576 pollicitationis
1415 2516 1621 2562 auctori-

153 2614 205 2650 30
219 2598 317 2638 tate
352 2591 594 2651 promitto.
668 2592 906 2652 Loquitur
941 2608 1026 2652 per
1066 2593 1368 2638 Salomonem
1406 2593 1618 2652 Spiritus

219 2669 423 2715 Sanctus
447 2676 494 2714 et
518 2669 647 2721 dicit,
671 2668 765 2727 Qui
788 2668 867 2715 dat
883 2668 1182 2732 pauperibus,
1206 2685 1439 2731 uunquam
1465 2670 1729 2734 eyebz't,P1-0v.

218 2746 299 2808 qui
339 2751 486 2792 autem
523 2746 684 2792 avertit
722 2745 899 2792 oculum
934 2762 1081 2800 suum,
1118 2746 1167 2792 in
1211 2762 1376 2810 mayna
1414 2750 1618 2809 penaria
1630 2730 1743 2762 '‘mii'
1763 2738 1815 2771 ²⁷·

218 2823 336 2874 erit:
371 2825 622 2869 ostendens
657 2824 983 2870 misericordes
1018 2833 1162 2884 atque
1197 2831 1444 2884 operantes
1480 2842 1617 2889 egere
