2034 3204
382 229 468 268 252
800 228 1310 272 ANNOTATIONES

384 332 571 375 Historia
606 333 863 386 Armeniaca,
897 349 1019 390 quam
1051 335 1271 377 ediderunt
1310 350 1401 377 eum
1441 334 1784 391 interpretatione

385 390 534 432 Latina
555 390 663 433 Guil.
686 397 728 433 et
750 391 904 448 Georg.
923 392 1151 441 Whistonii,
1168 393 1318 435 librum
1339 393 1391 434 de
1412 392 1619 434 Ecclesiae
1641 393 1786 449 Perse-

384 448 638 498 cutionibus3
669 463 723 490 an
746 463 842 490 vero
870 463 972 505 opus
993 449 1075 491 tale
1096 449 1195 505 quid
1219 449 1287 491 ille
1308 449 1594 506 composuerit,
1617 449 1785 491 dubium

384 505 515 548 videri
548 506 676 562 possit
709 506 996 548 annotationes
1031 506 1186 563 legenti
1220 507 1274 548 ad
1306 507 1542 549 Aristonem
1575 507 1785 549 Pellaeum

385 563 427 604 in
448 563 650 619 Reliquiis
673 563 822 610 Sacris,
840 564 920 605 vol.
942 578 970 612 1,
992 578 1032 619 p.
1059 577 1148 605 101.
1799 582 1822 619 5

444 621 490 662 P.
515 634 609 676 23¹.
630 621 656 662 l.
677 635 718 672 4.
745 621 811 662 An
838 621 1091 663 CYPRIANUM
1117 621 1378 677 ΕΡΙεΤοιΑΜ]
1406 622 1527 663 Hanc
1557 621 1785 678 epistolam,

383 692 507 733 quam
547 677 703 734 primus
750 678 923 734 protulit
961 677 1189 727 Morellius,
1230 678 1441 721 habebant
1480 679 1605 721 etiam
1647 679 1677 720 ii
1717 679 1786 734 qui

384 736 543 777 Romae
569 735 841 791 praefuerunt
861 735 1030 777 editioni
1050 750 1220 792 operum
1244 735 1386 778 Sancti
1408 736 1608 792 Cypriani
1634 736 1676 777 in
1703 737 1787 777 offi-

384 793 476 834 cina
511 792 630 834 Pauli
665 792 855 835 Manutii.
917 793 982 834 Illi
1016 799 1168 842 autem,
1203 799 1249 835 ut
1283 792 1342 835 ait
1378 793 1550 835 Latinus
1587 793 1785 843 Latinius,

384 865 466 891 non
495 851 777 906 probaverunt
806 850 867 892 uti
888 865 911 892 e
931 850 1114 892 tenebris
1140 850 1427 907 proferretur3
1470 851 1674 907 hujusque
1693 866 1787 892 con·
1805 871 1852 896 10

383 907 462 948 silii
490 913 702 949 auctorem
731 922 776 949 se
806 913 849 950 et
878 922 1087 950 suasorem
1115 907 1241 950 fuisse
1270 908 1359 964 ipse
1386 914 1564 951 testatur
1594 908 1786 965 ingenue,

384 979 510 1020 quum
537 965 739 1021 majorum
767 966 955 1021 exempla
982 971 1179 1014 secutum,
1201 972 1290 1008 tum
1317 966 1504 1015 hominis,
1526 966 1569 1008 id
1599 972 1675 1018 est,
1699 966 1788 1008 Fir-

384 1022 552 1071 miliani,
598 1022 712 1079 cujus
761 1037 812 1066 ea
850 1023 1039 1079 Epistola
1087 1029 1163 1073 est,
1204 1023 1471 1079 petulantiam
1523 1024 1786 1066 detestatum.

386 1081 537 1122 Postea
557 1080 776 1129 Pamelius,
799 1080 870 1137 qui
898 1080 1008 1122 illam
1039 1086 1256 1137 repererat
1286 1080 1328 1122 in
1358 1095 1430 1123 sex
1461 1081 1642 1137 antiquis
1664 1081 1786 1123 Codi-

385 1137 512 1187 cibus‚
533 1152 624 1179 eam
644 1138 818 1188 recudit,
839 1138 1012 1180 innuens
1040 1144 1192 1186 tamen,
1214 1153 1296 1194 quo
1317 1144 1409 1180 erat
1429 1138 1470 1180 in
1490 1138 1785 1195 rempublicam
1805 1156 1851 1194 15

387 1195 665 1238 Christianam
700 1201 743 1238 et
777 1195 1091 1238 ecclesiasticam
1124 1196 1287 1245 affectu,
1320 1211 1364 1238 se
1396 1196 1507 1238 illam
1543 1195 1786 1238 omissurum

384 1252 522 1304 fuisse,
544 1253 655 1310 quod
676 1253 798 1310 paulo
819 1253 1102 1295 vehementius
1123 1259 1165 1295 et
1186 1253 1373 1295 acerbius
1394 1268 1517 1309 quam
1539 1253 1786 1310 Episcopum

385 1310 530 1353 deceat
550 1310 704 1367 scripta
723 1311 788 1360 sit,
810 1310 886 1352 nisi
908 1311 996 1367 jam
1016 1326 1042 1353 a
1063 1310 1252 1353 Morellio
1272 1311 1417 1353 fuisset
1437 1311 1560 1353 edita.
1623 1311 1788 1354 Scilicet

386 1369 595 1410 Romanos
619 1375 662 1410 et
683 1368 907 1411 Pamelium
936 1374 1245 1410 commoverunt
1274 1368 1378 1410 liber
1400 1368 1627 1411 Firmiliani
1654 1369 1788 1425 stylus

382 1431 426 1467 et
452 1426 791 1468 excandescentia
810 1426 1008 1468 adversus
1030 1427 1184 1482 Papam
1207 1426 1463 1482 Stephanum
1484 1426 1644 1469 diverse
1664 1427 1717 1468 ab
1738 1441 1787 1468 eo
1804 1443 1854 1468 20

383 1483 642 1526 sentientem.
705 1484 768 1526 At
798 1483 831 1525 si
861 1490 1021 1526 attente
1056 1483 1382 1526 considerassent
1412 1483 1557 1540 quanti
1586 1489 1629 1526 et
1663 1498 1787 1540 quam

384 1541 649 1583 vehementes
676 1541 835 1583 soleant
857 1555 945 1583 esse
965 1541 1136 1583 affectus
1157 1555 1283 1597 quum
1302 1541 1442 1598 agitur
1463 1541 1516 1584 de
1542 1556 1667 1584 causa
1693 1541 1787 1584 reli-

385 1598 519 1654 gionis
557 1604 601 1640 et
640 1598 749 1646 fidei,
791 1598 1119 1641 considerassent
1158 1598 1282 1641 etiam
1323 1613 1446 1654 quam
1487 1599 1707 1642 vehemens
1746 1605 1789 1641 et

385 1656 559 1698 acerbus
578 1656 716 1699 fuerat
733 1657 969 1713 Stephanus
988 1657 1171 1698 scribens
1190 1656 1388 1699 adversus
1406 1656 1674 1714 Cyprianum,
1694 1671 1789 1713 pro·

385 1714 493 1755 fecto
519 1714 626 1756 hanc
652 1713 1034 1756 excandescentiam
1060 1714 1361 1756 condonassent
1382 1713 1632 1763 Firmiliano,
1654 1728 1788 1770 neque
1805 1728 1852 1766 25

386 1777 609 1827 propterea
637 1772 820 1814 tenebris
849 1771 1127 1813 damnandum
1160 1786 1249 1813 esse
1278 1777 1494 1828 putassent
1522 1771 1681 1814 illustre
1711 1772 1789 1814 hoc

384 1828 643 1885 antiquitatis
678 1829 975 1871 ecclesiasticae
1010 1834 1331 1878 monumentum,
1362 1829 1404 1871 in
1434 1844 1516 1886 quo
1550 1843 1649 1871 sane
1683 1830 1789 1872 bene

386 1887 516 1929 multa
548 1892 646 1929 sunt
681 1887 819 1944 magni
856 1886 1050 1929 momenti
1085 1886 1233 1943 quibus
1270 1886 1392 1929 hodie
1428 1901 1662 1929 careremus
1697 1902 1787 1930 cum

385 1944 535 2001 grandi
565 1959 705 1987 rerum
737 1950 971 1986 nostrarum
1003 1943 1065 1986 dis
1096 1944 1230 1993 endio,
1251 1949 1298 1987 ut
1325 1944 1367 1986 in
1395 1944 1516 1987 simili
1542 1951 1789 2002 argumento

385 2002 543 2044 censuit
571 2002 826 2051 sirmondus,
847 2002 974 2044 edens
994 2002 1035 2044 in
1063 1959 1194 2044 limem
1211 2002 1392 2044 libellum
1423 2017 1591 2059 precum
1614 2002 1789 2044 Marcel·
1803 2019 1854 2055 30

386 2059 457 2101 lini
497 2066 540 2102 et
573 2059 758 2102 Faustini
797 2059 996 2102 adversus
1037 2060 1191 2116 Papam
1234 2060 1472 2102 Damasum.
1533 2060 1681 2116 Neque
1720 2059 1791 2102 illa

388 2117 668 2160 Romanorum
696 2124 768 2159 aut
789 2117 959 2159 Pamelii
986 2132 1086 2159 cura
1112 2116 1390 2182 impedivisset
1411 2117 1452 2159 in
1475 2118 1551 2159 hac
1572 2118 1661 2159 luce
1681 2116 1790 2160 litte-

387 2189 527 2217 rarum
549 2175 648 2232 quin
671 2175 856 2232 Epistola
872 2174 946 2225 illa
966 2174 1153 2231 prodiret
1172 2189 1213 2216 ιη
1239 2174 1456 2231 publicum.
1521 2175 1658 2226 Quum
1680 2174 1788 2217 enim

386 2239 542 2274 certum
564 2233 617 2275 sit
637 2232 748 2274 illam
769 2247 820 2275 ex
843 2232 972 2275 veteri
999 2232 1104 2275 libro
1124 2232 1276 2274 editam
1298 2232 1420 2274 fuisse
1441 2247 1467 2274 a
1488 2232 1696 2281 Morellio,
1719 2247 1790 2275 ex-

385 2289 539 2332 stiterit
559 2290 681 2332 etiam
708 2290 748 2331 in
770 2304 842 2332 sex
866 2289 1083 2332 Codicibus
1106 2289 1286 2331 Pamelio
1308 2290 1414 2339 visis,
1435 2290 1477 2331 in
1504 2289 1552 2331 iis
1580 2290 1622 2332 in
1642 2289 1789 2346 quibus
1803 2300 1853 2339 35

386 2347 555 2390 inventa
583 2353 647 2390 est
675 2362 701 2389 a
734 2347 909 2399 Latinio,
930 2347 971 2389 in
1002 2353 1158 2404 septem
1190 2346 1338 2403 quibus
1369 2347 1429 2389 usi
1459 2354 1555 2390 sunt
1587 2347 1716 2405 Angli
1747 2347 1787 2389 in

385 2420 460 2447 sua
490 2404 683 2454 editione,
705 2405 746 2447 in
772 2405 911 2447 decem
940 2419 1030 2446 cum
1052 2404 1199 2460 quibus
1227 2419 1305 2462 ego
1326 2404 1478 2446 contuli
1500 2419 1628 2462 opera
1650 2405 1790 2447 Sancti

387 2462 600 2528 Cypriani,
622 2462 883 2506 manifestum
914 2469 976 2505 est
1003 2461 1113 2504 illam
1145 2476 1226 2504 non
1258 2462 1436 2518 potuisse
1463 2477 1625 2519 semper
1646 2462 1788 2510 latere,

385 2520 543 2563 etiamsi
576 2520 789 2562 Morellius
820 2534 900 2562 non
931 2519 1135 2562 edidisset.
1198 2519 1370 2562 Codices
1398 2525 1549 2569 autem,
1579 2535 1669 2562 cum
1701 2521 1790 2576 qui-

386 2578 462 2619 bus
498 2578 607 2620 illam
643 2578 810 2626 contuli,
843 2583 940 2620 sunt
974 2592 1079 2620 unus
1116 2577 1397 2634 ltemigianus,
1429 2577 1510 2620 duo
1543 2577 1787 2643 Compendi·
1803 2590 1853 2625 40

386 2649 518 2684 ennea,
540 2635 621 2678 ‹luo
645 2635 858 2685 Victorini,
880 2650 985 2677 unus
1007 2634 1270 2685 Pithooanus,
1293 2649 1397 2678 unus
1428 2634 1663 2678 monasteril
1687 2635 1789 2677 Bec-

386 2693 529 2742 censis,
568 2693 807 2742 laetiensis,
851 2692 1105 2758 Bigotianus‚
1147 2699 1191 2735 et
1231 2707 1335 2735 unus
1376 2707 1502 2735 meus.
1570 2692 1789 2735 Assentior

386 2758 524 2792 autom
568 2750 748 2794 l'amolio
795 2757 838 2793 et
880 2750 1060 2816 lingaltio
1104 2749 1432 2793 existimantibus
1475 2749 1585 2793 illam
1628 2750 1788 2792 Graece

387 2807 580 2863 scriptam
603 2807 727 2850 fuisso
751 2823 777 2850 a
801 2809 832 2850 1⁴¹
835 2807 1050 2856 irmihuno,
1072 2822 1232 2850 versam
1260 2814 1399 2849 nutem
1426 2806 1569 2850 Latine
1589 2822 1614 2849 a
1636 2807 1788 2849 Sancto

389 2864 611 2920 Cypriane.
676 2865 859 2921 Epistola
889 2880 990 2922 ergo
1026 2864 1246 2907 Firmilinni
1281 2864 1446 2907 iuventa
1478 2870 1540 2907 cst
1572 2864 1613 2906 in
1644 2863 1786 2919 viginti
1803 2879 1851 2916 45
