2034 3204
555 780 618 848 S.
671 780 1350 849 CYPRIANUS.

246 1112 292 1158 S.
314 1110 656 1165 HlssRONYMUS,
683 1110 792 1158 Lib.
818 1112 876 1158 de
901 1110 1033 1159 Viris
1059 1111 1347 1165 IllustribuS‚
1372 1126 1474 1172 cap.
1494 1110 1628 1157 lxvii.

370 1216 478 1263 pag.
500 1214 592 1260 150
616 1201 688 1246 ed.
714 1200 956 1256 FABRIGH,
980 1217 1056 1247 an.
1083 1203 1222 1260 1718,
1251 1201 1521 1263 Hamburg.

246 1287 666 1366 CYPRIANUS
694 1311 827 1367 Afer,
856 1312 1066 1373 primum
1100 1312 1304 1375 gloriose
1339 1312 1655 1359 rhetoricam⁸

206 1391 417 1445 5docuit,
454 1391 626 1437 exinde
663 1391 892 1436 suadente
932 1390 1218 1451 Presbytero
1253 1390 1462 1436 Caecilio
1493 1406 1522 1436 a
1555 1405 1654 1450 quo

242 1475 291 1515 et
330 1463 734 1531 cognomentumb
775 1467 973 1514 sortitus
1013 1474 1098 1522 est,
1137 1467 1443 1514 Christianus
1479 1467 1651 1523 factus,

242 1561 431 1592 omnem
465 1545 785 1592 substantiam
821 1560 959 1591 suam
994 1545 1286 1606 pauperibus
1309 1546 1526 1608 erogavit
1535 1554 1571 1599 0,
1596 1561 1651 1592 ac

242 1630 350 1684 post
384 1639 479 1670 non
514 1625 721 1680 multum
745 1623 973 1684 temporis
1004 1626 1181 1670 electus
1214 1624 1265 1670 in
1295 1624 1653 1686 Presbyterum,

243 1701 388 1747 etiam
435 1699 734 1762 Episcopusd
777 1701 1191 1764 Carthaginiensis
1236 1702 1526 1748 constitutus
1564 1708 1652 1748 est.

183 1793 231 1818 10
245 1777 406 1839 Hujus
430 1778 614 1841 ingenii
638 1778 931 1839 superfluum
954 1787 1027 1825 est
1050 1778 1286 1825 indiceme
1309 1786 1483 1832 texere,
1501 1794 1653 1840 quum

243 1857 340 1902 sole
373 1856 576 1902 clariora
609 1855 707 1902 sint
742 1856 846 1918 ejus
883 1871 1040 1916 opera.
1111 1857 1292 1902 Passus
1328 1862 1402 1902 est
1438 1856 1528 1902 sub
1556 1856 1655 1903 Va-

243 1932 424 1979 leriano
469 1940 516 1979 et
563 1933 764 1980 Galieno
810 1933 1116 1994 Principibus
1125 1930 1152 1987 f,
1199 1933 1526 1994 persecutione
1578 1949 1655 1980 oc-

243 2017 367 2064 tava,
387 2011 551 2057 eodem
574 2011 652 2057 die
669 2026 765 2071 quo
784 2011 966 2058 Romae
986 2010 1251 2066 Cornelius,
1273 2012 1355 2058 sed
1373 2027 1468 2058 non
1486 2012 1653 2057 eodem

244 2103 370 2134 anno
385 2088 423 2134 g·

183 2170 230 2208 15
625 2165 661 2203 J
658 2179 744 2204 oan.
766 2164 915 2204 Albam·
932 2164 1109 2203 Fabricii
1127 2165 1174 2204 N
1171 2171 1264 2203 otae.

302 2247 322 2268 ⁸
350 2240 443 2279 Non
462 2240 692 2279 rhetoricam
711 2241 806 2280 adeo
825 2241 866 2279 in
885 2240 1024 2279 scholis
1043 2240 1228 2289 docuisse,
1247 2254 1363 2292 quam
1382 2240 1423 2279 in
1442 2240 1525 2279 foro
1544 2254 1654 2279 exer-

244 2306 366 2344 cuisse
401 2306 616 2357 Cyprianus
645 2306 808 2346 videtur.
866 2305 1008 2345 Confer
1038 2319 1136 2358 quae
1167 2306 1250 2358 ipse
1279 2306 1328 2346 de
1365 2320 1406 2346 se
1436 2306 1655 2358 Cyprianus

244 2371 342 2410 libro
362 2371 410 2410 ad
430 2371 639 2420 Donatum,
659 2386 736 2411 non
755 2372 869 2424 longe
887 2372 936 2410 ab
954 2371 1077 2411 initio.

298 2434 319 2464 b
345 2436 679 2485 Quemadmodum
705 2436 834 2476 liberti
853 2436 947 2475 olim
969 2450 992 2474 a
1015 2435 1182 2475 dominis
1200 2435 1564 2475 manumittentibus
1591 2448 1652 2474 so-

182 2514 230 2539 20
243 2501 374 2540 lebant
403 2507 700 2554 cognomentum
725 2502 946 2550 adsciscere,
972 2502 1027 2541 sic
1059 2501 1285 2553 Cyprianus,
1305 2515 1328 2539 a
1357 2501 1524 2540 Caecilio
1542 2501 1653 2540 Pres-

243 2568 379 2618 bytero
404 2567 710 2619 Carthaginiensi
737 2568 954 2607 vindicatus
981 2581 1031 2607 ex
1059 2567 1286 2606 ethnicismo
1314 2566 1355 2604 in
1383 2567 1509 2606 lucem
1535 2580 1580 2605 ac
1607 2566 1654 2605 li·

242 2633 432 2671 bertatem
453 2632 721 2681 Christianam,
741 2633 928 2672 Caecilius
947 2632 1210 2684 cognominari
1229 2632 1431 2687 gaudebat.
1478 2631 1539 2671 De
1559 2631 1654 2671 Cae-

243 2698 330 2737 oilio
354 2698 420 2736 illo
440 2698 527 2737 vide
546 2698 648 2738 Acta
676 2698 846 2738 Sanctor.
870 2712 893 2748 3
914 2699 1036 2746 Junii,
1061 2703 1154 2737 tom.
1177 2710 1205 2746 1,
1234 2711 1270 2749 p.
1297 2707 1384 2747 270.
1434 2696 1499 2735 Ad
1523 2697 1653 2735 Chris-

243 2764 368 2803 tianos
386 2764 585 2803 accessisse
605 2764 642 2802 S.
665 2764 880 2815 Cyprianus
904 2764 1058 2803 videtur
1077 2764 1125 2802 A.
1144 2763 1185 2802 C.
1205 2764 1292 2811 246,
1313 2767 1357 2802 ut
1376 2762 1416 2802 in
1437 2762 1653 2801 Annalibus

182 2835 229 2874 25
247 2829 484 2881 Cyprianieis
505 2829 650 2881 colligit
670 2829 694 2868 J
697 2842 838 2869 oannes
858 2829 1093 2868 Pearsonius.
