2034 3204
441 231 528 271 222
910 229 1380 273 ANNOTATIONES

441 342 453 361 ‘
474 345 546 379 tur
557 337 646 379 Jao
658 338 707 378 in
718 337 988 392 Scriptura?
1004 351 1092 393 cap.
1111 350 1170 390 ¹4·
1203 338 1319 379 Haec
1331 337 1411 379 ille.
1444 337 1581 378 Antea
1592 336 1690 378 ibid.
1704 352 1792 393 cap.
1807 351 1847 391 9,

442 394 666 450 scripserat
690 394 998 436 Tertullianus:
1029 401 1039 417 ‘
1060 395 1274 445 Quaedam
1306 400 1348 436 et
1380 394 1474 436 huic
1501 395 1654 448 [Horo]
1680 395 1740 436 vis
1771 400 1847 444 est,

443 458 454 475 ‘
471 451 800 499 fundamentum,
813 451 1093 493 universitatis
1109 451 1217 493 illius
1233 451 1488 493 extrinsecus
1505 457 1653 500 custos,
1668 466 1789 507 quem
1807 458 1850 494 et

444 514 456 532 ⁸
472 523 635 551 crucem
648 508 874 565 appellant,
883 516 926 550 et
939 509 1159 565 Lytroten,
1172 514 1216 551 et
1230 508 1478 564 Carpisten.’
1499 509 1691 564 Denique
1706 524 1848 551 vocum

442 565 620 616 illarum,
634 568 947 608 Pronuntiatio
963 566 1172 621 appellat,
1187 565 1432 622 significatio
1448 566 1550 607 haec
1566 566 1730 608 videtur
1746 581 1847 615 esse,
1863 575 1886 613 5

444 623 787 665 Pronuntiatione
806 623 928 673 vocis,
950 624 1051 672 Jao,
1073 623 1115 665 h.
1133 637 1167 664 e.
1190 624 1267 678 qui
1293 624 1453 674 emistit,
1476 623 1742 680 Demiurgus,
1764 623 1849 665 sive

445 681 634 730 Creator,
656 695 739 722 non
760 680 924 737 Bythos
943 680 1044 736 ipse,
1066 679 1342 736 appellatione
1363 680 1554 722 donatur.
1597 681 1766 723 Interea
1780 681 1847 722 vix

442 738 643 787 dubitem,
665 737 765 794 quin
785 752 865 779 vox
885 739 989 786 Jao,
1010 751 1146 792 quam,
1168 742 1215 779 ut
1239 737 1338 786 dixi,
1359 737 1622 780 nesciverunt
1649 738 1850 780 editiones

443 795 756 845 vetustissimae,
787 794 831 836 in
860 809 1088 850 pronomen
1118 796 1195 837 hoc
1222 795 1328 836 male
1353 809 1550 837 conversa
1571 801 1690 843 esset,
1723 801 1849 851 atque

442 852 594 894 idcirco
616 852 829 908 disparere
849 854 927 895 hoc
946 857 1072 907 atque
1092 851 1242 908 expelli
1263 867 1286 893 e
1307 857 1504 894 contextu
1525 852 1746 894 debuisset.
1867 874 1914 899 10

501 911 548 951 P.
574 912 663 964 167.
687 910 713 952 l.
731 923 801 965 31.
823 909 1090 951 contristatus
1114 910 1196 964 est]
1228 909 1294 952 Sic
1323 909 1417 951 edd.
1439 909 1633 951 Rhenani
1654 915 1697 952 et
1717 909 1848 952 Paris.

441 973 633 1023 utraque,
654 967 728 1009 sed
747 972 904 1023 postea,
926 966 1108 1008 Pamelio
1128 967 1261 1023 primo
1280 972 1481 1016 mutante,
1502 973 1549 1009 ut
1569 972 1686 1023 patet
1705 981 1758 1008 ex
1777 981 1850 1009 no-

441 1025 495 1067 tis
515 1025 616 1080 ejus,
637 1024 937 1080 praestiterunt
956 1024 1049 1066 edd.
1065 1024 1245 1066 Franek.
1267 1030 1310 1067 et
1331 1024 1571 1081 Rigaltiana
1590 1026 1850 1067 contristata

442 1090 516 1125 est.
578 1082 639 1124 Ut
679 1096 777 1124 vero
818 1087 957 1124 monet
998 1082 1222 1131 Semlerus,
1257 1081 1301 1123 in
1341 1081 1564 1123 masculino
1604 1081 1849 1124 subauditur

443 1141 574 1182 Aeon.
635 1139 783 1195 Itaque
811 1139 854 1180 in
875 1139 954 1181 hac
981 1138 1193 1182 Valentini
1222 1138 1335 1192 ῥήσει
1365 1140 1647 1182 contristatus
1682 1139 1849 1182 restitu-
1866 1159 1913 1198 ¹5

442 1197 595 1239 endum
615 1196 768 1239 curavi.
816 1196 902 1240 Sed
922 1196 1216 1246 Tertullianus,
1234 1196 1348 1238 advs.
1367 1195 1679 1239 Valentinianos
1699 1210 1788 1253 cap.
1806 1210 1847 1252 9,

442 1260 602 1297 mutato
623 1254 798 1296 vicissim
859 1268 983 1296 enere
1013 1253 1168 1306 scribit,
1192 1260 1202 1277 ‘
1218 1254 1411 1309 Namque
1442 1268 1495 1296 ex
1523 1253 1603 1295 illis
1633 1253 1847 1296 duodecim

444 1319 455 1336 ‘
471 1311 695 1361 Aeonibus,
712 1326 814 1367 quos
879 1326 972 1354 omo
988 1317 1031 1354 et
1047 1311 1233 1353 Ecclesia
1252 1311 1483 1361 ediderant,
1500 1312 1735 1354 novissima
1750 1317 1850 1354 nata

445 1377 456 1391 ‘
473 1369 603 1418 Aeon,
625 1369 776 1412 viderit
805 1369 1076 1419 soloecismus,
1111 1368 1267 1425 Sophia
1301 1368 1409 1410 enim
1445 1383 1595 1413 nomen
1630 1374 1847 1425 est—pro-

444 1433 455 1451 ‘
471 1426 628 1483 rumpit
657 1427 699 1468 in
729 1432 891 1483 patrem
921 1426 1155 1482 inquirere.’
1216 1426 1432 1468 Pertinere
1457 1440 1556 1468 vero
1586 1425 1723 1468 omnia
1750 1441 1847 1468 mox
1863 1447 1914 1473 20

443 1484 554 1527 dicta
573 1484 628 1526 ad
646 1484 769 1526 istum
789 1483 1041 1526 tricesimum
1062 1484 1245 1526 Aeonem
1265 1484 1346 1526 Jao
1375 1483 1628 1525 nominatum
1651 1489 1693 1526 et
1712 1483 1848 1526 Acha-

443 1542 559 1583 moth
589 1541 632 1583 in
661 1541 891 1584 defectione
909 1541 1077 1590 factum,
1098 1555 1190 1583 mea
1209 1540 1293 1583 fert
1319 1540 1551 1590 sententia3
1583 1540 1656 1582 sed
1686 1540 1849 1596 conjicit

443 1599 664 1648 Pamelius,
692 1599 1020 1641 interserendam
1051 1598 1116 1640 vel
1146 1598 1469 1640 subaudiendam
1499 1603 1593 1655 post
1622 1597 1693 1640 illa
1721 1599 1850 1641 verba

443 1658 698 1712 Himfhcst,
716 1671 856 1698 vocem
871 1657 1146 1711 Demiuryue,
1163 1655 1278 1712 cujus
1299 1662 1433 1698 mater
1453 1661 1516 1698 est
1536 1655 1784 1706 Achamoth,
1801 1661 1849 1698 ut

443 1714 660 1757 conveniat
680 1728 771 1755 cum
793 1714 966 1756 Irenaeo
987 1719 1031 1756 et
1051 1713 1300 1770 Epiphanio,
1321 1712 1444 1755 immo
1464 1727 1556 1756 cum
1577 1713 1846 1764 Tertulliano,
1863 1731 1912 1771 25

443 1777 599 1814 auctor.
662 1772 718 1814 Et
748 1771 842 1813 huic
870 1770 1036 1827 quidem
1067 1770 1239 1813 Pamelii
1271 1770 1453 1835 opinioni
1483 1770 1625 1813 favere
1655 1770 1847 1813 videntur

443 1830 574 1871 verba
603 1835 696 1885 post
725 1828 848 1885 paulo
879 1828 1121 1884 sequentia;
1157 1834 1167 1851 ‘
1185 1842 1378 1884 quomam
1408 1827 1575 1884 quidem
1605 1827 1692 1884 ipse
1722 1828 1848 1871 fuerit

444 1892 455 1910 ⁴
473 1886 525 1929 de
554 1885 810 1943 aporiatione
837 1884 1022 1943 [ἀπορίᾳ]
1052 1893 1273 1942 conceptus
1302 1891 1428 1941 atque
1458 1885 1656 1942 prolatus.
1724 1886 1848 1928 Hunc

444 1950 455 1967 ‘
471 1949 612 1986 tamen
632 1943 855 1986 instituisse
875 1943 998 1986 istum
1019 1943 1218 1985 mundum
1234 1957 1286 1984 ex
1306 1942 1370 1984 his
1386 1942 1582 1992 materiis,
1597 1956 1699 1998 quos
1713 1943 1848 1985 Acha-

445 2007 457 2025 ‘
474 2002 588 2044 moth
605 2001 669 2043 vel
685 2000 887 2058 pavend0,
901 2001 966 2043 vel
982 2000 1177 2050 timendo,
1192 2001 1255 2043 vel
1272 1999 1566 2049 contristando,
1580 2000 1646 2042 vel
1661 2000 1847 2042 sudando
1860 2018 1913 2054 30

444 2065 455 2082 ‘
472 2058 764 2116 praestiterat!
825 2058 940 2100 Inest
955 2057 1121 2114 quidem
1137 2058 1200 2100 his
1218 2057 1352 2100 verbis
1368 2057 1616 2115 ambiguitas
1629 2057 1846 2113 quaedam,

444 2116 618 2173 perinde
630 2130 678 2159 ac
690 2116 737 2158 fit
751 2116 794 2157 in
806 2115 947 2158 fabula
966 2115 1035 2158 illa
1051 2115 1285 2157 Achamoth
1306 2121 1349 2157 et
1369 2115 1441 2157 filii
1459 2114 1689 2171 Demiurgi.
1731 2115 1848 2157 Haec

444 2173 553 2216 enim
575 2173 718 2216 scribit
738 2173 1032 2222 Tertullianus,
1054 2187 1143 2229 cap.
1171 2174 1219 2215 18
1242 2172 1423 2215 e'usdem
1453 2172 1546 2214 libri
1567 2172 1682 2214 advs.
1698 2172 1849 2215 Valen-

444 2231 632 2280 tinianos,
650 2230 719 2274 ubi
741 2230 979 2282 Ptolemaei,
1001 2230 1054 2272 de
1074 2245 1155 2286 quo
1205 2187 1298 2272 aulo
1319 2229 1440 2279 infra,
1462 2229 1687 2272 sententias
1706 2243 1848 2272 recen-

443 2294 532 2331 set:
564 2296 573 2312 ⁴
593 2288 659 2331 Ab
679 2287 748 2330 illo
769 2287 890 2337 enim,
915 2245 1243 2344 [Demiurgofsi
1264 2293 1402 2329 tamen
1429 2287 1482 2329 ab
1512 2286 1594 2336 illo,
1617 2292 1660 2329 et
1685 2301 1767 2329 non
1794 2287 1846 2329 ab
1860 2301 1911 2341 35

445 2346 562 2403 ‘ipsa
621 2345 726 2388 otius
748 2345 993 2393 Achamoth,
1018 2359 1044 2387 a
1070 2359 1153 2401 qua
1182 2344 1353 2392 occulto,
1386 2343 1488 2386 nihil
1521 2343 1713 2393 sentiens,
1745 2343 1845 2400 ejus,

445 2410 456 2427 ‘
473 2410 516 2446 et
536 2417 586 2445 ve
604 2413 649 2445 ut
668 2402 865 2460 sigillario
885 2401 1141 2445 extrinsecus
1161 2401 1301 2451 ductu,
1320 2401 1362 2443 in
1383 2415 1543 2443 omnem
1565 2401 1846 2457 operationem

445 2466 457 2485 ⁴
475 2460 730 2503 movebatur.
791 2459 899 2501 Deni
931 2474 981 2501 ue
997 2473 1049 2501 ex
1070 2458 1147 2502 hac
1168 2473 1436 2515 personarum
1452 2458 1495 2500 in
1511 2458 1704 2515 operibus
1718 2458 1847 2501 ambi-

445 2525 456 2542 ⁴
473 2518 633 2573 guitate
664 2530 812 2559 nomen
843 2473 1218 2573 illiqutropatoris
1248 2515 1511 2565 miscuerunt,
1543 2515 1745 2558 distinctis
1774 2529 1846 2572 ap-

446 2582 455 2600 ·
474 2574 761 2632 pellationibus
777 2573 951 2617 caeteris
963 2573 1052 2616 &c.'
1095 2573 1170 2617 Ait
1184 2573 1348 2622 ibidem,
1363 2572 1471 2615 infra
1486 2587 1575 2630 cap.
1592 2583 1659 2628 25,
1678 2579 1687 2597 ⁴
1704 2573 1846 2616 Inerat
1860 2592 1911 2627 40

445 2640 456 2657 ¹
473 2639 610 2675 autem
632 2631 673 2675 in
688 2631 934 2681 Achamoth,
948 2646 998 2674 ex
1021 2630 1251 2674 substantia
1273 2630 1452 2697 Sophiae
1472 2629 1628 2680 matris,
1671 2629 1844 2673 eculium

446 2696 457 2714 ⁸
473 2704 488 2731 c
503 2689 679 2733 uoddam
701 2688 867 2731 seminis
885 2688 1104 2745 spiritalis3
1136 2689 1241 2731 sicut
1261 2694 1304 2731 et
1332 2702 1420 2745 ipsa
1442 2687 1644 2730 Achamot
1701 2687 1743 2729 in
1763 2686 1845 2729 filio

445 2753 456 2771 ‘
517 2747 703 2805 emim-go
738 2751 1084 2802 sequestraverat,
1115 2760 1167 2788 nc
1200 2746 1277 2788 hoc
1307 2745 1472 2802 quidem
1502 2747 1660 2801 gnaro!
1721 2745 1844 2801 Apud

444 2804 552 2846 hunc
575 2819 672 2846 vcro
701 2803 942 2860 scriptorem
967 2804 1229 2859 Anonymum
1250 2802 1331 2845 Jno
1362 2808 1520 2846 tantum
1543 2807 1585 2844 et
1608 2800 1842 2844 Achamoth

445 2861 507 2903 vv!
532 2861 730 2903 nominari
756 2861 816 2903 vel
839 2860 1047 2914 ‹lonignari
1072 2860 1274 2903 videntur.
1859 2875 1908 2913 45
