2034 3204
452 264 536 306 DE
577 265 788 307 OPERE
827 265 901 306 ET
932 263 1423 306 ELEEMOSYNIS.
1555 264 1641 308 297

239 369 437 423 salubre,
470 375 517 414 et
554 368 870 414 emundandis
903 368 1262 430 purgandisque
1295 366 1499 426 peccatis
1535 382 1642 412 nos-

238 446 342 500 tris,
377 446 459 506 qui
496 446 598 492 sine
633 446 794 506 aliquo
825 444 1139 491 conscientiae
1172 445 1368 489 vulnere
1407 459 1508 489 esse
1544 458 1639 488 non

238 539 503 583 possumus,
543 524 737 570 medelis
782 523 1078 583 spiritalibus
1115 523 1314 568 vulnera
1359 527 1522 567 nostra
1558 537 1639 566 cu-

236 616 409 647 remUS.

199 697 222 736 5
306 678 371 723 II.
409 678 511 724 Nec
544 678 799 738 quisquam
831 678 899 724 sic
933 678 1025 724 sibi
1053 678 1111 724 de
1147 692 1269 737 puro
1291 683 1436 736 atque
1471 676 1640 721 imma·
1652 687 1821 763 {zugon-:ti

235 757 394 802 culato
428 763 616 816 pectore
651 756 939 811 blandiatur,
975 762 1031 802 ut
1064 754 1336 801 innocentia
1366 770 1454 800 sua
1487 754 1705 807 fretus„mn
1716 775 1826 816 jam

236 833 519 879 medicinam
555 849 650 879 non
683 840 820 893 putet
855 833 1174 879 adhibendam
1214 847 1316 878 esse
1351 831 1639 885 vulneribus,
1652 818 1861 904 gfifssi'ffiiw

236 926 387 970 quum
428 911 658 971 scriptum
696 910 771 964 sit,
809 909 925 969 Quis
959 908 1239 974 ‘qloriabitur
1274 915 1445 955 castum
1477 924 1525 955 se
1557 907 1641 955 Ιια-
1651 906 1861 983 30311181ξὲ

236 986 337 1033 bere
383 1003 473 1043 cor,
519 993 598 1034 aut
645 988 748 1049 quis
788 986 1068 1051 yloriabitm·
1114 986 1332 1033 mundum
1379 1002 1427 1032 se
1471 1002 1565 1033 esse
1611 996 1738 1033 aoeset
1753 1004 1847 1036 epm.

176 1084 223 1110 10
229 1065 474 1128 peccatis?
507 1073 556 1111 et
589 1066 763 1112 iterum
799 1066 850 1111 in
886 1066 1088 1126 epistola
1122 1081 1210 1112 sua
1243 1064 1454 1111 Joannes
1494 1072 1641 1125 ponat
1653 1037 1858 1082 Prov.xx.9.

236 1149 283 1189 et
318 1143 458 1196 dicat,
495 1141 555 1190 Sa·
589 1142 847 1188 dimo-imus
879 1143 992 1205 quia
1026 1148 1258 1205 peccatum
1288 1158 1379 1188 non
1416 1140 1828 1197 habemus,1-10an.i.

237 1237 318 1267 nos
365 1221 488 1282 ipsos
535 1219 801 1282 decipimus,
847 1225 893 1266 et
935 1221 1104 1267 veritas
1154 1221 1204 1266 in
1251 1219 1379 1266 nobis
1425 1235 1515 1266 non
1562 1226 1640 1266 est.
1659 1203 1707 1226 ω’

237 1298 289 1344 Si
329 1304 491 1344 autem
528 1314 667 1344 nemo
701 1314 802 1344 esse
843 1298 945 1344 sine
990 1305 1182 1358 pecca-to
1218 1305 1386 1358 potest,
1428 1304 1477 1344 et
1513 1298 1644 1358 quis-

235 1376 344 1435 quis
391 1375 689 1435 inculpatum
730 1391 779 1421 se
815 1391 916 1421 esse
952 1375 1129 1421 dixerit
1165 1382 1251 1421 aut
1286 1376 1518 1435 superbus
1558 1381 1644 1421 aut

175 1466 220 1505 15
236 1455 411 1499 stultus
446 1460 529 1506 est,
555 1468 700 1513 quam
737 1453 1014 1506 necessaria,
1046 1469 1191 1513 quam
1229 1452 1436 1514 benigna
1469 1459 1541 1498 est
1572 1453 1644 1498 di-

235 1530 347 1576 vina
370 1530 631 1584 clementia,
655 1546 778 1590 quae
806 1546 955 1590 quum
992 1530 1110 1576 sciat
1141 1546 1236 1576 non
1267 1532 1428 1576 deesse
1462 1530 1643 1576 sanatis

233 1608 467 1668 quaedam
502 1608 805 1667 postmodum
838 1609 1049 1661 vulnera,
1074 1607 1207 1653 dedit
1230 1607 1454 1653 curandis
1485 1609 1642 1653 denuo

234 1684 552 1744 sanandisque
575 1685 852 1731 vulneribus
876 1685 1082 1731 remedia
1109 1685 1352 1731 salutaria.

304 1763 396 1808 111.
437 1762 698 1822 Nunquam
738 1762 959 1822 denique,
998 1763 1169 1808 fratres
1206 1762 1519 1816 dilectissimi,
1559 1763 1642 1808 ad-
1654 1772 1696 1823 1¹¹.
1713 1772 1830 1823 officiis

173 1857 222 1883 20
235 1840 436 1886 monitio
460 1840 623 1885 divina
646 1840 847 1886 cessavit
871 1846 920 1886 et
943 1840 1094 1886 tacuit
1116 1856 1212 1900 quo
1230 1841 1390 1886 minus
1414 1840 1465 1886 in
1484 1840 1641 1900 Scrip-
1652 1826 1833 1892 Ἐζῗῗὲῗτ

235 1917 358 1964 turis
392 1917 568 1962 sanctis
603 1923 701 1962 tam
742 1917 980 1963 veteribus
1017 1933 1163 1976 quam
1199 1917 1332 1963 novis
1371 1933 1557 1977 semper
1591 1925 1639 1964 et
1651 1903 1859 1979 ξῗζῖἶωω

234 1994 412 2055 ubique
435 1995 494 2040 ad
519 1994 870 2040 misericordiae
893 2009 1035 2054 opera
1058 1993 1151 2039 Dei
1182 1996 1386 2054 populus
1415 2010 1641 2054 provoca·
1651 1994 1727 2076 {³1³2}
1728 1991 1855 2067 &m

234 2078 395 2126 retur3
433 2078 480 2118 et
514 2078 710 2118 canente
746 2078 889 2131 atque
923 2072 1207 2117 exhortante
1243 2071 1431 2131 Spiritu
1463 2072 1640 2118 Sancto

235 2150 452 2210 quisquis
486 2151 547 2195 ad
585 2164 716 2209 spem
751 2150 883 2211 regni
924 2149 1137 2195 coelestis
1174 2149 1444 2203 instruitur,
1485 2149 1639 2196 facere

173 2244 220 2284 ²5
235 2229 555 2287 eleemosynas
586 2227 798 2288 jubetur.
871 2227 1075 2272 Mandat
1111 2233 1159 2273 et
1195 2227 1430 2287 praecipit
1469 2227 1639 2274 Esaiae

234 2305 392 2351 Deus:
428 2303 669 2358 Eaeclama,
706 2304 880 2364 inquit,
919 2304 969 2350 in
994 2303 1285 2367 fortitudine
1321 2310 1362 2350 et
1399 2303 1496 2351 noli
1526 2321 1640 2366 par·
1654 2318 1740 2350 Esai.
1755 2317 1836 2352 lviii.

235 2398 346 2428 cere.
415 2381 550 2429 Sicut
597 2380 703 2428 tuba
744 2379 895 2427 exalta
944 2396 1092 2428 vocem
1141 2387 1278 2435 tuam,
1325 2388 1367 2427 et
1413 2383 1638 2428 annuntia
1656 2372 1682 2394 ¹·

228 2459 353 2522 plebi
383 2475 506 2506 meae
532 2464 715 2522 peccata
752 2459 970 2521 ipsorum,
995 2464 1036 2506 et
1059 2458 1217 2505 domui
1239 2458 1387 2506 Jacob
1407 2458 1637 2521 facinora

235 2553 405 2584 eorum.
475 2538 544 2583 Et
566 2553 716 2598 quum
751 2543 944 2597 peccata
977 2537 1045 2583 eis
1081 2553 1167 2583 sua
1194 2537 1471 2597 exprobrari
1506 2554 1641 2597 prae-

170 2639 221 2675 30
234 2616 449 2676 cepisset,
465 2630 708 2675 quumque
726 2629 889 2660 eorum
904 2614 1118 2660 facinora
1139 2615 1279 2673 pleno
1293 2614 1639 2676 indignationis

234 2693 418 2753 impetu
441 2691 731 2752 protulisset,
750 2690 1044 2751 dixissetque
1067 2706 1145 2737 eos
1169 2706 1254 2736 nec
1278 2690 1319 2736 si
1343 2691 1639 2738 orationibus

234 2777 281 2816 et
306 2770 524 2830 precibus
552 2774 602 2816 et
631 2767 832 2830 jejuniis
864 2774 1114 2815 uterentur
1143 2768 1414 2815 satisfacere
1446 2784 1534 2829 pro
1557 2771 1636 2816 de-

234 2847 359 2893 lictis
394 2862 542 2907 posse,
579 2861 662 2891 nec
701 2845 741 2891 si
778 2845 829 2890 in
866 2845 1019 2891 cilicio
1051 2852 1098 2891 et
1130 2845 1284 2892 cinere
1319 2847 1635 2901 volverentur,
