2034 3204
386 253 449 295 IN
481 253 522 296 S.
547 253 712 296 CYPR.
744 253 823 294 DE
856 252 1050 295 OPERE
1082 253 1156 296 ET
1188 253 1477 298 ELEEMOS.
1548 255 1635 301 349

234 359 276 402 in
305 360 507 403 Graecam
537 360 719 418 linguam
744 375 887 403 versus
915 360 1100 417 prolatus
1130 367 1193 403 est
1222 360 1263 403 in
1295 361 1476 404 Concilio
1498 363 1636 419 Ephe-

234 417 322 460 sino
352 417 462 460 inter
492 418 726 461 testimonia
756 419 928 461 Patrum
959 424 1002 461 et
1031 419 1269 474 Martyrum
1304 419 1503 461 adversus
1538 422 1635 462 hae-

233 475 357 517 resim
371 476 566 518 Nestorii.
608 477 756 532 Itaque
775 475 818 518 in
837 475 1008 532 antiqua
1027 476 1215 518 versione
1235 476 1351 519 istius
1368 477 1538 519 Concilii
1553 493 1635 519 non

233 533 524 576 describuntur
555 533 754 590 Cypriani
785 534 925 583 verba,
946 533 1019 576 sed
1048 533 1130 576 alia
1159 534 1361 576 translata
1390 549 1443 576 ex
1475 535 1635 578 Graeco

196 599 433 638 5sermone.
507 592 656 634 Exstat
685 606 735 633 ea
765 591 899 634 versio
933 591 1042 634 inter
1074 606 1202 648 opera
1234 591 1358 634 Marii
1390 593 1636 635 Mei-catoris

233 662 329 705 pag.
352 650 429 691 180
449 648 638 691 editionis
659 654 837 692 nostrae.
898 649 1021 691 Hunc
1042 664 1167 706 porro
1188 649 1319 691 locum
1341 650 1490 692 lectum
1511 650 1636 692 fuisse

232 706 275 748 in
297 705 478 748 Concilio
498 712 676 748 testatur
696 706 819 748 etiam
843 706 1083 749 Vincentius
1105 706 1341 750 Lirinensis.
1403 708 1609 750 BALUZ.

291 763 338 804 P.
358 776 453 819 295.
475 763 501 805 l.
524 775 587 818 17.
606 763 1086 821 homini—reservando]
1105 765 1187 807 Pro
1207 779 1256 807 eo
1276 764 1386 821 quod
1407 771 1483 818 est,
1499 766 1636 808 denuo

232 821 448 863 servando.

172 890 220 916 10
291 877 397 920 Ibid.
417 878 445 920 1.
470 891 532 933 19.
556 878 689 920 Adam
717 878 979 936 portaverat]
1010 880 1332 936 Apportaverat,
1353 879 1515 923 inflixit.
1578 881 1634 923 D.

232 936 412 993 August.
442 936 552 977 hunc
579 936 710 977 locum
739 936 902 992 saepius
929 937 1084 989 laudat,
1108 937 1288 994 dicitque
1316 938 1419 980 duas
1446 938 1636 995 Pelagia-

231 1008 378 1035 norum
399 993 599 1036 falsitates
619 993 685 1035 hic
705 994 915 1051 redargui,
939 1002 948 1018 ‘
971 1009 1092 1037 unam
1115 1010 1198 1052 qua
1225 995 1365 1037 dicunt
1395 995 1495 1038 nihil
1518 995 1636 1039 vitio-

232 1058 242 1075 ‘
263 1066 356 1093 rum
377 1066 430 1093 ex
450 1051 585 1093 Adam
605 1051 775 1093 trahere
796 1066 926 1109 genus
948 1052 1187 1103 humanum,
1203 1053 1313 1109 quod
1333 1053 1386 1095 sit
1406 1054 1634 1096 sanandum

233 1115 243 1132 ‘
265 1109 574 1166 curandumque
602 1124 677 1165 per
707 1109 945 1151 Christum:
984 1110 1157 1152 alteram
1189 1125 1271 1167 qua
1301 1111 1455 1160 dicunt,
1476 1111 1635 1154 nullum

170 1172 244 1214 15⁴
264 1173 358 1223 post
391 1166 637 1223 baptismum
674 1172 836 1209 sanctos
866 1167 1020 1210 habere
1050 1171 1289 1225 peccatum!
1319 1175 1426 1211 cont.
1446 1181 1468 1211 2
1501 1169 1634 1227 Epist.

232 1224 375 1282 Pelag.
398 1225 452 1267 ad
474 1224 610 1267 Bonis.
633 1224 657 1266 l.
675 1239 716 1278 4,
739 1239 773 1267 c.
793 1225 831 1267 8.
866 1226 1026 1267 FELL.

290 1282 339 1324 P.
363 1283 459 1338 296.
496 1282 524 1324 l.
548 1296 587 1337 9.
621 1282 756 1324 denuo
791 1282 890 1325 dicit
929 1283 987 1337 [h.
1010 1298 1046 1326 e.
1079 1282 1259 1339 Spiritus
1294 1284 1486 1338 Sanctus]
1523 1284 1632 1327 Olim

230 1339 339 1382 inter
360 1340 579 1397 legendum
601 1340 700 1382 mihi
721 1340 916 1389 constitit,
938 1341 1086 1382 librum
1112 1341 1265 1383 dictum
1287 1342 1633 1394 Ecclesiasticum,

231 1397 302 1454 qui
322 1397 388 1439 hic
410 1403 452 1440 et
471 1397 569 1440 alibi
589 1412 614 1439 a
636 1397 847 1454 Cypriano
872 1398 1059 1447 affertur,
1081 1413 1107 1440 a
1131 1399 1325 1441 Patribus
1351 1406 1436 1442 tam
1462 1400 1633 1442 Graecis

168 1470 218 1496 20
231 1469 353 1511 quam
385 1455 554 1504 Latinis,
586 1470 634 1497 eo
665 1455 776 1511 quod
811 1455 853 1497 in
887 1455 1230 1512 interpretatione
1261 1461 1340 1498 τῶν
1369 1456 1403 1498 ο’
1433 1464 1632 1507 exstaret,

230 1518 277 1556 ut
317 1513 361 1556 S.
400 1512 639 1570 Scripturae
679 1519 838 1570 partem
890 1515 1157 1555 θεόπνευστου
1200 1529 1362 1570 semper
1408 1515 1632 1558 adductum

229 1570 366 1620 fuisse,
399 1585 528 1627 usque
563 1571 658 1613 dum
691 1570 852 1612 veneris
885 1571 940 1613 ad
970 1571 1205 1620 Eusebium,
1238 1572 1308 1628 qui
1343 1579 1488 1615 contra
1523 1573 1632 1616 inter

228 1628 319 1673 τοὺς
353 1627 680 1682 ἆντιλεγομένους
710 1628 842 1685 ipsum
874 1628 1090 1671 recensuit.
1154 1629 1274 1671 Solus
1304 1630 1448 1672 Melito
1479 1630 1631 1688 excipi-

230 1685 360 1728 endus
390 1691 466 1735 est,
494 1685 608 1741 cujus
638 1685 850 1743 catalogus
879 1686 1078 1728 librorum
1106 1687 1203 1729 Vet.
1232 1687 1487 1731 Testamenti
1518 1689 1631 1754 apud

166 1756 216 1795 25
229 1743 403 1786 eundem
431 1743 654 1786 Eusebium
685 1750 834 1786 exstat.
894 1745 950 1786 Et
979 1744 1156 1801 posteris
1185 1758 1348 1801 quoque
1377 1747 1631 1802 temporibus

227 1807 440 1858 receptum
471 1815 565 1843 eum
595 1801 720 1844 fuisse
749 1801 792 1843 in
821 1802 1124 1851 auctoritatem,
1155 1803 1332 1844 maxime
1361 1804 1415 1845 ab
1446 1804 1631 1846 Ecclesia

229 1857 431 1908 orientali,
462 1858 642 1901 ostendit
674 1859 717 1902 S.
734 1859 990 1916 Augustinus
1019 1860 1072 1902 de
1105 1859 1281 1902 Civitate
1312 1861 1404 1910 Dei,
1432 1860 1502 1903 lib.
1525 1875 1629 1911 xm,

229 1930 317 1972 cap.
348 1928 386 1958 2.
457 1916 516 1959 At
550 1922 696 1958 contra
729 1916 1016 1959 auctoritatem
1052 1917 1147 1960 libri
1186 1917 1422 1960 canonicam
1461 1925 1630 1976 praeter

228 1972 300 2015 illa
329 1972 538 2016 Melitonis
567 1979 693 2030 atque
723 1974 890 2016 Eusebii
924 1980 1021 2017 sunt
1054 1981 1097 2017 et
1130 1974 1212 2017 alia
1244 1974 1288 2017 in
1322 1975 1400 2018 hac
1434 1991 1482 2018 re
1515 1977 1631 2020 testi-

165 2051 217 2088 30
229 2030 366 2073 monia
394 2031 631 2081 afferenda;
663 2031 813 2074 etenim
847 2032 1070 2074 Concilium
1103 2032 1391 2083 Laofficenum,
1420 2040 1518 2076 ante
1545 2035 1630 2077 Au-

259 2088 383 2131 ustini
427 2094 617 2145 tempora
663 2089 773 2145 quod
812 2089 997 2132 habitum
1038 2096 1112 2139 est,
1155 2097 1248 2147 post
1291 2099 1630 2135 commemoratos

228 2103 395 2189 &eteris
425 2147 680 2189 Testamenti
709 2146 848 2199 libros,
884 2147 1005 2190 nullis
1039 2162 1182 2190 eorum
1212 2148 1383 2205 adjectis
1413 2149 1482 2206 qui
1514 2150 1629 2207 Apo-

228 2203 377 2270 cryphi
397 2204 521 2262 vulgo
542 2203 747 2253 dicuntur,
769 2204 879 2247 hunc
898 2205 1046 2247 librum
1070 2205 1281 2248 Siracidae
1298 2207 1628 2250 Ecclesiasticum

221 2261 454 2317 jumoribus
484 2261 720 2304 discendum
752 2267 913 2305 tautum
943 2263 1180 2320 proposuit;
1212 2269 1299 2306 tum
1330 2279 1429 2307 vero
1461 2265 1506 2308 S.
1528 2266 1630 2308 Hie-

165 2332 215 2372 35
229 2333 440 2376 ronymuS‚
471 2318 548 2361 etsi
583 2319 834 2362 Hebraicum
869 2320 991 2378 hujus
1022 2321 1117 2363 libri
1151 2322 1364 2378 exemplar
1397 2330 1627 2380 repererat,

227 2376 404 2419 eundem
443 2382 595 2427 tamen,
628 2382 849 2442 propterea
887 2378 999 2434 quod
1037 2393 1063 2421 a
1100 2379 1129 2421 J
1134 2379 1277 2422 udaico
1318 2380 1628 2437 Scripturarum

228 2448 383 2476 canone
412 2434 587 2484 abesset,
615 2434 730 2478 hbris
759 2435 962 2478 canonicis
992 2436 1291 2479 excludendum
1321 2452 1410 2479 esse
1442 2439 1626 2488 censuit;

227 2506 363 2548 neque
396 2492 684 2535 auctoritatem
725 2492 858 2535 eidem
897 2493 1030 2537 inesse
1068 2494 1123 2536 ad
1163 2494 1360 2552 dogmata
1398 2495 1494 2538 fidei
1534 2511 1629 2539 con·

227 2549 432 2591 firmanda
465 2549 647 2607 agnovit.
713 2550 810 2593 Vid.
842 2551 1005 2608 Proleg.
1038 2551 1126 2607 ejus
1159 2551 1203 2593 in
1238 2552 1386 2594 Libros
1419 2553 1625 2597 Solomon.

164 2620 215 2658 40
229 2607 375 2663 Neque
405 2607 526 2650 aliter
556 2613 739 2650 statuere
766 2608 917 2650 Rufino
947 2608 1205 2665 Aquileiensi
1232 2609 1361 2652 visum
1393 2617 1467 2652 est.
1529 2611 1626 2655 Vid.

228 2665 380 2721 Expos.
403 2664 490 2721 ejus
509 2664 552 2706 in
574 2665 813 2722 Symbolum
836 2667 986 2722 Apost.
1008 2670 1040 2723 ς.
1060 2666 1229 2716 xxxviii,
1250 2682 1288 2724 p.
1313 2669 1380 2716 26,
1401 2668 1455 2710 ad
1475 2669 1628 2712 calcem

227 2721 326 2764 edit.
363 2722 497 2765 Oxou.
533 2722 642 2788 Opp.
679 2723 722 2765 S.
745 2723 957 2780 Cypriani.
1018 2723 1075 2765 Hi
1107 2723 1215 2766 enim
1249 2725 1371 2767 ambo
1406 2725 1445 2768 le
1477 2727 1627 2770 endum

225 2779 376 2822 librum
396 2781 439 2822 in
460 2780 643 2822 Ecclcsm.
662 2786 822 2823 tantum
844 2787 1015 2838 propter
1034 2781 1372 2831 aedificationem,
1388 2789 1436 2825 ut
1471 2799 1629 2841 oquun-

225 2842 308 2887 tur,
340 2837 658 2887 existimabant3
703 2838 1045 2894 quemadmodum
1082 2839 1228 2882 statuit
1259 2840 1468 2883 Aelfricus
1499 2843 1628 2885 abbas

163 2893 268 2948 45in
299 2895 497 2938 Tractatu
527 2910 600 2938 suo
631 2895 683 2938 de
713 2896 807 2939 Vet.
834 2902 960 2953 atque
991 2897 1109 2938 Novo
1140 2894 1418 2949 Testamento,
1447 2914 1542 2958 pag.
1562 2913 1626 2955 17,
