2034 3204
379 215 443 257 IN
473 215 757 258 TERTULL.
789 215 869 258 DE
899 215 1280 260 PRAESCRIPT.
1311 217 1488 260 HAER.
1515 182 1523 190 *
1547 219 1636 262 213

231 321 274 364 δὲ
294 320 484 375 ὑπηρέται
503 325 584 366 τοῖς
604 321 796 376 ἄρχουσιν
818 322 1166 375 προσεδρεύοντες.
1226 323 1478 388 Apparitio,
1498 324 1636 377 Ἐκβι-

229 379 401 431 βασμός.
461 379 525 420 Eo
549 393 671 421 sensu
699 378 806 421 dixit
833 378 1067 436 Septimius
1083 385 1225 422 noster
1251 380 1357 423 libro
1382 381 1435 424 de
1464 382 1636 439 Specta-

230 435 344 485 culis,
365 450 405 492 p.
423 436 493 490 98,
513 450 636 478 aures
659 441 703 478 et
729 436 866 479 oculos
892 451 919 479 a
947 451 1097 494 parere
1126 437 1316 494 spiritui:
1349 443 1360 463 ‘
1384 439 1522 490 Quum
1553 440 1635 496 spi-

235 499 246 517 ‘
265 492 364 535 ritui
384 499 614 549 appareant
633 508 756 536 aures
777 500 820 536 et
839 451 958 544 oculi,
980 508 1055 537 nec
1165 494 1198 537 it
1218 495 1395 538 mundus
1414 497 1633 553 praestari,

191 553 216 594 5
231 555 241 574 ‘
263 549 377 606 cujus
395 550 655 607 apparitores
675 551 972 607 inquinantur?
991 509 1226 596 RlffiT.

287 607 333 649 P.
354 608 447 662 158.
467 607 497 649 1.
516 610 555 650 6.
583 608 790 664 processio
817 608 1017 666 modesta]
1041 610 1329 653 Procedebant
1355 610 1398 652 in
1425 611 1633 668 publicum

229 663 454 707 Christiani
483 665 669 708 modesto
698 666 843 710 habitu
872 667 1085 723 vultuque.
1154 667 1222 710 Sic
1254 667 1323 711 lib.
1345 682 1389 710 11.
1421 669 1474 711 de
1508 669 1633 712 Cultu

228 721 435 765 Feminar.
508 729 517 746 ‘
541 723 670 766 Vobis
699 730 836 766 autem
871 724 984 767 nulla
1017 724 1267 781 procedendi
1303 740 1427 769 causa
1457 741 1541 769 non
1572 733 1633 770 te-

228 785 239 802 ‘
259 779 377 822 trica.
450 779 537 822 Aut
571 780 797 824 imbecillus
831 781 980 838 aliquis
1013 797 1065 825 ex
1094 782 1295 825 fratribus
1324 782 1528 833 visitatur,
1559 791 1634 827 aut

166 843 214 869 10
229 840 240 860 ⁶
259 836 500 937 effigi-ilicium
523 837 709 888 offertur,
726 845 799 882 aut
815 839 896 881 Dei
914 854 1049 882 sermo
1069 839 1383 883 administratur
1399 841 1490 884 &c.'
1507 856 1547 899 p.
1562 843 1631 885 80.

284 951 390 994 Ibid.
421 951 448 994 l.
471 951 536 995 16.
566 952 619 994 de
649 953 781 996 saevis
811 958 854 996 et
882 954 1088 1010 perversis
1118 954 1334 1010 doctrinis]
1369 956 1501 999 Seria.
1563 956 1631 1000 Sic

224 1008 380 1065 optime
408 1009 514 1052 liber
546 1009 700 1054 Ursini.
761 1011 911 1060 Antea,
938 1013 1091 1054 saevis.
1153 1012 1280 1054 Nullo
1309 1027 1444 1056 sensu.
1506 1014 1631 1058 Seras

151 1118 153 1120 V
224 1066 433 1109 doctrinas
464 1067 562 1110 dicit
590 1067 852 1118 Antichristi,
872 1068 987 1125 cujus
1016 1074 1206 1126 tempora
1235 1070 1414 1127 excipiet
1443 1086 1631 1114 consum-

164 1132 211 1171 15
225 1123 350 1167 matio
370 1124 534 1167 saeculi.
597 1125 698 1168 Tria
724 1131 912 1182 tempora
939 1126 982 1168 in
1003 1127 1247 1169 Tertulliani
1275 1128 1439 1184 scriptis
1462 1136 1631 1173 cunctas

223 1180 436 1223 hominum
469 1187 629 1224 aetates
664 1183 877 1226 dividunt:
913 1184 1116 1234 Naturae,
1154 1184 1291 1242 Legis,
1325 1191 1368 1228 et
1400 1186 1628 1243 Evangelii.

224 1238 372 1295 Itaque
392 1238 582 1282 ultimum
599 1245 663 1282 est
679 1240 895 1296 Evangelii
915 1246 1090 1297 tempus,
1108 1242 1358 1299 subrepente
1374 1243 1630 1288 Antichristo

222 1301 266 1338 et
285 1296 437 1339 saeculi
456 1295 550 1339 fine.
610 1297 728 1340 Haec
747 1298 1088 1348 RIGALTIUs,
1104 1299 1175 1355 qui
1195 1301 1303 1342 seris
1322 1301 1493 1358 recepit.
1553 1303 1630 1344 At-

222 1358 375 1403 tamen,
395 1359 586 1396 exstante
615 1354 658 1396 in
688 1356 1031 1411 praecedentibus
1060 1356 1308 1399 editionibus
1337 1360 1490 1408 saevis,
1516 1359 1630 1403 haud

159 1431 211 1458 20
221 1411 467 1468 spernenda,
488 1411 612 1453 immo
642 1413 929 1469 amplectenda
955 1419 1031 1462 est,
1057 1413 1295 1470 conjectura
1320 1415 1349 1457 J
1354 1415 1437 1457 unii
1463 1420 1630 1461 scaevis

219 1467 470 1524 reponentis.
531 1468 702 1512 Glossae
733 1470 848 1513 Vett.
871 1470 1028 1520 Σκαιὸς,
1058 1486 1246 1521 scaevus,
1276 1487 1428 1522 vanae,
1444 1489 1628 1530 pravus.

219 1525 373 1569 saevis
406 1525 449 1568 in
484 1525 707 1570 editionem
739 1542 854 1570 suam
886 1528 1095 1572 revocavit
1127 1529 1385 1582 Romanius,
1417 1531 1628 1590 adscripta

219 1582 355 1626 altera
373 1583 548 1626 lectione
567 1586 675 1628 seris
693 1585 749 1627 ad
769 1599 897 1628 oram.

278 1640 384 1684 Ibid.
401 1641 427 1684 1.
444 1652 512 1695 27.
535 1642 682 1698 Itaque
702 1643 863 1686 veniam
884 1643 1170 1698 merebuntur]
1195 1644 1356 1687 Ironice
1377 1645 1480 1689 haec
1500 1646 1624 1698 dicta,

156 1712 207 1751 25
220 1697 325 1741 sicut
344 1699 503 1741 notavit
525 1699 747 1742 Semlerus.

278 1755 384 1799 Ibid.
428 1755 455 1798 l.
491 1769 562 1812 33.
601 1757 747 1813 semel]
800 1758 841 1799 h.
885 1772 923 1800 e.
971 1758 1088 1811 ἅπαξ,
1138 1764 1301 1802 tantum
1350 1761 1492 1812 semel,
1541 1776 1625 1805 non

218 1811 381 1856 iterum.

184 1866 188 1869 ’
278 1870 325 1913 Ρ.
363 1883 457 1926 159.
492 1870 522 1913 l.
556 1883 595 1914 2.
628 1871 703 1915 sed
741 1885 868 1928 quum
897 1887 970 1915 vos
1008 1887 1092 1915 non
1126 1873 1373 1931 crederetis]
1413 1876 1625 1920 Particula

219 1941 273 1969 ne
327 1927 414 1970 tiva
433 1927 560 1970 cuivis
580 1943 740 1971 sensum
763 1929 942 1972 auctoris
963 1930 1067 1973 bene
1094 1932 1368 1988 perpendenti
1394 1935 1626 1977 amovenda

154 1983 261 2041 30vi
291 1984 439 2027 ebitur.
517 1985 713 2028 Ceterum
760 1986 863 2030 illud
907 1987 1322 2032 animadvertendum
1372 1997 1449 2040 est,
1489 1992 1625 2048 posita

218 2041 345 2085 fnisse
363 2042 467 2086 haec
492 2044 623 2086 verba
640 2043 683 2086 in
710 2044 826 2087 editt.
847 2045 1131 2088 vetustissimis
1157 2053 1251 2112 post
1270 2062 1412 2090 vocem
1439 2051 1624 2092 manda-

218 2114 366 2143 veram
376 2116 393 2150 ,·
423 2114 472 2143 ac
501 2100 752 2158 displicuisse
782 2102 810 2144 J
814 2102 910 2144 uuio
938 2103 1313 2160 transpositionem,
1338 2119 1446 2162 quae
1474 2121 1623 2150 eorun-

218 2156 313 2200 dem
334 2162 480 2214 postea
497 2157 607 2201 facta
626 2164 702 2202 est.
764 2159 834 2202 Ita
853 2160 961 2202 enim
981 2161 1147 2204 scribit:
1180 2168 1190 2185 ‘
1205 2162 1438 2213 Fallnntur,
1460 2164 1531 2220 qui
1555 2165 1624 2207 hic

220 2220 235 2239 ⁸·
252 2220 530 2272 transponunt
563 2216 742 2259 auctoris
774 2218 915 2260 verba.
981 2219 1074 2276 Ego
1108 2218 1285 2276 primam
1321 2221 1543 2264 editionem
1579 2229 1623 2265 et

153 2283 205 2325 35
220 2277 230 2296 ‘
252 2272 623 2330 manuscriptorum
644 2289 886 2317 consensum
913 2290 1104 2332 sequens,
1123 2277 1183 2319 ita
1202 2277 1425 2334 legendum
1446 2294 1592 2322 censeo
1610 2297 1621 2323 :

219 2335 231 2354 ‘
250 2330 537 2380 monentibus,
568 2331 612 2374 id
641 2337 716 2382 est,
746 2332 966 2389 discipulis,
994 2336 1100 2377 meis
1127 2336 1276 2378 eadem
1304 2338 1367 2378 ad
1395 2351 1469 2380 vos
1490 2353 1624 2393 prae-

218 2392 230 2411 ‘
251 2389 402 2431 dicare
431 2390 756 2439 mavzdaveram,
777 2390 971 2434 nimirum
1002 2392 1255 2435 solummodo
1282 2393 1377 2436 viva
1397 2409 1516 2443 voce;
1547 2397 1622 2438 sed

219 2450 230 2468 ‘
251 2459 382 2500 quum
396 2460 469 2488 vos
482 2461 566 2489 mm
580 2449 820 2500 crederetis,
832 2449 1130 2505 praedicationi
1143 2450 1320 2500 illorum,
1334 2453 1461 2494 semel
1473 2454 1622 2494 Evan-

219 2508 230 2525 ‘
249 2503 424 2558 ⁸odium,
443 2511 484 2546 et
502 2504 686 2559 ejusdem
712 2506 886 2561 reyulae
905 2508 1151 2549 doctrinam
1170 2509 1391 2563 Apostoli-9
1415 2511 1520 2552 meis
1550 2512 1621 2553 de-

153 2576 205 2611 40
219 2565 228 2583 ‘
252 2561 507 2615 &qamt-am,
536 2567 640 2617 puta
668 2562 883 2605 literarum
914 2565 1187 2607 monumentis
1216 2565 1551 2623 consignandam,
1577 2574 1620 2611 et

218 2623 229 2640 ‘
251 2616 536 2673 deponendam
570 2619 614 2660 in
648 2619 833 2662 Ecclesia
863 2635 968 2663 mea.
1043 2623 1130 2664 Sed
1167 2623 1294 2665 libuit
1327 2625 1438 2666 mihi
1464 2633 1619 2680 postea

218 2680 229 2698 ‘
250 2675 406 2731 aliqua
441 2676 542 2718 inde
575 2685 756 2726 mutare,
791 2692 940 2734 nempe
979 2684 1026 2720 ut
1064 2685 1158 2735 post
1191 2681 1244 2722 ab
1279 2680 1360 2722 illis
1390 2682 1618 2725 haereseon

217 2738 229 2756 ⁶
249 2732 486 2775 auctoribus
514 2733 594 2776 fuit
622 2733 868 2777 factitatum.
945 2735 1012 2778 Sic
1048 2736 1214 2794 integra
1248 2738 1398 2780 omnia.
1414 2742 1424 2758 ’
1499 2741 1617 2783 Haec

213 2788 380 2840 Junius,
402 2790 550 2846 quibus
577 2796 715 2834 tamen
743 2792 856 2835 haud
882 2793 1097 2836 assentior.
1162 2794 1236 2837 Sin
1263 2810 1361 2838 vero
1382 2802 1500 2839 vetus
1526 2813 1616 2840 sen-
