2034 3204
1129 642 1198 683 IN

859 778 922 845 S.
966 777 1466 842 CYPRIANI

1069 940 1259 969 LIBRUM

684 1058 817 1111 DE
870 1057 1639 1111 MORTALITATE

795 1204 984 1268 ANN
994 1203 1527 1270 OTATIONES.

520 1484 568 1526 P.
588 1494 683 1539 277.
704 1483 731 1525 l.
751 1496 789 1526 2.
814 1483 950 1525 Lusus
975 1497 1031 1524 nn
1052 1483 1381 1536 Monunrrssn]
1407 1482 1503 1526 Sive
1525 1483 1614 1525 Lue
1637 1483 1864 1526 mortifera.

462 1542 636 1584 Tertull.
658 1542 965 1585 deResurrect.
985 1541 1110 1583 Carn.
1129 1555 1162 1582 c.
1176 1554 1246 1596 51,
1264 1540 1432 1582 definite
1453 1540 1644 1597 explicat.
1686 1548 1696 1565 ‘
1710 1541 1867 1591 Aliud:

461 1599 607 1656 inquit,
626 1607 636 1622 ‘
650 1599 824 1641 mortale
845 1605 887 1641 et
906 1598 1019 1640 aliud
1039 1597 1286 1647 mortalitas;
1308 1597 1421 1640 aliud
1437 1597 1545 1640 enim
1566 1598 1677 1654 quod
1696 1598 1867 1664 patitur,

462 1665 473 1682 ⁴
486 1657 599 1700 aliud
619 1657 729 1714 quod
751 1656 838 1714 pati
858 1656 1005 1699 efficit.'
1065 1656 1232 1698 Revera
1249 1656 1418 1698 morbus
1439 1655 1517 1698 iste
1537 1656 1762 1713 epidemius
1782 1662 1867 1699 tam

460 1715 578 1758 varia
614 1721 659 1757 et
698 1714 879 1757 erratica
916 1713 1064 1756 habuit
1103 1719 1394 1770 symptomata,
1427 1719 1475 1756 ut
1513 1714 1568 1756 ad
1606 1713 1734 1771 pestis
1773 1728 1869 1771 pro·
1883 1732 1932 1758 10

460 1772 552 1830 prie
584 1773 719 1815 dictae
754 1778 902 1829 typum
937 1771 1103 1813 minime
1137 1771 1421 1828 responderet.
1499 1779 1510 1793 ‘
1533 1771 1728 1828 Corporis
1759 1771 1868 1814 vires

463 1838 473 1854 ‘
496 1830 653 1873 solutus
676 1830 719 1872 in
742 1830 898 1872 fluxum
919 1835 1065 1871 venter
1093 1828 1359 1871 eviscerabat.
1422 1829 1471 1870 In
1491 1828 1668 1871 faucium
1697 1829 1871 1872 vulnera

463 1895 473 1912 ‘
496 1894 718 1945 conceptus
737 1886 975 1930 medullitus
995 1886 1102 1943 ignis
1118 1886 1403 1929 exaestuabat.
1443 1886 1619 1929 Assiduo
1635 1886 1789 1930 vomitu
1808 1886 1870 1929 in-

463 1953 474 1970 ‘
496 1946 650 1989 testina
669 1945 976 2002 quatiebantur,
999 1944 1104 1987 oculi
1124 1943 1164 1986 vi
1185 1943 1396 2002 sanguinis
1420 1944 1748 1997 inardescebant,
1769 1958 1870 2002 quo·

464 2010 475 2028 ‘
495 2004 671 2046 rundam
688 2003 814 2061 pedes
829 2003 895 2045 vel
914 2002 1077 2059 aliquae
1096 2003 1374 2044 membrorum
1397 2008 1538 2059 partes
1551 2002 1742 2060 contagio
1762 2016 1870 2044 mor·
1884 2019 1932 2059 15

465 2068 475 2086 ‘
497 2061 620 2104 bidae
649 2060 881 2119 putredinis
907 2060 1243 2118 amputabantur,
1265 2059 1558 2103 debilitabatur
1584 2060 1777 2110 incessus,
1799 2060 1870 2103 ob-

465 2126 476 2143 ‘
498 2119 738 2162 struebatur
758 2118 935 2167 auditus,
953 2124 1143 2161 caecatus
1158 2117 1237 2160 fuit
1255 2121 1472 2175 aspectus!
1513 2117 1748 2160 Teterrima
1767 2118 1870 2160 haec

465 2177 554 2220 lues
578 2176 620 2219 in
648 2176 804 2219 Arabia
832 2176 1010 2233 primum
1039 2181 1149 2225 nata,
1171 2174 1321 2218 deinde
1345 2175 1388 2217 in
1415 2175 1659 2233 Aegyptum
1684 2175 1869 2226 devecta,

464 2234 725 2290 postmodum
745 2233 788 2276 in
808 2233 991 2276 Africam
1021 2233 1231 2291 processit,
1253 2238 1296 2276 et
1323 2232 1473 2275 exinde
1499 2247 1575 2290 per
1599 2232 1870 2276 occidentales

466 2291 644 2335 Romani
674 2291 834 2349 imperii
891 2297 1003 2334 artes
1032 2291 1330 2349 grassabatur3
1361 2290 1502 2333 furore
1532 2290 1796 2333 Atheniensis
1822 2289 1870 2333 il·
1883 2307 1933 2333 20

465 2350 556 2400 lius,
577 2364 700 2407 quam
729 2348 862 2392 deseri
892 2349 924 2391 it
945 2347 1212 2406 Thucydides
1238 2347 1412 2398 aemulo,
1434 2347 1582 2391 itinere
1607 2354 1802 2391 consueto
1827 2354 1870 2391 et

467 2408 534 2451 via
553 2407 669 2464 quasi
690 2406 926 2464 praetoria;
957 2405 1016 2449 ait
1043 2406 1150 2448 enim
1174 2405 1330 2448 Plinius
1356 2405 1425 2449 lib.
1447 2420 1518 2456 vn,
1541 2420 1574 2448 c.
1589 2419 1660 2462 50,
1683 2412 1693 2430 ‘
1717 2406 1870 2449 Obser-

468 2472 479 2490 ⁸
501 2471 641 2508 vatum
660 2479 688 2508 a
708 2463 944 2507 meridianis
964 2463 1164 2521 partibus,
1185 2463 1239 2506 ad
1259 2478 1444 2506 occasum
1473 2463 1568 2506 solis
1594 2462 1870 2521 pestilentiam

469 2531 478 2547 ‘
500 2537 663 2580 semper
683 2521 772 2565 ire.'
834 2521 1138 2594 Imperautibus
1160 2520 1280 2564 Gallo
1300 2527 1343 2564 et
1364 2521 1587 2564 Volusiano
1615 2521 1692 2564 hoc
1715 2521 1866 2564 malum

468 2581 575 2624 conti
610 2580 654 2631 it,
682 2579 856 2623 testibus
882 2579 1034 2622 Euseb.
1055 2578 1097 2621 in
1128 2579 1283 2622 Chron.
1314 2579 1435 2622 Oros.
1466 2579 1535 2621 lib.
1555 2593 1629 2631 vn,
1651 2585 1694 2622 et
1718 2579 1867 2622 Zonar.
1883 2593 1932 2633 ²5

470 2596 619 2681 Anmfi.
655 2637 724 2681 lib.
752 2651 795 2680 11.
872 2638 1003 2680 Porro
1038 2636 1149 2694 pacis
1189 2642 1270 2680 tem
1304 2651 1376 2679 ore
1415 2637 1493 2679 hoc
1528 2635 1711 2680 evenisse
1749 2636 1870 2680 docet

472 2696 622 2739 Euseb.
652 2695 723 2739 lib.
750 2708 822 2746 vn,
853 2709 887 2738 c.
912 2707 980 2744 22,
1011 2709 1062 2737 ex
1094 2694 1223 2738 literis
1297 2708 1426 2751 ionys.
1458 2694 1582 2737 Alex.
1612 2697 1659 2752 τῇ
1693 2697 1870 2748 Χριστοῦ

469 2753 593 2796 πάλιν
614 2754 940 2808 ἔνηυφράνθημεν
960 2752 1106 2810 εἰρήνῃ,
1123 2751 1172 2805 ἣν
1189 2753 1323 2806 μόνοις
1338 2753 1430 2805 ἡμῖν
1444 2752 1577 2795 ἔδωκε.
1621 2750 1871 2807 Βραχυτάτης

469 2812 511 2853 δὲ
542 2812 650 2863 ἡμῶν
679 2827 722 2853 τε
754 2812 817 2853 καὶ
851 2810 978 2853 αὐτῶν
1012 2811 1215 2865 τυχόντων
1248 2810 1460 2863 ἀναπνοῆς,
1493 2809 1812 2863 ἑπικατέσκηψεν
1845 2809 1869 2862 ἡ

470 2869 589 2912 νόσος
624 2869 733 2920 αὕτη.
810 2866 970 2919 Quibus
1005 2866 1286 2924 praestructis,
1319 2867 1466 2910 librum
1503 2867 1612 2909 hunc
1645 2880 1753 2909 anno
1786 2876 1866 2923 252
1882 2878 1933 2916 30

468 2925 756 2982 conscriptum,
789 2923 912 2981 idque
944 2931 1041 2967 anto
1072 2924 1396 2982 redintegratam
1428 2923 1765 2982 persecutionem.
1798 2923 1870 2967 ad-
