2034 3204
378 219 660 264 NICAENI
701 218 1001 263 CONCILII
1046 218 1511 262 UNIVERSALIS.
1571 221 1657 264 373

254 324 420 397 κλήρῳ
443 325 531 379 εἴτε
554 329 650 379 τῶν
674 327 722 377 ἐν
747 330 899 397 λαῖκῷ
923 324 1147 393 τάγματι,
1174 323 1266 377 ὑπὸ
1290 329 1387 376 τῶν
1412 325 1521 377 καθ’
1548 324 1655 376 ἐκά-

253 435 379 478 στην
403 411 633 481 ἐπαρχίαν
657 409 988 476 Ἐπισκόπων,
1016 410 1241 479 κρατείτω
1273 410 1302 475 ἡ
1337 409 1505 477 γνώμη
1538 409 1659 462 κατὰ

252 495 337 549 τὸν
369 495 546 549 κανόνα
582 495 666 549 τὸν
699 495 1052 565 διαγορεύοντα,
1080 492 1192 551 τοὺς
1229 495 1308 566 ὑφ’
1336 494 1505 563 ἐτέρων
1530 496 1655 547 ἀπο-

251 580 518 647 βληθέντας
558 580 638 652 ὑφ’
678 580 848 650 ἑτέρων
891 578 959 647 μὴ
1002 580 1307 650 προσίεσθαι·
1365 577 1658 647 ἐξεταζέσθω

215 675 238 717 5
253 666 318 731 δὲ,
345 665 412 732 μὴ
436 666 733 737 μικροψυχίᾳ
766 663 796 731 ἢ
824 666 1089 736 φιλονεικίᾳ
1115 664 1152 731 ἤ
1179 688 1270 718 τινι
1302 663 1494 733 τοιαύτῃ
1520 664 1660 734 ἀηδίᾳ

250 757 335 804 τοῦ
359 750 662 804 Ἐπισκόπου
686 750 1061 818 ἀποσυνάγωγοι
1086 750 1379 818 γεγένηνται.
1440 747 1549 801 Ἵνα
1575 750 1659 802 οὖν

249 841 391 889 τοῦτο
450 834 538 901 τὴν
585 834 866 904 πρέπουσαν
919 834 1139 903 ἐξέτασιν
1197 833 1444 904 λαμβάνῃ,
1498 839 1659 891 καλῶς

249 920 369 991 ἔχειν
407 919 571 989 ἔδοξεν
606 918 811 972 ἑκάστου
850 920 1062 973 ἐνιαυτοῦ
1103 921 1210 973 καθ’
1257 918 1466 986 ἑκάστην
1508 921 1655 987 ἐπαρ-

249 1006 358 1077 χίαν
384 1008 454 1062 δὶς
477 1011 562 1059 τοῦ
587 1006 719 1062 ἔτους
746 1003 983 1062 Συνόδους
1007 1005 1242 1073 γίνεσθαι,
1275 1005 1352 1058 ἵνα
1377 1008 1508 1075 κοινῇ
1533 1003 1656 1058 πάν-

190 1110 237 1136 10
249 1115 345 1144 των
368 1095 465 1144 τῶν
489 1089 803 1144 Ἐπισκόπων
827 1093 912 1156 τῆς
936 1091 1163 1161 ἐπαρχίας
1186 1093 1261 1144 ἐπὶ
1287 1088 1343 1143 τὸ
1368 1088 1484 1142 αὐτὸ
1509 1113 1659 1142 συνα-

248 1175 464 1244 γομένων
489 1174 550 1229 τὰ
573 1180 767 1228 τοιαῦτα
803 1173 1046 1243 ζητήματα
1083 1173 1364 1244 ἐξετάζοιτο·
1407 1176 1485 1226 καὶ
1510 1175 1659 1231 οὕτως

248 1264 292 1314 οὶ
308 1259 700 1329 ὁμολογουμένως
714 1259 1147 1330 προσκεκρουκότες
1160 1258 1521 1332 τῷἘπισκόπῳ
1537 1259 1659 1313 κατὰ

247 1345 400 1413 λόγον
425 1346 730 1411 ἀκοινώνητοι
766 1345 899 1415 παρὰ
932 1350 1086 1399 πᾶσιν
1114 1343 1229 1398 εἶναι
1264 1343 1467 1413 δόξωσι,
1495 1344 1659 1414 μέχρις

246 1429 306 1484 ἂν
329 1434 398 1502 τῷ
423 1432 564 1501 κοινῷ
588 1434 686 1483 τῶν
709 1429 1025 1483 Ἐπισκόπων
1050 1428 1171 1500 δόξῃ
1196 1429 1284 1496 τὴν
1310 1433 1655 1500 φιλανθρωπο-

186 1530 232 1570 15
244 1514 387 1584 τέραν
419 1513 537 1584 ὑπὲρ
561 1516 718 1568 αὐτῶν
749 1514 970 1568 ἐκθέσθαι
1003 1518 1195 1586 ψῆφον.

1277 1517 1340 1567 Αἱ
1376 1514 1425 1567 δὲ
1454 1513 1655 1567 Σύνοδοι

244 1598 566 1668 γινέσθωσαν,
605 1600 692 1666 μία
728 1597 814 1665 μὲν
852 1598 949 1668 πρὸ
988 1603 1074 1666 τῆς
1115 1602 1534 1668 τεσσαρακοστῆς,
1575 1599 1653 1651 ἵνα

243 1683 408 1751 πάσης
438 1684 760 1755 μικροψυχίας
792 1685 1147 1753 ἀναιρουμένης,
1174 1683 1231 1738 τὸ
1264 1687 1419 1754 δῶρον
1443 1683 1653 1753 καθαρὸν

243 1767 575 1839 προσφέρηται
598 1773 667 1840 τῷ
693 1771 821 1840 Θεῷ
863 1770 1055 1839 δευτέρα
1083 1768 1132 1822 δὲ
1155 1772 1262 1838 περὶ
1287 1768 1372 1822 τὸν
1397 1775 1483 1822 τοῦ
1507 1792 1647 1835 μετο-

243 1856 409 1926 πώρου
434 1854 613 1925 καιρόν.

243 2065 456 2117 privantur,
479 2079 546 2106 seu
575 2080 623 2106 ex
646 2067 747 2106 clero
775 2079 841 2106 seu
868 2080 919 2105 ex

244 2120 340 2159 laico
369 2120 512 2169 ordine,
538 2122 587 2160 ab
615 2121 816 2173 Episcopis
850 2134 920 2172 per

243 2187 551 2227 unamquamque
570 2175 818 2226 provinciam,
834 2189 919 2214 sen-

243 2229 366 2268 tentia
408 2229 595 2280 regularis
645 2230 829 2278 obtineat,
872 2234 918 2269 ut

242 2282 283 2320 hi
309 2283 376 2334 qui
400 2283 633 2334 abjiciuntur
655 2284 704 2322 ab
727 2283 812 2322 aliis
839 2297 917 2322 non

242 2337 484 2388 recipiantur.
524 2337 758 2390 Requiratur
775 2342 916 2386 autem,

242 2404 291 2430 ne
322 2391 636 2442 pusillanimitate
665 2397 732 2431 aut
761 2397 917 2431 conten-

240 2444 347 2484 tione
364 2446 425 2484 vel
447 2445 522 2484 alio
545 2446 716 2497 quolibet
734 2446 916 2498 Episcopi

240 2499 337 2538 vitio
356 2499 559 2538 videantur
578 2513 601 2538 a
619 2500 914 2552 congregatione

240 2553 387 2592 seclusi.
457 2553 515 2593 Ut
546 2554 619 2592 hoc
651 2567 743 2606 ergo
780 2555 915 2593 decen-

240 2607 319 2646 tius
355 2607 582 2658 inquiratur,
619 2609 716 2646 bene
758 2608 913 2659 placuit,

240 2661 350 2699 annis
379 2661 539 2712 singulis
569 2675 638 2713 per
665 2675 914 2713 unamquam-

240 2728 315 2766 que
350 2715 587 2766 provinciam
625 2715 685 2755 bis
730 2716 771 2754 in
812 2730 913 2756 anno

240 2769 412 2808 Concilia
441 2770 634 2818 celebrari,
663 2774 709 2809 ut
745 2783 915 2809 commu-

239 2823 342 2863 niter
370 2824 548 2863 omnibus
574 2824 689 2863 simul
713 2824 915 2876 Episcopis

973 2066 1215 2118 congregatis
1239 2066 1468 2118 provinciae,
1493 2065 1649 2105 discuti-

972 2126 1088 2160 antur
1134 2121 1354 2172 hujusmodi
1394 2121 1645 2172 quaestiones.

974 2175 1026 2214 Et
1045 2175 1099 2214 sic
1118 2175 1184 2226 qui
1209 2189 1279 2214 suo
1298 2180 1552 2226 peccaverunt
1571 2175 1649 2213 evi-

972 2230 1108 2268 denter
1146 2230 1349 2281 Episcopo,
1388 2229 1650 2268 excommuni-

971 2284 1047 2322 cati
1084 2284 1364 2323 rationabiliter
1392 2284 1440 2322 ab
1471 2283 1649 2322 omnibus

970 2338 1232 2386 aestimentur,
1255 2351 1376 2389 usque
1402 2351 1490 2388 quo,
1516 2338 1577 2375 vel
1607 2337 1649 2375 in

971 2392 1164 2431 communi
1192 2392 1250 2430 vel
1281 2392 1472 2443 Episcopo
1500 2392 1649 2442 placeat

969 2446 1235 2485 humaniorem
1271 2460 1342 2497 pro
1370 2445 1513 2484 talibus
1549 2446 1649 2484 ferre

968 2500 1208 2539 sententiam.
1269 2499 1441 2539 Concilia
1469 2513 1560 2538 vero
1589 2513 1648 2538 ce-

967 2555 1175 2602 lebrentur,
1212 2567 1334 2592 unum
1366 2553 1523 2604 quidem
1557 2558 1647 2592 ante

968 2608 1299 2659 quadragesimam
1315 2607 1491 2655 Paschae,
1503 2611 1548 2646 ut
1565 2621 1647 2646 om-

968 2663 1008 2700 ni
1046 2662 1280 2700 dissensione
1320 2662 1471 2700 sublata
1505 2674 1646 2700 munus

969 2716 1150 2755 offeratur
1178 2716 1262 2755 Deo
1285 2715 1560 2767 purissimum3
1589 2729 1647 2754 se-

969 2771 1138 2808 cundum
1188 2783 1291 2818 vero,
1342 2770 1442 2808 circa
1491 2774 1646 2821 tempus

969 2824 1155 2864 autumni.
