2034 3204
188 503 271 535 Tob.
289 504 332 534 iv.
350 511 379 543 5.

198 1663 346 1695 Eleemo-

196 1717 280 1749 syna
295 1706 359 1738 Dei

196 1754 365 1793 spectacu-

196 1794 275 1830 lum,
292 1804 367 1825 oum

195 1837 373 1880 gentilium

196 1885 232 1914 et
247 1881 371 1913 diaboli

197 1925 389 1957 muneribus

196 1979 365 2011 compara·

197 2017 264 2045 tur.

407 231 494 272 310
901 229 942 270 S.
983 226 1306 270 CYPRIANI

406 336 565 399 placet,
608 342 649 383 et
679 335 805 398 filiis
845 335 937 381 tuis
984 333 1153 380 manda
1192 339 1243 379 ut
1272 331 1463 395 saciant
1495 330 1730 392 justitiam
1772 334 1813 377 et

409 413 726 476 eleemosynas,
741 420 784 461 et
804 414 899 460 sint
923 427 1140 459 memores
1165 410 1270 465 Dei,
1295 416 1337 457 et
1365 409 1628 456 benedicant
1650 423 1813 457 nomen

410 492 504 553 ejus
527 492 654 538 omni
678 497 888 554 tempore.
958 490 1028 536 Et
1054 489 1245 542 iterum,
1272 485 1493 535 Omnibus
1516 484 1672 532 diebus
1694 485 1814 532 vitae

410 575 526 623 tuae,
550 568 633 631 fili
667 567 970 622 dilectissime,
1006 565 1159 614 Deum
1201 565 1252 612 in
1293 572 1438 612 mente
1473 562 1599 619 habe,
1637 568 1678 611 et
1717 561 1815 611 noli

403 646 662 709 praeterire
678 651 925 708 praecepta
948 645 1059 707 ejus.
1126 641 1472 704 Justitiamfac
1495 639 1700 688 omnibus
1721 639 1852 688 die-5

410 724 491 772 bus
514 725 631 772 vitae
654 730 769 778 tuae,
795 729 836 769 et
859 722 956 769 noli
979 720 1210 768 ambulare
1234 721 1355 768 viam
1379 719 1672 782 iniquitatis,·
1707 733 1817 781 quo-

410 803 537 849 niam
585 807 743 866 ayente
790 807 832 848 te
877 817 936 847 ea⁷
979 801 1182 854 veritate,
1224 799 1313 846 erit
1356 804 1584 860 respectus
1628 813 1816 860 operum

410 886 608 926 tuorum.
678 877 761 924 Ea’
791 877 1046 924 substantia
1069 883 1148 924 tua
1168 876 1259 940 fac
1282 875 1624 938 eleemosynam,
1647 880 1690 922 et
1719 873 1818 922 noli

411 960 613 1002 avertere
625 953 804 1016 faeiem
831 959 955 1001 tuam
979 952 1034 1000 ab
1058 952 1151 1000 ullo
1166 967 1386 1016 paupere.
1455 950 1534 998 Ita
1554 951 1642 1013 fiet
1665 956 1715 999 ut
1737 966 1819 999 nec

411 1049 441 1079 a
476 1039 517 1079 te
551 1037 785 1079 avertatur
807 1030 965 1094 facies
1001 1030 1108 1077 Dei.
1178 1029 1331 1076 Prout
1370 1028 1596 1083 habuerit,
1618 1028 1713 1091 fili,
1750 1028 1819 1076 sio
1834 1045 1883 1071 10

397 1110 501 1174 fac.
570 1110 630 1159 Si
654 1109 737 1157 tibi
743 1108 902 1172 fuerit
926 1109 1109 1172 eopiosa
1131 1107 1398 1162 substantia,
1419 1107 1524 1170 plus
1548 1123 1606 1154 ea·
1629 1105 1712 1154 illa
1728 1105 1820 1170 fao

413 1188 753 1250 eleemosynam.
823 1186 883 1234 Si
913 1187 1130 1251 ea’iyuum
1159 1184 1384 1238 habueris,
1409 1200 1468 1232 ea·
1489 1183 1574 1232 hoc
1597 1185 1698 1247 ipso
1721 1184 1821 1231 eac-i-

407 1282 501 1330 yuo
526 1266 824 1313 communica.
894 1263 961 1311 Et
988 1279 1045 1310 ne
1075 1263 1284 1310 timueris
1318 1278 1456 1325 quum
1477 1261 1610 1326 sacis
1637 1260 1820 1309 eleemo-

413 1359 591 1406 synam.
660 1341 932 1389 Praemium
968 1341 1090 1388 enim
1119 1339 1283 1388 bonum
1307 1340 1492 1402 reponis
1516 1338 1600 1387 tibi
1623 1340 1675 1386 in
1697 1338 1817 1386 diem

414 1421 710 1476 necessitatis,
741 1421 851 1483 quia
886 1418 1167 1481 eleemosyna
1202 1434 1231 1464 a
1265 1424 1409 1465 morte
1442 1416 1616 1473 liberat,
1652 1423 1694 1465 et
1726 1432 1819 1465 non
1837 1434 1884 1474 15

413 1500 592 1562 patitur
629 1499 708 1545 ire·
747 1499 796 1544 in
831 1496 1098 1561 yelzennam.
1167 1495 1349 1542 Munus
1395 1494 1559 1541 bonum
1605 1500 1671 1541 est
1711 1493 1820 1542 elee-

416 1592 608 1639 mosyna
632 1574 840 1623 omnibus
865 1575 947 1637 qui
955 1573 1149 1638 faciunt
1172 1590 1269 1620 eam
1294 1589 1448 1621 eoram
1470 1588 1647 1620 summo
1669 1571 1785 1620 Deo.

483 1654 624 1701 XVI.
672 1653 826 1707 Quale
866 1668 1041 1699 munus
1080 1658 1164 1706 est,
1192 1652 1364 1698 fratres
1398 1650 1647 1705 carissimi,
1682 1651 1820 1712 cujus

417 1732 565 1778 editio
600 1732 703 1778 Deo
738 1737 979 1791 spectante
1020 1729 1312 1776 celebratur!
1383 1729 1434 1775 Si
1475 1729 1526 1775 in
1566 1728 1821 1791 gentilium

417 1826 613 1856 munere
659 1811 840 1872 grande
886 1815 933 1855 et
978 1809 1239 1871 gloriosum
1285 1808 1476 1854 videtur
1520 1808 1821 1868 proconsules
1837 1821 1888 1847 20

419 1890 493 1935 vel
529 1888 838 1947 imperatores
874 1886 1048 1933 habere
1082 1892 1365 1945 praesentes,
1395 1890 1443 1931 et
1475 1889 1732 1944 apparatus
1768 1899 1822 1930 ac

419 1971 639 2025 sumptus
675 1966 803 2024 apud
839 1964 1135 2010 munerarios
1165 1964 1321 2025 major
1343 1969 1414 2009 est
1438 1968 1492 2008 ut
1514 1962 1699 2022 possint
1721 1963 1823 2022 plne

417 2059 521 2090 cere
556 2042 831 2104 majoribus,
861 2047 1042 2102 quanto
1076 2041 1308 2088 illustrior
1342 2040 1552 2087 muneris
1587 2046 1635 2087 et
1668 2041 1824 2102 major

418 2127 490 2167 est
525 2120 679 2182 gloria
720 2120 878 2166 Deum
916 2126 963 2165 et
1003 2119 1253 2166 Christum
1290 2124 1576 2178 spectatores
1616 2118 1823 2165 habere!

418 2199 613 2252 Quanto
648 2197 756 2244 istic
792 2204 840 2243 et
875 2203 1134 2257 apparatus
1170 2196 1361 2243 uberior
1395 2202 1442 2242 et
1476 2202 1697 2258 sumptus
1731 2198 1824 2243 lar·
1840 2212 1889 2253 ²5

418 2275 526 2338 gior
547 2275 844 2322 exhibendus
876 2282 948 2320 est
975 2274 1059 2320 ubi
1084 2275 1143 2320 ad
1178 2276 1500 2335 spectaculum
1534 2274 1826 2321 conveniunt

419 2354 656 2399 coelorum
682 2352 894 2405 virtutem
909 2351 1200 2398 conveniunt
1218 2351 1396 2414 Angeli
1419 2366 1598 2407 omnes,
1614 2351 1698 2398 ubi
1722 2367 1827 2398 mu-

421 2428 608 2476 nerario
631 2443 724 2475 non
749 2428 986 2490 quadriga
1009 2429 1082 2474 vel
1107 2429 1379 2474 consulatus
1403 2427 1597 2487 petitur,
1617 2428 1700 2474 sed
1725 2426 1827 2474 vita

422 2513 614 2553 aeterna
650 2512 931 2566 praestatur,
956 2521 1040 2552 nec
1071 2511 1293 2565 captatur
1315 2504 1473 2551 inanis
1508 2511 1556 2551 et
1590 2511 1826 2565 tempora-

424 2583 525 2630 rius
543 2583 679 2630 favor
699 2583 844 2646 vulgi,
863 2585 943 2631 sed
969 2588 1251 2644 perpetuum
1276 2582 1541 2643 praemium
1565 2582 1701 2646 regni
1724 2597 1826 2629 coe·
1839 2606 1892 2645 30

426 2661 556 2707 lestis
589 2661 820 2722 accipitur
841 2661 848 2708 !
891 2660 1056 2721 Atque
1084 2667 1139 2707 ut
1165 2659 1323 2722 pigros
1347 2667 1395 2707 et
1417 2659 1600 2707 sterile·
1625 2666 1672 2707 et
1692 2659 1827 2720 cupi-

426 2739 575 2784 ditate
616 2739 885 2786 nunnnaria
925 2738 1046 2786 nihil
1092 2737 1218 2785 circa
1253 2738 1461 2785 fructum
1509 2737 1677 2785 salutis
1717 2752 1827 2797 ope-

429 2824 584 2861 rantes
611 2817 762 2877 magis
796 2818 982 2876 pudeat,
1012 2823 1065 2862 ut
1095 2818 1202 2876 plus
1226 2815 1560 2862 conscientiam
1585 2815 1823 2862 sordidam
