<?xml version="1.0" encoding="UTF-8"?>
<!DOCTYPE html PUBLIC "-//W3C//DTD XHTML 1.0 Transitional//EN"
    "http://www.w3.org/TR/xhtml1/DTD/xhtml1-transitional.dtd">
<html xmlns="http://www.w3.org/1999/xhtml" xml:lang="en" lang="en">
 <head>
  <title>
</title>
<meta http-equiv="Content-Type" content="text/html;charset=utf-8" />
  <meta name='ocr-system' content='tesseract 3.04.00' />
  <meta name='ocr-capabilities' content='ocr_page ocr_carea ocr_par ocr_line ocrx_word'/>
</head>
<body>
  <div class='ocr_page' id='page_1' title='image "./scriptorumeccles01rout_0440.png"; bbox 0 0 2034 3204; ppageno 0'>
   <div class='ocr_carea' id='block_1_1' title="bbox 393 227 1328 271">
    <p class='ocr_par' dir='ltr' id='par_1_1' title="bbox 393 227 1328 271">
     <span class='ocr_line' id='line_1_1' title="bbox 393 227 1328 271; baseline 0.001 -3"><span class='ocrx_word' id='word_1_1' title='bbox 393 227 481 269; x_wconf 74' lang='lat'>424</span> <span class='ocrx_word' id='word_1_2' title='bbox 865 227 946 269; x_wconf 90' lang='lat' dir='ltr'>AN</span> <span class='ocrx_word' id='word_1_3' title='bbox 948 227 987 269; x_wconf 90' lang='lat' dir='ltr'>N</span> <span class='ocrx_word' id='word_1_4' title='bbox 993 227 1255 271; x_wconf 88' lang='lat' dir='ltr'><strong>OTATION</strong></span> <span class='ocrx_word' id='word_1_5' title='bbox 1258 227 1328 270; x_wconf 89' lang='lat' dir='ltr'>ES</span> 
     </span>
    </p>
   </div>
   <div class='ocr_carea' id='block_1_2' title="bbox 392 333 1880 2921">
    <p class='ocr_par' dir='ltr' id='par_1_2' title="bbox 392 333 1871 903">
     <span class='ocr_line' id='line_1_2' title="bbox 392 333 1797 391; baseline 0.001 -16"><span class='ocrx_word' id='word_1_6' title='bbox 392 333 607 376; x_wconf 85' lang='lat' dir='ltr'>lentiniani</span> <span class='ocrx_word' id='word_1_7' title='bbox 635 338 678 376; x_wconf 88' lang='lat' dir='ltr'>et</span> <span class='ocrx_word' id='word_1_8' title='bbox 698 333 939 391; x_wconf 82' lang='lat' dir='ltr'>Theodosii]</span> <span class='ocrx_word' id='word_1_9' title='bbox 967 335 1029 377; x_wconf 84' lang='grc' dir='ltr'>καὶ</span> <span class='ocrx_word' id='word_1_10' title='bbox 1050 336 1296 377; x_wconf 86' lang='grc' dir='ltr'>Ναυατιανοὶ</span> <span class='ocrx_word' id='word_1_11' title='bbox 1316 334 1413 388; x_wconf 84' lang='grc' dir='ltr'>πρὸς</span> <span class='ocrx_word' id='word_1_12' title='bbox 1440 337 1547 387; x_wconf 77' lang='grc' dir='ltr'>σφᾶς</span> <span class='ocrx_word' id='word_1_13' title='bbox 1572 333 1797 389; x_wconf 79' lang='grc' dir='ltr'>διενεχθέν·</span> 
     </span>
     <span class='ocr_line' id='line_1_3' title="bbox 393 391 1802 446; baseline 0.001 -14"><span class='ocrx_word' id='word_1_14' title='bbox 393 408 459 435; x_wconf 86' lang='grc' dir='ltr'>τες</span> <span class='ocrx_word' id='word_1_15' title='bbox 479 391 567 445; x_wconf 86' lang='grc' dir='ltr'>περὶ</span> <span class='ocrx_word' id='word_1_16' title='bbox 591 394 659 443; x_wconf 84' lang='grc' dir='ltr'>τῆς</span> <span class='ocrx_word' id='word_1_17' title='bbox 682 393 913 446; x_wconf 86' lang='grc' dir='ltr'>πασχαλίας</span> <span class='ocrx_word' id='word_1_18' title='bbox 937 394 1084 445; x_wconf 83' lang='grc' dir='ltr'>ἑορτῆς,</span> <span class='ocrx_word' id='word_1_19' title='bbox 1108 392 1245 445; x_wconf 83' lang='grc' dir='ltr'>ἑτέραν</span> <span class='ocrx_word' id='word_1_20' title='bbox 1272 393 1426 446; x_wconf 81' lang='grc' dir='ltr'>αἵρεσιν</span> <span class='ocrx_word' id='word_1_21' title='bbox 1445 396 1525 434; x_wconf 80' lang='grc' dir='ltr'>τῶν</span> <span class='ocrx_word' id='word_1_22' title='bbox 1545 391 1802 443; x_wconf 84' lang='grc' dir='ltr'>καλουμένων</span> 
     </span>
     <span class='ocr_line' id='line_1_4' title="bbox 395 448 1802 503; baseline 0 -13"><span class='ocrx_word' id='word_1_23' title='bbox 395 452 692 500; x_wconf 84' lang='grc' dir='ltr'>Σαββατιανῶν</span> <span class='ocrx_word' id='word_1_24' title='bbox 713 449 1026 501; x_wconf 85' lang='grc' dir='ltr'>συνεστήσαντο.</span> <span class='ocrx_word' id='word_1_25' title='bbox 1069 450 1301 501; x_wconf 87' lang='grc' dir='ltr'>Σαββάτιος</span> <span class='ocrx_word' id='word_1_26' title='bbox 1328 451 1406 503; x_wconf 81' lang='grc' dir='ltr'>γὰρ</span> <span class='ocrx_word' id='word_1_27' title='bbox 1426 451 1698 503; x_wconf 85' lang='grc' dir='ltr'>πρεσβύτερος</span> <span class='ocrx_word' id='word_1_28' title='bbox 1724 448 1802 490; x_wconf 79' lang='grc' dir='ltr'>ὑπὸ</span> 
     </span>
     <span class='ocr_line' id='line_1_5' title="bbox 397 507 1803 562; baseline 0 -15"><span class='ocrx_word' id='word_1_29' title='bbox 397 509 629 559; x_wconf 86' lang='grc' dir='ltr'>Μαρκιανοῦ</span> <span class='ocrx_word' id='word_1_30' title='bbox 648 507 937 561; x_wconf 88' lang='grc' dir='ltr'>χειροτονηθεὶς</span> <span class='ocrx_word' id='word_1_31' title='bbox 957 507 1038 558; x_wconf 79' lang='grc' dir='ltr'>ἅμα</span> <span class='ocrx_word' id='word_1_32' title='bbox 1054 507 1284 562; x_wconf 79' lang='grc' dir='ltr'>Θεοκτιστῷ</span> <span class='ocrx_word' id='word_1_33' title='bbox 1307 508 1370 548; x_wconf 86' lang='grc' dir='ltr'>καὶ</span> <span class='ocrx_word' id='word_1_34' title='bbox 1393 508 1584 562; x_wconf 83' lang='grc' dir='ltr'>Μακαρίῳ</span> <span class='ocrx_word' id='word_1_35' title='bbox 1604 510 1687 549; x_wconf 82' lang='grc' dir='ltr'>τοῖς</span> <span class='ocrx_word' id='word_1_36' title='bbox 1706 523 1803 557; x_wconf 86' lang='grc' dir='ltr'>συμ-</span> 
     </span>
     <span class='ocr_line' id='line_1_6' title="bbox 396 563 1841 617; baseline 0.001 -12"><span class='ocrx_word' id='word_1_37' title='bbox 396 563 684 617; x_wconf 84' lang='grc' dir='ltr'>πρεσβυτέροις</span> <span class='ocrx_word' id='word_1_38' title='bbox 711 565 902 615; x_wconf 80' lang='grc' dir='ltr'>ἑπόμενος</span> <span class='ocrx_word' id='word_1_39' title='bbox 920 568 1002 608; x_wconf 83' lang='grc' dir='ltr'>τοῖς</span> <span class='ocrx_word' id='word_1_40' title='bbox 1023 566 1068 605; x_wconf 77' lang='grc' dir='ltr'>ἐν</span> <span class='ocrx_word' id='word_1_41' title='bbox 1089 564 1333 616; x_wconf 79' lang='grc' dir='ltr'>Παζουκῶμῃ</span> <span class='ocrx_word' id='word_1_42' title='bbox 1362 565 1632 615; x_wconf 83' lang='grc' dir='ltr'>συνηλυθόσιν</span> <span class='ocrx_word' id='word_1_43' title='bbox 1653 563 1717 605; x_wconf 82' lang='grc' dir='ltr'>ἐπὶ</span> <span class='ocrx_word' id='word_1_44' title='bbox 1736 565 1803 615; x_wconf 71' lang='grc' dir='ltr'>τῆς</span> <span class='ocrx_word' id='word_1_45' title='bbox 1815 577 1841 617; x_wconf 89' lang='lat'>5</span> 
     </span>
     <span class='ocr_line' id='line_1_7' title="bbox 397 620 1804 675; baseline -0.001 -12"><span class='ocrx_word' id='word_1_46' title='bbox 397 620 627 665; x_wconf 76' lang='grc' dir='ltr'>Οὐάλεντος</span> <span class='ocrx_word' id='word_1_47' title='bbox 654 621 880 673; x_wconf 83' lang='grc' dir='ltr'>βασιλείας,</span> <span class='ocrx_word' id='word_1_48' title='bbox 909 621 1018 673; x_wconf 74' lang='grc' dir='ltr'>ἠξίου</span> <span class='ocrx_word' id='word_1_49' title='bbox 1045 621 1126 672; x_wconf 80' lang='grc' dir='ltr'>ἅμα</span> <span class='ocrx_word' id='word_1_50' title='bbox 1148 625 1230 664; x_wconf 82' lang='grc' dir='ltr'>τοῖς</span> <span class='ocrx_word' id='word_1_51' title='bbox 1250 620 1454 665; x_wconf 82' lang='grc' dir='ltr'>Ἰουδαίοις</span> <span class='ocrx_word' id='word_1_52' title='bbox 1477 621 1549 672; x_wconf 81' lang='grc' dir='ltr'>τὴν</span> <span class='ocrx_word' id='word_1_53' title='bbox 1568 623 1637 662; x_wconf 87' lang='grc' dir='ltr'>τοῦ</span> <span class='ocrx_word' id='word_1_54' title='bbox 1662 620 1804 675; x_wconf 84' lang='grc' dir='ltr'>πάσχα</span> 
     </span>
     <span class='ocr_line' id='line_1_8' title="bbox 398 677 1804 735; baseline 0 -16"><span class='ocrx_word' id='word_1_55' title='bbox 398 678 538 732; x_wconf 76' lang='grc' dir='ltr'>ἑορτὴν</span> <span class='ocrx_word' id='word_1_56' title='bbox 555 679 766 719; x_wconf 63' lang='grc' dir='ltr'>ἐπιτελεῖν</span> <span class='ocrx_word' id='word_1_57' title='bbox 796 679 976 721; x_wconf 78' lang='grc' dir='ltr'>ἀποστὰς</span> <span class='ocrx_word' id='word_1_58' title='bbox 992 680 1034 720; x_wconf 78' lang='grc' dir='ltr'>δὲ</span> <span class='ocrx_word' id='word_1_59' title='bbox 1050 681 1116 730; x_wconf 82' lang='grc' dir='ltr'>τῆς</span> <span class='ocrx_word' id='word_1_60' title='bbox 1129 679 1369 730; x_wconf 84' lang='grc' dir='ltr'>Ἐκκλησίας</span> <span class='ocrx_word' id='word_1_61' title='bbox 1387 677 1647 735; x_wconf 81' lang='lat' dir='ltr'>[designatur</span> <span class='ocrx_word' id='word_1_62' title='bbox 1663 677 1804 720; x_wconf 79' lang='lat' dir='ltr'>Eccle-</span> 
     </span>
     <span class='ocr_line' id='line_1_9' title="bbox 397 735 1806 790; baseline 0 -14"><span class='ocrx_word' id='word_1_63' title='bbox 397 735 458 777; x_wconf 86' lang='lat' dir='ltr'>sia</span> <span class='ocrx_word' id='word_1_64' title='bbox 480 735 711 790; x_wconf 81' lang='lat' dir='ltr'>catholica]</span> <span class='ocrx_word' id='word_1_65' title='bbox 736 737 785 776; x_wconf 80' lang='grc' dir='ltr'>τὰ</span> <span class='ocrx_word' id='word_1_66' title='bbox 811 736 887 787; x_wconf 80' lang='grc' dir='ltr'>μὲν</span> <span class='ocrx_word' id='word_1_67' title='bbox 913 739 1060 788; x_wconf 83' lang='grc' dir='ltr'>πρῶτα,</span> <span class='ocrx_word' id='word_1_68' title='bbox 1087 739 1141 788; x_wconf 87' lang='grc' dir='ltr'>πῆ</span> <span class='ocrx_word' id='word_1_69' title='bbox 1169 737 1244 788; x_wconf 83' lang='grc' dir='ltr'>μὲν</span> <span class='ocrx_word' id='word_1_70' title='bbox 1271 735 1478 788; x_wconf 77' lang='grc' dir='ltr'>ἀσκήσεως</span> <span class='ocrx_word' id='word_1_71' title='bbox 1505 736 1634 786; x_wconf 81' lang='grc' dir='ltr'>ἕνεκα,</span> <span class='ocrx_word' id='word_1_72' title='bbox 1663 735 1806 788; x_wconf 84' lang='grc' dir='ltr'>ἄριστα</span> 
     </span>
     <span class='ocr_line' id='line_1_10' title="bbox 397 791 1805 846; baseline 0.001 -13"><span class='ocrx_word' id='word_1_73' title='bbox 397 795 474 846; x_wconf 77' lang='grc' dir='ltr'>γὰρ</span> <span class='ocrx_word' id='word_1_74' title='bbox 494 794 621 844; x_wconf 79' lang='grc' dir='ltr'>ἐβίου,</span> <span class='ocrx_word' id='word_1_75' title='bbox 649 795 702 844; x_wconf 75' lang='grc' dir='ltr'>πῆ</span> <span class='ocrx_word' id='word_1_76' title='bbox 730 791 773 834; x_wconf 87' lang='grc' dir='ltr'>δέ</span> <span class='ocrx_word' id='word_1_77' title='bbox 795 809 905 836; x_wconf 89' lang='grc' dir='ltr'>τινας</span> <span class='ocrx_word' id='word_1_78' title='bbox 927 794 1114 836; x_wconf 78' lang='grc' dir='ltr'>ὑπονοεῖν</span> <span class='ocrx_word' id='word_1_79' title='bbox 1142 793 1324 844; x_wconf 71' lang='grc' dir='ltr'>ἀναξίους</span> <span class='ocrx_word' id='word_1_80' title='bbox 1351 794 1555 837; x_wconf 84' lang='grc' dir='ltr'>κοινωνίας</span> <span class='ocrx_word' id='word_1_81' title='bbox 1580 794 1805 846; x_wconf 77' lang='grc' dir='ltr'>μυστηρίων</span> 
     </span>
     <span class='ocr_line' id='line_1_11' title="bbox 397 850 1871 903; baseline -0.001 -11"><span class='ocrx_word' id='word_1_82' title='bbox 397 850 628 901; x_wconf 77' lang='grc' dir='ltr'>ἐσκήπτετο·</span> <span class='ocrx_word' id='word_1_83' title='bbox 661 850 712 893; x_wconf 74' lang='grc' dir='ltr'>ὡς</span> <span class='ocrx_word' id='word_1_84' title='bbox 734 851 776 891; x_wconf 82' lang='grc' dir='ltr'>δὲ</span> <span class='ocrx_word' id='word_1_85' title='bbox 797 851 977 903; x_wconf 77' lang='grc' dir='ltr'>ἐγεγόνει</span> <span class='ocrx_word' id='word_1_86' title='bbox 997 853 1115 902; x_wconf 85' lang='grc' dir='ltr'>δῆλος</span> <span class='ocrx_word' id='word_1_87' title='bbox 1136 851 1384 903; x_wconf 81' lang='grc' dir='ltr'>νεωτερίζων,</span> <span class='ocrx_word' id='word_1_88' title='bbox 1407 850 1482 892; x_wconf 81' lang='lat' dir='ltr'>&amp;c.</span> <span class='ocrx_word' id='word_1_89' title='bbox 1821 865 1871 890; x_wconf 88' lang='lat'>10</span> 
     </span>
    </p>

    <p class='ocr_par' dir='ltr' id='par_1_3' title="bbox 398 907 1871 1253">
     <span class='ocr_line' id='line_1_12' title="bbox 456 907 1799 962; baseline 0.002 -14"><span class='ocrx_word' id='word_1_90' title='bbox 456 907 504 948; x_wconf 90' lang='lat' dir='ltr'>P.</span> <span class='ocrx_word' id='word_1_91' title='bbox 526 908 626 962; x_wconf 82' lang='lat'><strong>369.</strong></span> <span class='ocrx_word' id='word_1_92' title='bbox 648 907 676 948; x_wconf 91' lang='lat' dir='ltr'>l.</span> <span class='ocrx_word' id='word_1_93' title='bbox 698 921 741 960; x_wconf 87' lang='lat'>4.</span> <span class='ocrx_word' id='word_1_94' title='bbox 772 908 1046 951; x_wconf 80' lang='grc' dir='ltr'>Ναυατιανοὺς</span> <span class='ocrx_word' id='word_1_95' title='bbox 1065 908 1154 951; x_wconf 77' lang='grc' dir='ltr'>τοὺς</span> <span class='ocrx_word' id='word_1_96' title='bbox 1176 907 1373 961; x_wconf 82' lang='grc' dir='ltr'>λέγοντας</span> <span class='ocrx_word' id='word_1_97' title='bbox 1397 907 1557 951; x_wconf 80' lang='grc' dir='ltr'>ἑαυτοὺς</span> <span class='ocrx_word' id='word_1_98' title='bbox 1577 907 1799 962; x_wconf 80' lang='grc' dir='ltr'>Καθαροὺς]</span> 
     </span>
     <span class='ocr_line' id='line_1_13' title="bbox 399 964 1807 1019; baseline 0 -13"><span class='ocrx_word' id='word_1_99' title='bbox 399 965 501 1017; x_wconf 80' lang='grc' dir='ltr'>Περὶ</span> <span class='ocrx_word' id='word_1_100' title='bbox 536 968 614 1006; x_wconf 85' lang='grc' dir='ltr'>τῶν</span> <span class='ocrx_word' id='word_1_101' title='bbox 654 965 927 1016; x_wconf 80' lang='grc' dir='ltr'>ὀνομαζόντων</span> <span class='ocrx_word' id='word_1_102' title='bbox 961 965 1122 1009; x_wconf 78' lang='grc' dir='ltr'>ἑαυτοὺς</span> <span class='ocrx_word' id='word_1_103' title='bbox 1158 966 1358 1019; x_wconf 83' lang='grc' dir='ltr'>Καθαρούς</span> <span class='ocrx_word' id='word_1_104' title='bbox 1396 982 1506 1014; x_wconf 87' lang='grc' dir='ltr'>ποτε,</span> <span class='ocrx_word' id='word_1_105' title='bbox 1542 964 1703 1006; x_wconf 88' lang='lat' dir='ltr'>initium</span> <span class='ocrx_word' id='word_1_106' title='bbox 1743 970 1807 1007; x_wconf 86' lang='lat' dir='ltr'>est</span> 
     </span>
     <span class='ocr_line' id='line_1_14' title="bbox 400 1021 1805 1080; baseline 0 -16"><span class='ocrx_word' id='word_1_107' title='bbox 400 1021 579 1065; x_wconf 85' lang='lat' dir='ltr'>Canonis</span> <span class='ocrx_word' id='word_1_108' title='bbox 605 1036 682 1063; x_wconf 82' lang='lat' dir='ltr'>vm</span> <span class='ocrx_word' id='word_1_109' title='bbox 713 1022 883 1064; x_wconf 90' lang='lat' dir='ltr'>Concilii</span> <span class='ocrx_word' id='word_1_110' title='bbox 914 1021 1096 1064; x_wconf 86' lang='lat' dir='ltr'>Nicaeni.</span> <span class='ocrx_word' id='word_1_111' title='bbox 1167 1022 1426 1080; x_wconf 82' lang='lat' dir='ltr'>Augustinus</span> <span class='ocrx_word' id='word_1_112' title='bbox 1456 1023 1509 1065; x_wconf 86' lang='lat' dir='ltr'>de</span> <span class='ocrx_word' id='word_1_113' title='bbox 1538 1021 1805 1072; x_wconf 84' lang='lat' dir='ltr'>Haeresibus,</span> 
     </span>
     <span class='ocr_line' id='line_1_15' title="bbox 398 1079 1806 1137; baseline -0.001 -15"><span class='ocrx_word' id='word_1_114' title='bbox 398 1094 488 1136; x_wconf 89' lang='lat' dir='ltr'>cap.</span> <span class='ocrx_word' id='word_1_115' title='bbox 510 1080 580 1135; x_wconf 76' lang='lat'>38.</span> <span class='ocrx_word' id='word_1_116' title='bbox 612 1083 624 1102; x_wconf 90' lang='lat'>‘</span> <span class='ocrx_word' id='word_1_117' title='bbox 640 1079 825 1128; x_wconf 86' lang='lat' dir='ltr'>Cathari,</span> <span class='ocrx_word' id='word_1_118' title='bbox 861 1079 932 1136; x_wconf 88' lang='lat' dir='ltr'>qui</span> <span class='ocrx_word' id='word_1_119' title='bbox 966 1080 1121 1137; x_wconf 87' lang='lat' dir='ltr'>seipsos</span> <span class='ocrx_word' id='word_1_120' title='bbox 1155 1079 1234 1122; x_wconf 89' lang='lat' dir='ltr'>isto</span> <span class='ocrx_word' id='word_1_121' title='bbox 1270 1080 1447 1130; x_wconf 85' lang='lat' dir='ltr'>nomine,</span> <span class='ocrx_word' id='word_1_122' title='bbox 1481 1080 1598 1136; x_wconf 80' lang='lat' dir='ltr'>quasi</span> <span class='ocrx_word' id='word_1_123' title='bbox 1633 1085 1806 1137; x_wconf 86' lang='lat' dir='ltr'>propter</span> 
     </span>
     <span class='ocr_line' id='line_1_16' title="bbox 399 1137 1871 1194; baseline -0.001 -16"><span class='ocrx_word' id='word_1_124' title='bbox 399 1144 410 1161; x_wconf 90' lang='lat'>‘</span> <span class='ocrx_word' id='word_1_125' title='bbox 428 1137 675 1179; x_wconf 83' lang='lat' dir='ltr'>mundiciam</span> <span class='ocrx_word' id='word_1_126' title='bbox 709 1137 999 1194; x_wconf 85' lang='lat' dir='ltr'>superbissime</span> <span class='ocrx_word' id='word_1_127' title='bbox 1036 1143 1162 1194; x_wconf 88' lang='lat' dir='ltr'>atque</span> <span class='ocrx_word' id='word_1_128' title='bbox 1197 1138 1447 1180; x_wconf 83' lang='lat' dir='ltr'>odiosissime</span> <span class='ocrx_word' id='word_1_129' title='bbox 1482 1137 1708 1186; x_wconf 85' lang='lat' dir='ltr'>nominant,</span> <span class='ocrx_word' id='word_1_130' title='bbox 1745 1152 1806 1179; x_wconf 84' lang='lat' dir='ltr'>se·</span> <span class='ocrx_word' id='word_1_131' title='bbox 1823 1149 1871 1188; x_wconf 92' lang='lat'>15</span> 
     </span>
     <span class='ocr_line' id='line_1_17' title="bbox 399 1195 1807 1253; baseline 0.001 -17"><span class='ocrx_word' id='word_1_132' title='bbox 399 1203 409 1218; x_wconf 78' lang='lat'>⁴</span> <span class='ocrx_word' id='word_1_133' title='bbox 427 1195 583 1237; x_wconf 83' lang='lat' dir='ltr'>cundas</span> <span class='ocrx_word' id='word_1_134' title='bbox 608 1195 774 1251; x_wconf 81' lang='lat' dir='ltr'>nuptias</span> <span class='ocrx_word' id='word_1_135' title='bbox 798 1210 880 1236; x_wconf 90' lang='lat' dir='ltr'>non</span> <span class='ocrx_word' id='word_1_136' title='bbox 903 1195 1140 1245; x_wconf 86' lang='lat' dir='ltr'>admittunt,</span> <span class='ocrx_word' id='word_1_137' title='bbox 1161 1195 1455 1252; x_wconf 82' lang='lat' dir='ltr'>poenitentiam</span> <span class='ocrx_word' id='word_1_138' title='bbox 1478 1196 1701 1253; x_wconf 88' lang='lat' dir='ltr'>denegant,</span> <span class='ocrx_word' id='word_1_139' title='bbox 1721 1195 1807 1237; x_wconf 91' lang='lat' dir='ltr'>No-</span> 
     </span>
    </p>

    <p class='ocr_par' dir='ltr' id='par_1_4' title="bbox 399 1253 1808 1367">
     <span class='ocr_line' id='line_1_18' title="bbox 399 1253 1808 1310; baseline 0.001 -16"><span class='ocrx_word' id='word_1_140' title='bbox 399 1259 409 1276; x_wconf 92' lang='lat'>‘</span> <span class='ocrx_word' id='word_1_141' title='bbox 428 1259 567 1295; x_wconf 88' lang='lat' dir='ltr'>vatum</span> <span class='ocrx_word' id='word_1_142' title='bbox 595 1258 800 1295; x_wconf 89' lang='lat' dir='ltr'>sectantes</span> <span class='ocrx_word' id='word_1_143' title='bbox 826 1253 1080 1295; x_wconf 85' lang='lat' dir='ltr'>haereticum</span> <span class='ocrx_word' id='word_1_144' title='bbox 1094 1268 1105 1303; x_wconf 93' lang='grc'>;</span> <span class='ocrx_word' id='word_1_145' title='bbox 1136 1253 1245 1295; x_wconf 91' lang='lat' dir='ltr'>unde</span> <span class='ocrx_word' id='word_1_146' title='bbox 1273 1254 1397 1296; x_wconf 85' lang='lat' dir='ltr'>etiam</span> <span class='ocrx_word' id='word_1_147' title='bbox 1418 1253 1639 1296; x_wconf 83' lang='lat' dir='ltr'>Novatiani</span> <span class='ocrx_word' id='word_1_148' title='bbox 1666 1253 1808 1310; x_wconf 80' lang='lat' dir='ltr'>appel-</span> 
     </span>
     <span class='ocr_line' id='line_1_19' title="bbox 400 1310 1028 1367; baseline 0 -15"><span class='ocrx_word' id='word_1_149' title='bbox 400 1318 411 1334; x_wconf 90' lang='lat'>‘</span> <span class='ocrx_word' id='word_1_150' title='bbox 428 1310 594 1352; x_wconf 88' lang='lat' dir='ltr'>lantur.’</span> <span class='ocrx_word' id='word_1_151' title='bbox 624 1325 664 1367; x_wconf 94' lang='lat' dir='ltr'>p.</span> <span class='ocrx_word' id='word_1_152' title='bbox 692 1324 771 1367; x_wconf 81' lang='lat'>¹94</span> <span class='ocrx_word' id='word_1_153' title='bbox 790 1310 888 1353; x_wconf 88' lang='lat' dir='ltr'>edit.</span> <span class='ocrx_word' id='word_1_154' title='bbox 908 1311 1028 1354; x_wconf 85' lang='lat' dir='ltr'>Cant.</span> 
     </span>
    </p>

    <p class='ocr_par' dir='ltr' id='par_1_5' title="bbox 399 1367 1880 2635">
     <span class='ocr_line' id='line_1_20' title="bbox 459 1367 1808 1426; baseline 0.001 -17"><span class='ocrx_word' id='word_1_155' title='bbox 459 1367 565 1410; x_wconf 87' lang='lat' dir='ltr'>Ibid.</span> <span class='ocrx_word' id='word_1_156' title='bbox 586 1367 612 1409; x_wconf 94' lang='lat' dir='ltr'>l.</span> <span class='ocrx_word' id='word_1_157' title='bbox 635 1381 674 1423; x_wconf 85' lang='lat'>5.</span> <span class='ocrx_word' id='word_1_158' title='bbox 703 1370 766 1410; x_wconf 84' lang='grc' dir='ltr'>καὶ</span> <span class='ocrx_word' id='word_1_159' title='bbox 787 1367 1087 1425; x_wconf 84' lang='grc' dir='ltr'>καθερωτέρους]</span> <span class='ocrx_word' id='word_1_160' title='bbox 1115 1369 1254 1426; x_wconf 84' lang='lat' dir='ltr'>Vulgo</span> <span class='ocrx_word' id='word_1_161' title='bbox 1279 1368 1523 1422; x_wconf 85' lang='grc' dir='ltr'>ἆριστέρους,</span> <span class='ocrx_word' id='word_1_162' title='bbox 1552 1368 1808 1424; x_wconf 77' lang='lat' dir='ltr'>eandemque</span> 
     </span>
     <span class='ocr_line' id='line_1_21' title="bbox 401 1425 1874 1484; baseline 0.001 -18"><span class='ocrx_word' id='word_1_163' title='bbox 401 1440 540 1467; x_wconf 82' lang='lat' dir='ltr'>vocem</span> <span class='ocrx_word' id='word_1_164' title='bbox 564 1426 620 1467; x_wconf 88' lang='lat' dir='ltr'>ab</span> <span class='ocrx_word' id='word_1_165' title='bbox 642 1425 830 1467; x_wconf 87' lang='lat' dir='ltr'>omnibus</span> <span class='ocrx_word' id='word_1_166' title='bbox 849 1426 1014 1482; x_wconf 86' lang='lat' dir='ltr'>quidem</span> <span class='ocrx_word' id='word_1_167' title='bbox 1046 1433 1269 1484; x_wconf 84' lang='lat' dir='ltr'>receptam,</span> <span class='ocrx_word' id='word_1_168' title='bbox 1290 1433 1333 1469; x_wconf 88' lang='lat' dir='ltr'>et</span> <span class='ocrx_word' id='word_1_169' title='bbox 1359 1426 1402 1468; x_wconf 92' lang='lat' dir='ltr'>in</span> <span class='ocrx_word' id='word_1_170' title='bbox 1429 1426 1617 1468; x_wconf 90' lang='lat' dir='ltr'>omnibus</span> <span class='ocrx_word' id='word_1_171' title='bbox 1646 1425 1808 1482; x_wconf 85' lang='lat' dir='ltr'>scriptis</span> <span class='ocrx_word' id='word_1_172' title='bbox 1823 1437 1874 1463; x_wconf 84' lang='lat'>20</span> 
     </span>
     <span class='ocr_line' id='line_1_22' title="bbox 400 1482 1808 1536; baseline 0 -11"><span class='ocrx_word' id='word_1_173' title='bbox 400 1482 638 1526; x_wconf 86' lang='lat' dir='ltr'>Bodleianis</span> <span class='ocrx_word' id='word_1_174' title='bbox 670 1489 915 1536; x_wconf 62' lang='lat' dir='ltr'>exstantem.</span> <span class='ocrx_word' id='word_1_175' title='bbox 949 1484 1076 1527; x_wconf 87' lang='lat' dir='ltr'>habet</span> <span class='ocrx_word' id='word_1_176' title='bbox 1109 1485 1233 1527; x_wconf 84' lang='lat' dir='ltr'>etiam</span> <span class='ocrx_word' id='word_1_177' title='bbox 1266 1485 1410 1527; x_wconf 87' lang='lat' dir='ltr'>Canon</span> <span class='ocrx_word' id='word_1_178' title='bbox 1442 1484 1664 1526; x_wconf 83' lang='lat' dir='ltr'>Trullanus</span> <span class='ocrx_word' id='word_1_179' title='bbox 1694 1497 1808 1535; x_wconf 80' lang='lat' dir='ltr'>xow,</span> 
     </span>
     <span class='ocr_line' id='line_1_23' title="bbox 399 1540 1810 1597; baseline 0 -15"><span class='ocrx_word' id='word_1_180' title='bbox 399 1556 490 1583; x_wconf 88' lang='lat' dir='ltr'>eam</span> <span class='ocrx_word' id='word_1_181' title='bbox 520 1540 578 1583; x_wconf 91' lang='lat' dir='ltr'>sic</span> <span class='ocrx_word' id='word_1_182' title='bbox 607 1540 910 1597; x_wconf 86' lang='lat' dir='ltr'>interpretante</span> <span class='ocrx_word' id='word_1_183' title='bbox 939 1542 1195 1592; x_wconf 83' lang='lat' dir='ltr'>Balsamone,</span> <span class='ocrx_word' id='word_1_184' title='bbox 1229 1545 1444 1584; x_wconf 84' lang='grc' dir='ltr'>καλοῦνται</span> <span class='ocrx_word' id='word_1_185' title='bbox 1470 1544 1512 1584; x_wconf 84' lang='grc' dir='ltr'>δὲ</span> <span class='ocrx_word' id='word_1_186' title='bbox 1541 1543 1578 1583; x_wconf 85' lang='grc' dir='ltr'>οἱ</span> <span class='ocrx_word' id='word_1_187' title='bbox 1605 1541 1716 1583; x_wconf 81' lang='grc' dir='ltr'>αὐτοὶ</span> <span class='ocrx_word' id='word_1_188' title='bbox 1746 1541 1810 1583; x_wconf 88' lang='grc' dir='ltr'>καὶ</span> 
     </span>
     <span class='ocr_line' id='line_1_24' title="bbox 400 1597 1810 1654; baseline 0.001 -14"><span class='ocrx_word' id='word_1_189' title='bbox 400 1597 611 1652; x_wconf 83' lang='grc' dir='ltr'>ἆριστέροι,</span> <span class='ocrx_word' id='word_1_190' title='bbox 639 1599 690 1642; x_wconf 84' lang='grc' dir='ltr'>ὣς</span> <span class='ocrx_word' id='word_1_191' title='bbox 713 1598 785 1650; x_wconf 83' lang='grc' dir='ltr'>τὴν</span> <span class='ocrx_word' id='word_1_192' title='bbox 813 1598 1024 1652; x_wconf 85' lang='grc' dir='ltr'>ἇριστέραν</span> <span class='ocrx_word' id='word_1_193' title='bbox 1050 1604 1167 1654; x_wconf 83' lang='grc' dir='ltr'>χεῖρα</span> <span class='ocrx_word' id='word_1_194' title='bbox 1195 1601 1517 1652; x_wconf 83' lang='grc' dir='ltr'>βδελυττόμενοι,</span> <span class='ocrx_word' id='word_1_195' title='bbox 1548 1599 1611 1641; x_wconf 88' lang='grc' dir='ltr'>καὶ</span> <span class='ocrx_word' id='word_1_196' title='bbox 1639 1598 1692 1651; x_wconf 73' lang='grc' dir='ltr'>μὴ</span> <span class='ocrx_word' id='word_1_197' title='bbox 1719 1599 1810 1641; x_wconf 85' lang='grc' dir='ltr'>ἆνε-</span> 
     </span>
     <span class='ocr_line' id='line_1_25' title="bbox 401 1656 1811 1713; baseline 0.001 -16"><span class='ocrx_word' id='word_1_198' title='bbox 401 1658 566 1710; x_wconf 90' lang='grc' dir='ltr'>χόμενοι</span> <span class='ocrx_word' id='word_1_199' title='bbox 594 1658 642 1697; x_wconf 82' lang='grc' dir='ltr'>δι’</span> <span class='ocrx_word' id='word_1_200' title='bbox 664 1656 783 1697; x_wconf 83' lang='grc' dir='ltr'>αὐτοῦ</span> <span class='ocrx_word' id='word_1_201' title='bbox 808 1656 854 1697; x_wconf 85' lang='grc' dir='ltr'>τὸ</span> <span class='ocrx_word' id='word_1_202' title='bbox 882 1658 1014 1698; x_wconf 83' lang='grc' dir='ltr'>ὁτιοῦν</span> <span class='ocrx_word' id='word_1_203' title='bbox 1041 1657 1322 1712; x_wconf 81' lang='grc' dir='ltr'>ὑποδέχεσθαι.</span> <span class='ocrx_word' id='word_1_204' title='bbox 1386 1657 1583 1700; x_wconf 74' lang='lat' dir='ltr'>Similiter</span> <span class='ocrx_word' id='word_1_205' title='bbox 1605 1656 1811 1713; x_wconf 82' lang='lat' dir='ltr'>interpre-</span> 
     </span>
     <span class='ocr_line' id='line_1_26' title="bbox 402 1713 1874 1771; baseline -0.001 -15"><span class='ocrx_word' id='word_1_206' title='bbox 402 1720 516 1756; x_wconf 88' lang='lat' dir='ltr'>tatur</span> <span class='ocrx_word' id='word_1_207' title='bbox 538 1713 872 1769; x_wconf 80' lang='lat' dir='ltr'>Har-menopulus</span> <span class='ocrx_word' id='word_1_208' title='bbox 893 1714 945 1756; x_wconf 92' lang='lat' dir='ltr'>dc</span> <span class='ocrx_word' id='word_1_209' title='bbox 968 1714 1112 1764; x_wconf 80' lang='lat' dir='ltr'>Sectis,</span> <span class='ocrx_word' id='word_1_210' title='bbox 1134 1721 1234 1757; x_wconf 88' lang='lat' dir='ltr'>sect.</span> <span class='ocrx_word' id='word_1_211' title='bbox 1252 1729 1322 1756; x_wconf 82' lang='lat' dir='ltr'>xv.</span> <span class='ocrx_word' id='word_1_212' title='bbox 1377 1714 1460 1757; x_wconf 87' lang='lat' dir='ltr'>Sed</span> <span class='ocrx_word' id='word_1_213' title='bbox 1481 1714 1540 1756; x_wconf 83' lang='lat' dir='ltr'>ait</span> <span class='ocrx_word' id='word_1_214' title='bbox 1557 1713 1810 1771; x_wconf 84' lang='lat' dir='ltr'>Reveregius</span> <span class='ocrx_word' id='word_1_215' title='bbox 1825 1724 1874 1764; x_wconf 84' lang='lat'>25</span> 
     </span>
     <span class='ocr_line' id='line_1_27' title="bbox 403 1770 1809 1827; baseline 0.001 -15"><span class='ocrx_word' id='word_1_216' title='bbox 403 1770 589 1827; x_wconf 87' lang='lat' dir='ltr'>nuspiam</span> <span class='ocrx_word' id='word_1_217' title='bbox 626 1770 723 1827; x_wconf 86' lang='lat' dir='ltr'>legi,</span> <span class='ocrx_word' id='word_1_218' title='bbox 754 1771 1009 1815; x_wconf 86' lang='lat' dir='ltr'>Novatianos</span> <span class='ocrx_word' id='word_1_219' title='bbox 1041 1787 1085 1814; x_wconf 91' lang='lat' dir='ltr'>se</span> <span class='ocrx_word' id='word_1_220' title='bbox 1117 1772 1357 1826; x_wconf 84' lang='grc' dir='ltr'>ἀριστέρους,</span> <span class='ocrx_word' id='word_1_221' title='bbox 1388 1773 1600 1820; x_wconf 68' lang='lat' dir='ltr'>sinistros.</span> <span class='ocrx_word' id='word_1_222' title='bbox 1632 1786 1809 1814; x_wconf 81' lang='lat' dir='ltr'>vocasse.</span> 
     </span>
     <span class='ocr_line' id='line_1_28' title="bbox 405 1828 1812 1886; baseline 0.001 -17"><span class='ocrx_word' id='word_1_223' title='bbox 405 1830 536 1870; x_wconf 83' lang='lat' dir='ltr'>Porro</span> <span class='ocrx_word' id='word_1_224' title='bbox 568 1828 752 1870; x_wconf 78' lang='lat' dir='ltr'>Zonaras</span> <span class='ocrx_word' id='word_1_225' title='bbox 780 1828 888 1871; x_wconf 85' lang='lat' dir='ltr'>alter</span> <span class='ocrx_word' id='word_1_226' title='bbox 920 1830 1104 1872; x_wconf 81' lang='lat' dir='ltr'>Graecus</span> <span class='ocrx_word' id='word_1_227' title='bbox 1136 1830 1350 1886; x_wconf 85' lang='lat' dir='ltr'>Interpres</span> <span class='ocrx_word' id='word_1_228' title='bbox 1381 1829 1571 1886; x_wconf 86' lang='lat' dir='ltr'>neglecta</span> <span class='ocrx_word' id='word_1_229' title='bbox 1604 1829 1682 1872; x_wconf 82' lang='lat' dir='ltr'>hac</span> <span class='ocrx_word' id='word_1_230' title='bbox 1712 1844 1812 1872; x_wconf 81' lang='lat' dir='ltr'>voce</span> 
     </span>
     <span class='ocr_line' id='line_1_29' title="bbox 404 1886 1813 1943; baseline 0.001 -15"><span class='ocrx_word' id='word_1_231' title='bbox 404 1886 482 1929; x_wconf 86' lang='lat' dir='ltr'>hoc</span> <span class='ocrx_word' id='word_1_232' title='bbox 514 1893 674 1928; x_wconf 84' lang='lat' dir='ltr'>tantum</span> <span class='ocrx_word' id='word_1_233' title='bbox 707 1886 965 1943; x_wconf 68' lang='lat' dir='ltr'>posuit—mi</span> <span class='ocrx_word' id='word_1_234' title='bbox 990 1889 1237 1930; x_wconf 88' lang='grc' dir='ltr'>Ναυατιανοὶ</span> <span class='ocrx_word' id='word_1_235' title='bbox 1257 1889 1295 1930; x_wconf 77' lang='grc' dir='ltr'>οἱ</span> <span class='ocrx_word' id='word_1_236' title='bbox 1316 1888 1476 1932; x_wconf 79' lang='grc' dir='ltr'>ἑαυτοὺς</span> <span class='ocrx_word' id='word_1_237' title='bbox 1504 1887 1696 1940; x_wconf 80' lang='grc' dir='ltr'>καθαροὺς</span> <span class='ocrx_word' id='word_1_238' title='bbox 1723 1888 1813 1929; x_wconf 84' lang='grc' dir='ltr'>ὀνο-</span> 
     </span>
     <span class='ocr_line' id='line_1_30' title="bbox 403 1944 1811 1998; baseline 0.001 -13"><span class='ocrx_word' id='word_1_239' title='bbox 403 1944 607 1995; x_wconf 78' lang='grc' dir='ltr'>μάζοντες,</span> <span class='ocrx_word' id='word_1_240' title='bbox 629 1945 685 1985; x_wconf 85' lang='grc' dir='ltr'>ὧν</span> <span class='ocrx_word' id='word_1_241' title='bbox 705 1946 773 1988; x_wconf 75' lang='grc' dir='ltr'>τὰς</span> <span class='ocrx_word' id='word_1_242' title='bbox 794 1944 964 1998; x_wconf 80' lang='grc' dir='ltr'>αἱρέσεις</span> <span class='ocrx_word' id='word_1_243' title='bbox 988 1946 1385 1998; x_wconf 85' lang='grc' dir='ltr'>παραδεδηλῶκαμεν.</span> <span class='ocrx_word' id='word_1_244' title='bbox 1445 1945 1473 1988; x_wconf 84' lang='lat' dir='ltr'>J</span> <span class='ocrx_word' id='word_1_245' title='bbox 1479 1945 1646 1987; x_wconf 82' lang='lat' dir='ltr'>ustellus</span> <span class='ocrx_word' id='word_1_246' title='bbox 1671 1950 1811 1988; x_wconf 81' lang='lat' dir='ltr'>autem</span> 
     </span>
     <span class='ocr_line' id='line_1_31' title="bbox 404 2001 1878 2058; baseline 0.002 -16"><span class='ocrx_word' id='word_1_247' title='bbox 404 2002 458 2043; x_wconf 84' lang='lat' dir='ltr'>ad</span> <span class='ocrx_word' id='word_1_248' title='bbox 489 2016 604 2043; x_wconf 85' lang='lat' dir='ltr'>oram</span> <span class='ocrx_word' id='word_1_249' title='bbox 634 2001 795 2044; x_wconf 86' lang='lat' dir='ltr'>Codicis</span> <span class='ocrx_word' id='word_1_250' title='bbox 825 2017 945 2058; x_wconf 89' lang='lat' dir='ltr'>quem</span> <span class='ocrx_word' id='word_1_251' title='bbox 979 2008 1097 2045; x_wconf 84' lang='lat' dir='ltr'>vocat</span> <span class='ocrx_word' id='word_1_252' title='bbox 1125 2003 1333 2045; x_wconf 79' lang='lat' dir='ltr'>Ecclesiae</span> <span class='ocrx_word' id='word_1_253' title='bbox 1362 2002 1604 2052; x_wconf 83' lang='lat' dir='ltr'>Universae,</span> <span class='ocrx_word' id='word_1_254' title='bbox 1632 2008 1679 2045; x_wconf 91' lang='lat' dir='ltr'>ut</span> <span class='ocrx_word' id='word_1_255' title='bbox 1706 2001 1812 2045; x_wconf 84' lang='lat' dir='ltr'>vari·</span> <span class='ocrx_word' id='word_1_256' title='bbox 1825 2014 1878 2051; x_wconf 89' lang='lat'>30</span> 
     </span>
     <span class='ocr_line' id='line_1_32' title="bbox 405 2058 1813 2117; baseline 0.002 -17"><span class='ocrx_word' id='word_1_257' title='bbox 405 2066 544 2101; x_wconf 81' lang='lat' dir='ltr'>antem</span> <span class='ocrx_word' id='word_1_258' title='bbox 572 2058 786 2101; x_wconf 84' lang='lat' dir='ltr'>lectionem</span> <span class='ocrx_word' id='word_1_259' title='bbox 811 2059 966 2102; x_wconf 85' lang='lat' dir='ltr'>adlevit</span> <span class='ocrx_word' id='word_1_260' title='bbox 986 2061 1182 2113; x_wconf 83' lang='grc' dir='ltr'>ἀρίστους.</span> <span class='ocrx_word' id='word_1_261' title='bbox 1243 2063 1458 2103; x_wconf 84' lang='lat' dir='ltr'>Annotant</span> <span class='ocrx_word' id='word_1_262' title='bbox 1477 2075 1641 2117; x_wconf 88' lang='lat' dir='ltr'>quoque</span> <span class='ocrx_word' id='word_1_263' title='bbox 1663 2060 1813 2104; x_wconf 86' lang='lat' dir='ltr'>Gracci</span> 
     </span>
     <span class='ocr_line' id='line_1_33' title="bbox 405 2116 1813 2175; baseline 0.001 -17"><span class='ocrx_word' id='word_1_264' title='bbox 405 2117 459 2159; x_wconf 85' lang='lat' dir='ltr'>ad</span> <span class='ocrx_word' id='word_1_265' title='bbox 482 2116 693 2159; x_wconf 83' lang='lat' dir='ltr'>Pedalium</span> <span class='ocrx_word' id='word_1_266' title='bbox 715 2132 847 2166; x_wconf 86' lang='lat' dir='ltr'>suum,</span> <span class='ocrx_word' id='word_1_267' title='bbox 869 2119 911 2160; x_wconf 76' lang='grc' dir='ltr'>ἐν</span> <span class='ocrx_word' id='word_1_268' title='bbox 930 2119 1071 2162; x_wconf 81' lang='grc' dir='ltr'>ἄλλοις</span> <span class='ocrx_word' id='word_1_269' title='bbox 1092 2121 1215 2159; x_wconf 87' lang='grc' dir='ltr'>κεῖται</span> <span class='ocrx_word' id='word_1_270' title='bbox 1236 2119 1431 2171; x_wconf 82' lang='grc' dir='ltr'>ἀρίστους.</span> <span class='ocrx_word' id='word_1_271' title='bbox 1478 2118 1813 2175; x_wconf 83' lang='lat' dir='ltr'>Bevercgiusque</span> 
     </span>
     <span class='ocr_line' id='line_1_34' title="bbox 406 2174 1813 2231; baseline 0.001 -15"><span class='ocrx_word' id='word_1_272' title='bbox 406 2174 476 2222; x_wconf 85' lang='lat' dir='ltr'>ait,</span> <span class='ocrx_word' id='word_1_273' title='bbox 499 2174 719 2231; x_wconf 78' lang='lat' dir='ltr'>legendum</span> <span class='ocrx_word' id='word_1_274' title='bbox 748 2175 860 2217; x_wconf 85' lang='lat' dir='ltr'>haud</span> <span class='ocrx_word' id='word_1_275' title='bbox 887 2175 1010 2217; x_wconf 84' lang='lat' dir='ltr'>dubio</span> <span class='ocrx_word' id='word_1_276' title='bbox 1036 2175 1099 2216; x_wconf 84' lang='grc' dir='ltr'>καὶ</span> <span class='ocrx_word' id='word_1_277' title='bbox 1120 2176 1315 2228; x_wconf 85' lang='grc' dir='ltr'>ἀρίστους,</span> <span class='ocrx_word' id='word_1_278' title='bbox 1340 2176 1401 2217; x_wconf 87' lang='lat' dir='ltr'>vel</span> <span class='ocrx_word' id='word_1_279' title='bbox 1429 2176 1572 2218; x_wconf 85' lang='lat' dir='ltr'>saltem</span> <span class='ocrx_word' id='word_1_280' title='bbox 1605 2176 1667 2218; x_wconf 85' lang='grc' dir='ltr'>καὶ</span> <span class='ocrx_word' id='word_1_281' title='bbox 1695 2179 1813 2218; x_wconf 87' lang='grc' dir='ltr'>καθα-</span> 
     </span>
     <span class='ocr_line' id='line_1_35' title="bbox 405 2232 1813 2289; baseline 0.001 -15"><span class='ocrx_word' id='word_1_282' title='bbox 405 2232 609 2285; x_wconf 78' lang='grc' dir='ltr'>ρωτέρους,</span> <span class='ocrx_word' id='word_1_283' title='bbox 633 2238 678 2274; x_wconf 87' lang='lat' dir='ltr'>ut</span> <span class='ocrx_word' id='word_1_284' title='bbox 702 2233 742 2273; x_wconf 88' lang='lat' dir='ltr'>in</span> <span class='ocrx_word' id='word_1_285' title='bbox 766 2232 951 2289; x_wconf 81' lang='lat' dir='ltr'>Epistola</span> <span class='ocrx_word' id='word_1_286' title='bbox 974 2233 1028 2275; x_wconf 86' lang='lat' dir='ltr'>ad</span> <span class='ocrx_word' id='word_1_287' title='bbox 1050 2233 1314 2289; x_wconf 73' lang='lat' dir='ltr'>Martyrium,</span> <span class='ocrx_word' id='word_1_288' title='bbox 1337 2248 1359 2275; x_wconf 87' lang='lat' dir='ltr'>e</span> <span class='ocrx_word' id='word_1_289' title='bbox 1380 2248 1462 2289; x_wconf 81' lang='lat' dir='ltr'>qua</span> <span class='ocrx_word' id='word_1_290' title='bbox 1490 2234 1555 2275; x_wconf 90' lang='lat' dir='ltr'>hic</span> <span class='ocrx_word' id='word_1_291' title='bbox 1578 2234 1721 2276; x_wconf 87' lang='lat' dir='ltr'>Canon</span> <span class='ocrx_word' id='word_1_292' title='bbox 1743 2233 1813 2276; x_wconf 89' lang='lat' dir='ltr'>de-</span> 
     </span>
     <span class='ocr_line' id='line_1_36' title="bbox 407 2289 1876 2347; baseline 0.001 -15"><span class='ocrx_word' id='word_1_293' title='bbox 407 2289 587 2346; x_wconf 80' lang='lat' dir='ltr'>scriptus</span> <span class='ocrx_word' id='word_1_294' title='bbox 608 2289 781 2332; x_wconf 84' lang='lat' dir='ltr'>videtur.</span> <span class='ocrx_word' id='word_1_295' title='bbox 839 2290 947 2332; x_wconf 81' lang='lat' dir='ltr'>Olim</span> <span class='ocrx_word' id='word_1_296' title='bbox 970 2290 1135 2347; x_wconf 85' lang='lat' dir='ltr'>quidem</span> <span class='ocrx_word' id='word_1_297' title='bbox 1158 2290 1347 2347; x_wconf 85' lang='lat' dir='ltr'>opinatus</span> <span class='ocrx_word' id='word_1_298' title='bbox 1367 2306 1469 2342; x_wconf 86' lang='lat' dir='ltr'>sum,</span> <span class='ocrx_word' id='word_1_299' title='bbox 1483 2290 1811 2333; x_wconf 86' lang='lat' dir='ltr'>substituendum</span> <span class='ocrx_word' id='word_1_300' title='bbox 1826 2298 1876 2338; x_wconf 85' lang='lat'>35</span> 
     </span>
     <span class='ocr_line' id='line_1_37' title="bbox 408 2347 1812 2413; baseline 0.002 -25"><span class='ocrx_word' id='word_1_301' title='bbox 408 2363 496 2388; x_wconf 83' lang='lat' dir='ltr'>esse</span> <span class='ocrx_word' id='word_1_302' title='bbox 529 2347 605 2388; x_wconf 76' lang='lat' dir='ltr'>lioc</span> <span class='ocrx_word' id='word_1_303' title='bbox 637 2347 724 2389; x_wconf 88' lang='lat' dir='ltr'>loco</span> <span class='ocrx_word' id='word_1_304' title='bbox 756 2348 818 2389; x_wconf 85' lang='grc' dir='ltr'>καὶ</span> <span class='ocrx_word' id='word_1_305' title='bbox 849 2347 1043 2401; x_wconf 79' lang='grc' dir='ltr'>ἀρίστους,</span> <span class='ocrx_word' id='word_1_306' title='bbox 1073 2363 1180 2389; x_wconf 87' lang='lat' dir='ltr'>nunc</span> <span class='ocrx_word' id='word_1_307' title='bbox 1210 2363 1306 2390; x_wconf 85' lang='lat' dir='ltr'>vcro</span> <span class='ocrx_word' id='word_1_308' title='bbox 1338 2350 1472 2413; x_wconf 85' lang='lat' dir='ltr'>potius</span> <span class='ocrx_word' id='word_1_309' title='bbox 1502 2349 1693 2391; x_wconf 82' lang='lat' dir='ltr'>standum</span> <span class='ocrx_word' id='word_1_310' title='bbox 1725 2363 1812 2391; x_wconf 87' lang='lat' dir='ltr'>esse</span> 
     </span>
     <span class='ocr_line' id='line_1_38' title="bbox 410 2404 1814 2462; baseline 0.001 -16"><span class='ocrx_word' id='word_1_311' title='bbox 410 2404 503 2446; x_wconf 78' lang='lat' dir='ltr'>fidei</span> <span class='ocrx_word' id='word_1_312' title='bbox 527 2404 720 2447; x_wconf 84' lang='lat' dir='ltr'>Codicum</span> <span class='ocrx_word' id='word_1_313' title='bbox 748 2404 952 2461; x_wconf 75' lang='lat' dir='ltr'>Epistulae</span> <span class='ocrx_word' id='word_1_314' title='bbox 980 2405 1034 2447; x_wconf 83' lang='lat' dir='ltr'>ad</span> <span class='ocrx_word' id='word_1_315' title='bbox 1056 2406 1319 2462; x_wconf 76' lang='lat' dir='ltr'>Martyrium,</span> <span class='ocrx_word' id='word_1_316' title='bbox 1342 2421 1384 2447; x_wconf 84' lang='lat' dir='ltr'>m</span> <span class='ocrx_word' id='word_1_317' title='bbox 1405 2406 1553 2462; x_wconf 87' lang='lat' dir='ltr'>quibus</span> <span class='ocrx_word' id='word_1_318' title='bbox 1583 2412 1720 2449; x_wconf 82' lang='lat' dir='ltr'>exstat</span> <span class='ocrx_word' id='word_1_319' title='bbox 1751 2406 1814 2448; x_wconf 87' lang='grc' dir='ltr'>καὶ</span> 
     </span>
     <span class='ocr_line' id='line_1_39' title="bbox 410 2461 1814 2520; baseline 0.001 -16"><span class='ocrx_word' id='word_1_320' title='bbox 410 2462 705 2516; x_wconf 80' lang='grc' dir='ltr'>καθερωτέρους,</span> <span class='ocrx_word' id='word_1_321' title='bbox 735 2461 775 2504; x_wconf 90' lang='lat' dir='ltr'>id</span> <span class='ocrx_word' id='word_1_322' title='bbox 801 2462 911 2519; x_wconf 85' lang='lat' dir='ltr'>qued</span> <span class='ocrx_word' id='word_1_323' title='bbox 939 2462 1102 2505; x_wconf 74' lang='lat' dir='ltr'>denium</span> <span class='ocrx_word' id='word_1_324' title='bbox 1135 2462 1283 2520; x_wconf 84' lang='lat' dir='ltr'>recepi.</span> <span class='ocrx_word' id='word_1_325' title='bbox 1348 2464 1508 2518; x_wconf 72' lang='lat' dir='ltr'>begere</span> <span class='ocrx_word' id='word_1_326' title='bbox 1530 2464 1615 2506; x_wconf 90' lang='lat' dir='ltr'>vult</span> <span class='ocrx_word' id='word_1_327' title='bbox 1635 2464 1814 2506; x_wconf 77' lang='lat' dir='ltr'>Johnso-</span> 
     </span>
     <span class='ocr_line' id='line_1_40' title="bbox 410 2519 1813 2578; baseline 0.001 -17"><span class='ocrx_word' id='word_1_328' title='bbox 410 2535 498 2568; x_wconf 68' lang='lat' dir='ltr'>nas.</span> <span class='ocrx_word' id='word_1_329' title='bbox 531 2519 727 2574; x_wconf 73' lang='lat' dir='ltr'>Anglicus</span> <span class='ocrx_word' id='word_1_330' title='bbox 754 2522 965 2563; x_wconf 72' lang='lat' dir='ltr'>Canonium</span> <span class='ocrx_word' id='word_1_331' title='bbox 1001 2521 1225 2577; x_wconf 74' lang='lat' dir='ltr'>interpres,</span> <span class='ocrx_word' id='word_1_332' title='bbox 1256 2522 1320 2563; x_wconf 85' lang='grc' dir='ltr'>καὶ</span> <span class='ocrx_word' id='word_1_333' title='bbox 1348 2522 1591 2575; x_wconf 80' lang='grc' dir='ltr'>κρατίστους,</span> <span class='ocrx_word' id='word_1_334' title='bbox 1617 2527 1813 2578; x_wconf 87' lang='lat' dir='ltr'>tanquam</span> 
     </span>
     <span class='ocr_line' id='line_1_41' title="bbox 409 2577 1880 2635; baseline 0.001 -16"><span class='ocrx_word' id='word_1_335' title='bbox 409 2593 435 2619; x_wconf 86' lang='lat' dir='ltr'>a</span> <span class='ocrx_word' id='word_1_336' title='bbox 454 2577 644 2619; x_wconf 59' lang='lat' dir='ltr'>steenndis</span> <span class='ocrx_word' id='word_1_337' title='bbox 664 2578 816 2635; x_wconf 80' lang='lat' dir='ltr'>nuptiis</span> <span class='ocrx_word' id='word_1_338' title='bbox 835 2578 1099 2621; x_wconf 79' lang='lat' dir='ltr'>abstinentes.</span> <span class='ocrx_word' id='word_1_339' title='bbox 1827 2590 1880 2625; x_wconf 87' lang='lat'>40</span> 
     </span>
    </p>

    <p class='ocr_par' dir='ltr' id='par_1_6' title="bbox 410 2634 1877 2921">
     <span class='ocr_line' id='line_1_42' title="bbox 473 2634 1812 2694; baseline 0.002 -18"><span class='ocrx_word' id='word_1_340' title='bbox 473 2634 573 2677; x_wconf 83' lang='lat' dir='ltr'>lbid.</span> <span class='ocrx_word' id='word_1_341' title='bbox 596 2634 620 2676; x_wconf 92' lang='lat' dir='ltr'>l.</span> <span class='ocrx_word' id='word_1_342' title='bbox 644 2638 683 2677; x_wconf 82' lang='lat'>6.</span> <span class='ocrx_word' id='word_1_343' title='bbox 713 2636 842 2678; x_wconf 78' lang='grc' dir='ltr'>εἷτουν</span> <span class='ocrx_word' id='word_1_344' title='bbox 859 2635 1107 2691; x_wconf 83' lang='grc' dir='ltr'>Τετραδῖται]</span> <span class='ocrx_word' id='word_1_345' title='bbox 1140 2636 1391 2678; x_wconf 74' lang='lat' dir='ltr'>Balsamonis</span> <span class='ocrx_word' id='word_1_346' title='bbox 1421 2635 1710 2694; x_wconf 82' lang='lat' dir='ltr'>interpretatio</span> <span class='ocrx_word' id='word_1_347' title='bbox 1737 2643 1812 2686; x_wconf 79' lang='lat' dir='ltr'>est,</span> 
     </span>
     <span class='ocr_line' id='line_1_43' title="bbox 410 2692 1813 2750; baseline 0.002 -17"><span class='ocrx_word' id='word_1_348' title='bbox 410 2694 463 2734; x_wconf 73' lang='grc' dir='ltr'>Οἱ</span> <span class='ocrx_word' id='word_1_349' title='bbox 494 2692 602 2734; x_wconf 81' lang='grc' dir='ltr'>αὐτοὶ</span> <span class='ocrx_word' id='word_1_350' title='bbox 633 2695 673 2734; x_wconf 74' lang='grc' dir='ltr'>δὲ</span> <span class='ocrx_word' id='word_1_351' title='bbox 710 2692 1227 2750; x_wconf 82' lang='grc' dir='ltr'>[Τεσσαρεσκαιδεκατῖται]</span> <span class='ocrx_word' id='word_1_352' title='bbox 1258 2693 1319 2735; x_wconf 89' lang='grc' dir='ltr'>καὶ</span> <span class='ocrx_word' id='word_1_353' title='bbox 1346 2697 1580 2747; x_wconf 83' lang='grc' dir='ltr'>Τετραδῑται</span> <span class='ocrx_word' id='word_1_354' title='bbox 1609 2694 1813 2748; x_wconf 78' lang='grc' dir='ltr'>λέγονται,</span> 
     </span>
     <span class='ocr_line' id='line_1_44' title="bbox 410 2749 1812 2804; baseline 0.004 -15"><span class='ocrx_word' id='word_1_355' title='bbox 410 2751 469 2791; x_wconf 70' lang='grc' dir='ltr'>ὅτι</span> <span class='ocrx_word' id='word_1_356' title='bbox 497 2750 540 2790; x_wconf 82' lang='grc' dir='ltr'>τὸ</span> <span class='ocrx_word' id='word_1_357' title='bbox 569 2749 709 2804; x_wconf 83' lang='grc' dir='ltr'>πάσχα</span> <span class='ocrx_word' id='word_1_358' title='bbox 737 2750 1000 2803; x_wconf 72' lang='grc' dir='ltr'>ἑορτάζοντες,</span> <span class='ocrx_word' id='word_1_359' title='bbox 1027 2750 1071 2793; x_wconf 80' lang='grc' dir='ltr'>οὐ</span> <span class='ocrx_word' id='word_1_360' title='bbox 1099 2752 1375 2800; x_wconf 85' lang='grc' dir='ltr'>καταλύουσιν,</span> <span class='ocrx_word' id='word_1_361' title='bbox 1402 2752 1511 2794; x_wconf 79' lang='grc' dir='ltr'>ἀλλὰ</span> <span class='ocrx_word' id='word_1_362' title='bbox 1541 2753 1812 2804; x_wconf 84' lang='grc' dir='ltr'>νηστεύουσιν,</span> 
     </span>
     <span class='ocr_line' id='line_1_45' title="bbox 410 2808 1812 2861; baseline 0.006 -15"><span class='ocrx_word' id='word_1_363' title='bbox 410 2808 544 2860; x_wconf 79' lang='grc' dir='ltr'>ὥσπερ</span> <span class='ocrx_word' id='word_1_364' title='bbox 563 2808 682 2859; x_wconf 75' lang='grc' dir='ltr'>ἡμεῖς,</span> <span class='ocrx_word' id='word_1_365' title='bbox 700 2809 768 2852; x_wconf 77' lang='grc' dir='ltr'>τὰς</span> <span class='ocrx_word' id='word_1_366' title='bbox 785 2808 982 2861; x_wconf 81' lang='grc' dir='ltr'>τετράδας·</span> <span class='ocrx_word' id='word_1_367' title='bbox 1005 2811 1162 2850; x_wconf 87' lang='grc' dir='ltr'>ποιοῦσι</span> <span class='ocrx_word' id='word_1_368' title='bbox 1183 2810 1224 2850; x_wconf 73' lang='grc' dir='ltr'>δὲ</span> <span class='ocrx_word' id='word_1_369' title='bbox 1242 2812 1357 2850; x_wconf 83' lang='grc' dir='ltr'>τοῦτο</span> <span class='ocrx_word' id='word_1_370' title='bbox 1375 2811 1473 2851; x_wconf 80' lang='grc' dir='ltr'>κατὰ</span> <span class='ocrx_word' id='word_1_371' title='bbox 1489 2809 1575 2853; x_wconf 85' lang='grc' dir='ltr'>τοὺς</span> <span class='ocrx_word' id='word_1_372' title='bbox 1587 2808 1812 2859; x_wconf 83' lang='grc' dir='ltr'>Ἰουδαίους,</span> 
     </span>
     <span class='ocr_line' id='line_1_46' title="bbox 411 2864 1877 2921; baseline 0.003 -16"><span class='ocrx_word' id='word_1_373' title='bbox 411 2864 517 2906; x_wconf 78' lang='grc' dir='ltr'>οὗτοι</span> <span class='ocrx_word' id='word_1_374' title='bbox 535 2866 607 2918; x_wconf 76' lang='grc' dir='ltr'>γὰρ</span> <span class='ocrx_word' id='word_1_375' title='bbox 627 2866 726 2917; x_wconf 81' lang='grc' dir='ltr'>μετὰ</span> <span class='ocrx_word' id='word_1_376' title='bbox 747 2865 791 2906; x_wconf 82' lang='grc' dir='ltr'>τὸ</span> <span class='ocrx_word' id='word_1_377' title='bbox 815 2865 1023 2921; x_wconf 83' lang='grc' dir='ltr'>πασχάοαι</span> <span class='ocrx_word' id='word_1_378' title='bbox 1054 2866 1118 2908; x_wconf 69' lang='grc' dir='ltr'>ἐπὶ</span> <span class='ocrx_word' id='word_1_379' title='bbox 1138 2866 1251 2910; x_wconf 85' lang='grc' dir='ltr'>ὅλαις</span> <span class='ocrx_word' id='word_1_380' title='bbox 1274 2867 1372 2909; x_wconf 80' lang='grc' dir='ltr'>ἑπτὰ</span> <span class='ocrx_word' id='word_1_381' title='bbox 1399 2866 1558 2921; x_wconf 84' lang='grc' dir='ltr'>ἡμέραις</span> <span class='ocrx_word' id='word_1_382' title='bbox 1589 2866 1812 2920; x_wconf 87' lang='grc' dir='ltr'>νηστέουσι,</span> <span class='ocrx_word' id='word_1_383' title='bbox 1829 2881 1877 2919; x_wconf 86' lang='lat'>45</span> 
     </span>
    </p>
   </div>
  </div>
 </body>
</html>
