2034 3204
203 668 261 699 Ad
277 667 373 709 origi-

203 722 281 743 nem
297 711 369 743 Zeli

202 756 393 787 recurritur.

422 239 509 280 318
936 242 979 284 S.
1012 243 1333 285 CYPRIANI

421 350 574 396 caecis
605 351 787 411 laqueis
818 351 1106 412 implicatus,
1131 354 1248 398 dum
1281 355 1384 398 zelo
1413 353 1562 398 frater
1585 353 1636 399 in
1664 354 1828 401 fratris

421 427 534 473 odia
569 429 876 482 convertitur,
899 429 1062 491 gladio
1085 445 1172 475 suo
1200 429 1385 475 nescius
1418 429 1520 489 ipse
1549 431 1826 490 perimatur.

423 505 564 559 Quod
592 512 647 551 ut
676 506 896 567 colligere
930 506 1118 566 plenius
1150 512 1197 552 et
1228 507 1528 554 manifestius
1563 508 1828 568 perspicere

423 583 675 643 possimus,
695 585 755 629 ad
779 590 922 643 caput
945 585 1050 644 ejus
1075 589 1217 643 atque
1242 585 1474 647 originem
1499 601 1812 632 recurramus.

490 661 556 706 ΙΙ.
594 660 857 707 Videamus
889 662 1016 706 unde
1047 663 1179 707 zelus
1208 669 1254 707 et
1285 664 1477 722 quando
1513 670 1560 709 et
1591 665 1864 724 quomodo5

421 738 641 798 coeperit.
714 738 923 784 Facilius
953 739 1078 784 enim
1105 755 1135 784 a
1158 740 1294 785 nobis
1327 742 1508 786 malum
1539 748 1640 787 tam
1671 741 1829 801 perni-

423 816 605 861 ciosum
628 816 876 871 vitabitur,
906 816 948 862 si
978 818 1189 878 ejusdem
1226 817 1342 863 mali
1373 824 1420 864 et
1451 819 1586 881 origo
1616 825 1665 864 et
1691 835 1828 882 mag-

421 893 591 938 nitudo
625 899 862 939 noscatur.
934 894 1063 940 Hinc
1097 894 1315 941 diabolus
1343 896 1469 942 inter
1490 896 1632 943 initia
1663 897 1827 944 statim

420 970 589 1015 mundi
625 977 672 1016 et
705 971 849 1030 periit
889 971 1074 1030 primus
1109 978 1157 1018 et
1190 973 1413 1032 perdidit.
1486 974 1572 1020 Ille
1612 975 1828 1038 angelica

420 1048 671 1109 majestate
699 1049 947 1102 subnixus,
973 1049 1052 1095 ille
1076 1050 1181 1096 Deo
1206 1057 1426 1111 acceptus
1450 1058 1499 1098 et
1521 1067 1675 1108 carus,
1698 1058 1827 1113 post·
1843 1071 1892 1098 10

419 1139 564 1184 quam
593 1125 837 1171 hominem
862 1127 922 1171 ad
946 1126 1206 1189 imaginem
1230 1128 1323 1174 Dei
1352 1129 1534 1175 factum
1563 1129 1825 1190 conspexit,

419 1200 470 1246 in
507 1203 664 1247 zelum
703 1203 926 1249 malivolo
961 1204 1108 1250 livore
1141 1206 1377 1265 prorupit,
1413 1222 1509 1252 non
1542 1207 1676 1267 prius
1711 1209 1828 1254 alte-

418 1294 527 1324 rum
566 1279 792 1341 dejiciens
833 1280 1064 1327 instinctu
1106 1282 1197 1327 zeli
1241 1298 1387 1342 quam
1429 1284 1531 1344 ipse
1573 1286 1676 1331 zelo
1716 1291 1826 1332 ante

418 1357 645 1418 dejectus,
671 1358 888 1418 captivus
920 1364 1178 1419 antequam
1212 1359 1416 1420 capiens,
1445 1362 1660 1421 perditus
1694 1369 1827 1409 ante-

418 1449 562 1494 quam
600 1437 814 1494 perdens,
850 1437 966 1481 dum
1001 1436 1279 1483 stimulante
1314 1438 1462 1485 livore
1496 1440 1682 1486 homini
1717 1457 1824 1503 gra·
1842 1457 1889 1497 15

418 1512 536 1556 tiam
583 1514 722 1558 datae
768 1513 1143 1560 immortalitatis
1189 1515 1346 1574 eripit,
1393 1516 1495 1576 ipse
1540 1533 1728 1578 quoque
1773 1519 1823 1565 id

418 1590 544 1648 quod
571 1582 712 1649 prius*
727 1590 884 1636 fuerat
911 1591 1086 1636 amisit.
1157 1591 1310 1645 Quale
1340 1595 1520 1639 malum
1543 1602 1628 1648 est,
1653 1595 1823 1642 fratres

416 1667 728 1719 dilectissimi,
761 1683 857 1728 quo
891 1667 1110 1730 Angelus
1145 1668 1328 1723 cecidit,
1359 1685 1454 1729 quo
1489 1671 1823 1718 circumveniri

418 1749 466 1790 et
496 1745 707 1790 subverti
743 1747 842 1791 alta
876 1745 960 1790 illa
989 1751 1036 1791 et
1068 1748 1310 1805 praeclara
1346 1747 1614 1795 sublimitas
1651 1749 1824 1809 potuit,

417 1837 513 1881 quo
543 1823 767 1882 deceptus
795 1828 869 1868 est
900 1822 1001 1882 ipse
1025 1822 1108 1882 qui
1134 1822 1345 1883 decepit!
1415 1823 1607 1871 Exinde
1642 1825 1824 1872 invidia
1839 1844 1889 1870 20

417 1906 665 1960 grassatur
699 1901 749 1946 in
787 1900 942 1955 terris,
978 1902 1094 1946 dum
1132 1900 1279 1946 livore
1315 1901 1558 1960 periturus
1594 1903 1825 1965 magistro

418 1976 699 2035 perditionis
723 1978 1016 2038 obsequitur,
1041 1979 1158 2024 dum
1185 1978 1430 2024 diabolum
1455 1979 1538 2039 qui
1567 1981 1693 2026 zelat
1715 1980 1825 2027 imi-

292 2068 313 2099 il
342 2078 358 2099 2
386 2093 392 2100 .
418 2060 563 2104 tatur,
588 2054 712 2100 sicut
735 2054 966 2115 scriptum
991 2061 1078 2108 est,
1103 2053 1295 2102 Invidia
1318 2062 1466 2102 (tectam
1495 2055 1668 2103 diaboli
1701 2073 1824 2105 mors

418 2131 628 2178 introivit
662 2132 711 2178 in
747 2131 896 2178 orbem
933 2138 1176 2180 terrarum.
1249 2133 1511 2181 Imitantur
1539 2150 1654 2198 ergo
1687 2137 1823 2183 illum

417 2209 500 2269 qui
526 2217 639 2256 sunt
663 2226 721 2256 ex
746 2217 879 2270 parte
903 2211 1021 2271 ejus.
1093 2211 1222 2257 Hinc
1246 2212 1451 2272 denique
1483 2228 1633 2259 novae
1655 2214 1824 2261 frater·
1838 2228 1886 2269 25

418 2286 584 2333 nitatis
623 2287 779 2347 prima
813 2287 936 2341 odia,
973 2288 1086 2334 hinc
1122 2288 1380 2348 parricidia
1421 2291 1624 2338 nefanda
1662 2307 1823 2352 coepe-

233 2386 273 2407 ωι
304 2376 346 2407 iv.
390 2370 545 2417 .runt,
583 2364 698 2410 (lum
737 2364 859 2410 Abel
898 2365 1087 2425 justum
1123 2365 1245 2412 Cain
1283 2368 1409 2413 zelat
1446 2367 1669 2429 injustus,
1705 2370 1820 2416 dum

417 2441 595 2487 bonum
622 2443 774 2488 malus
798 2442 980 2488 invidia
997 2449 1045 2488 et
1069 2443 1218 2489 livore
1242 2444 1556 2504 persequitur.
1607 2445 1820 2494 Tantum

417 2517 569 2564 valuit
610 2519 668 2565 ad
713 2520 1169 2566 consummationem
1215 2520 1440 2568 facinoris
1487 2524 1821 2571 aemulationis

416 2595 551 2641 furor
575 2602 628 2642 ut
663 2613 749 2643 nec
779 2597 952 2643 caritas
977 2597 1268 2650 fratrissnec
1307 2600 1494 2646 sceleris
1530 2600 1818 2658 immanitas,
1833 2620 1885 2658 30

419 2688 503 2718 nec
522 2673 666 2720 timor
684 2674 788 2728 Dei,
809 2690 893 2721 nec
918 2690 1069 2734 poena
1091 2675 1250 2722 delicti
1275 2676 1579 2739 cogitaretur.
1634 2678 1820 2740 Injuste

417 2766 669 2810 oppressus
697 2753 873 2813 estqui
902 2753 1143 2814 justitiam
1183 2754 1367 2814 primus
1396 2757 1680 2811 ostenderat,
1709 2758 1818 2804 odia

419 2842 667 2888 pcrlmssus
707 2836 778 2876 est
812 2831 893 2890 qui
937 2831 1091 2876 odisse
1138 2847 1231 2877 non
1280 2839 1489 2887 noverat,
1521 2834 1700 2880 occisus
1747 2842 1817 2880 est
