<?xml version="1.0" encoding="UTF-8"?>
<!DOCTYPE html PUBLIC "-//W3C//DTD XHTML 1.0 Transitional//EN"
    "http://www.w3.org/TR/xhtml1/DTD/xhtml1-transitional.dtd">
<html xmlns="http://www.w3.org/1999/xhtml" xml:lang="en" lang="en">
 <head>
  <title>
</title>
<meta http-equiv="Content-Type" content="text/html;charset=utf-8" />
  <meta name='ocr-system' content='tesseract 3.04.00' />
  <meta name='ocr-capabilities' content='ocr_page ocr_carea ocr_par ocr_line ocrx_word'/>
</head>
<body>
  <div class='ocr_page' id='page_1' title='image "./scriptorumeccles01rout_0040.png"; bbox 0 0 1988 3216; ppageno 0'>
   <div class='ocr_carea' id='block_1_1' title="bbox 372 261 1306 304">
    <p class='ocr_par' dir='ltr' id='par_1_1' title="bbox 372 261 1306 304">
     <span class='ocr_line' id='line_1_1' title="bbox 372 261 1306 304; baseline 0.001 -1"><span class='ocrx_word' id='word_1_1' title='bbox 372 263 429 303; x_wconf 68' lang='lat'>24</span> <span class='ocrx_word' id='word_1_2' title='bbox 844 261 925 303; x_wconf 83' lang='lat' dir='ltr'>AN</span> <span class='ocrx_word' id='word_1_3' title='bbox 927 261 969 303; x_wconf 88' lang='lat' dir='ltr'>N</span> <span class='ocrx_word' id='word_1_4' title='bbox 972 261 1232 304; x_wconf 90' lang='lat' dir='ltr'><strong>OTATION</strong></span> <span class='ocrx_word' id='word_1_5' title='bbox 1237 262 1306 304; x_wconf 86' lang='lat' dir='ltr'>ES</span> 
     </span>
    </p>
   </div>
   <div class='ocr_carea' id='block_1_2' title="bbox 371 366 1858 2955">
    <p class='ocr_par' dir='ltr' id='par_1_2' title="bbox 371 366 1842 757">
     <span class='ocr_line' id='line_1_2' title="bbox 431 366 1842 424; baseline -0.001 -14"><span class='ocrx_word' id='word_1_6' title='bbox 431 370 476 410; x_wconf 90' lang='lat' dir='ltr'>P.</span> <span class='ocrx_word' id='word_1_7' title='bbox 509 382 574 424; x_wconf 81' lang='lat'>13.</span> <span class='ocrx_word' id='word_1_8' title='bbox 605 369 632 410; x_wconf 90' lang='lat' dir='ltr'>l.</span> <span class='ocrx_word' id='word_1_9' title='bbox 664 381 702 423; x_wconf 92' lang='lat'>7.</span> <span class='ocrx_word' id='word_1_10' title='bbox 743 368 874 422; x_wconf 84' lang='grc' dir='ltr'>πάσης</span> <span class='ocrx_word' id='word_1_11' title='bbox 911 371 1114 422; x_wconf 78' lang='grc' dir='ltr'>διαβολῆς,</span> <span class='ocrx_word' id='word_1_12' title='bbox 1153 368 1415 424; x_wconf 80' lang='grc' dir='ltr'>καταλαλιᾶς]</span> <span class='ocrx_word' id='word_1_13' title='bbox 1470 368 1600 410; x_wconf 80' lang='lat' dir='ltr'>Recte</span> <span class='ocrx_word' id='word_1_14' title='bbox 1635 366 1778 409; x_wconf 81' lang='lat' dir='ltr'>distin·</span> <span class='ocrx_word' id='word_1_15' title='bbox 1839 390 1842 393; x_wconf 94' lang='lat'>·</span> 
     </span>
     <span class='ocr_line' id='line_1_3' title="bbox 371 425 1780 484; baseline -0.001 -16"><span class='ocrx_word' id='word_1_16' title='bbox 371 433 557 484; x_wconf 85' lang='lat' dir='ltr'>guuntur</span> <span class='ocrx_word' id='word_1_17' title='bbox 577 427 750 478; x_wconf 81' lang='grc' dir='ltr'>διαβολὴ</span> <span class='ocrx_word' id='word_1_18' title='bbox 777 432 821 468; x_wconf 89' lang='lat' dir='ltr'>et</span> <span class='ocrx_word' id='word_1_19' title='bbox 848 428 1084 478; x_wconf 80' lang='grc' dir='ltr'>καταλαλιὰ,</span> <span class='ocrx_word' id='word_1_20' title='bbox 1105 432 1152 468; x_wconf 93' lang='lat' dir='ltr'>ut</span> <span class='ocrx_word' id='word_1_21' title='bbox 1172 426 1336 468; x_wconf 78' lang='lat' dir='ltr'>diversa</span> <span class='ocrx_word' id='word_1_22' title='bbox 1362 425 1511 467; x_wconf 86' lang='lat' dir='ltr'>mentis</span> <span class='ocrx_word' id='word_1_23' title='bbox 1541 431 1584 467; x_wconf 85' lang='lat' dir='ltr'>et</span> <span class='ocrx_word' id='word_1_24' title='bbox 1613 425 1780 481; x_wconf 84' lang='lat' dir='ltr'>linguae</span> 
     </span>
     <span class='ocr_line' id='line_1_4' title="bbox 371 483 1780 540; baseline -0.002 -14"><span class='ocrx_word' id='word_1_25' title='bbox 371 484 484 534; x_wconf 86' lang='lat' dir='ltr'>vitia,</span> <span class='ocrx_word' id='word_1_26' title='bbox 504 483 548 526; x_wconf 88' lang='lat' dir='ltr'>in</span> <span class='ocrx_word' id='word_1_27' title='bbox 568 483 684 526; x_wconf 89' lang='lat' dir='ltr'>libris</span> <span class='ocrx_word' id='word_1_28' title='bbox 707 483 835 526; x_wconf 87' lang='lat' dir='ltr'>sacris</span> <span class='ocrx_word' id='word_1_29' title='bbox 855 490 898 526; x_wconf 87' lang='lat' dir='ltr'>et</span> <span class='ocrx_word' id='word_1_30' title='bbox 917 483 1080 540; x_wconf 85' lang='lat' dir='ltr'>scriptis</span> <span class='ocrx_word' id='word_1_31' title='bbox 1107 483 1378 526; x_wconf 86' lang='lat' dir='ltr'>ethnicorum.</span> <span class='ocrx_word' id='word_1_32' title='bbox 1441 484 1678 524; x_wconf 80' lang='grc' dir='ltr'>Καταλαλιᾶ</span> <span class='ocrx_word' id='word_1_33' title='bbox 1704 496 1780 538; x_wconf 90' lang='lat' dir='ltr'>per</span> 
     </span>
     <span class='ocr_line' id='line_1_5' title="bbox 371 539 1781 597; baseline -0.002 -14"><span class='ocrx_word' id='word_1_34' title='bbox 371 556 429 591; x_wconf 88' lang='lat' dir='ltr'>se,</span> <span class='ocrx_word' id='word_1_35' title='bbox 446 541 534 583; x_wconf 86' lang='lat' dir='ltr'>sine</span> <span class='ocrx_word' id='word_1_36' title='bbox 549 541 686 597; x_wconf 83' lang='lat' dir='ltr'>aliquo</span> <span class='ocrx_word' id='word_1_37' title='bbox 702 541 998 590; x_wconf 83' lang='lat' dir='ltr'>additamento,</span> <span class='ocrx_word' id='word_1_38' title='bbox 1014 541 1152 597; x_wconf 87' lang='lat' dir='ltr'>paullo</span> <span class='ocrx_word' id='word_1_39' title='bbox 1173 555 1299 597; x_wconf 85' lang='lat' dir='ltr'>supra</span> <span class='ocrx_word' id='word_1_40' title='bbox 1318 541 1510 582; x_wconf 87' lang='lat' dir='ltr'>habetur.</span> <span class='ocrx_word' id='word_1_41' title='bbox 1542 541 1596 582; x_wconf 91' lang='lat' dir='ltr'>V.</span> <span class='ocrx_word' id='word_1_42' title='bbox 1614 540 1647 580; x_wconf 94' lang='grc' dir='ltr'>Ι.</span> <span class='ocrx_word' id='word_1_43' title='bbox 1669 539 1781 596; x_wconf 86' lang='lat' dir='ltr'>lege-</span> 
     </span>
     <span class='ocr_line' id='line_1_6' title="bbox 371 598 1817 650; baseline -0.002 -9"><span class='ocrx_word' id='word_1_44' title='bbox 371 600 446 641; x_wconf 88' lang='lat' dir='ltr'>bat</span> <span class='ocrx_word' id='word_1_45' title='bbox 466 601 696 650; x_wconf 79' lang='grc' dir='ltr'>διαβολικῆς</span> <span class='ocrx_word' id='word_1_46' title='bbox 716 602 958 642; x_wconf 83' lang='grc' dir='ltr'>καταλαλιᾶς</span> <span class='ocrx_word' id='word_1_47' title='bbox 986 600 1042 640; x_wconf 85' lang='lat' dir='ltr'>ab</span> <span class='ocrx_word' id='word_1_48' title='bbox 1070 600 1265 641; x_wconf 79' lang='lat' dir='ltr'>omnibus</span> <span class='ocrx_word' id='word_1_49' title='bbox 1292 599 1524 640; x_wconf 73' lang='lat' dir='ltr'><em>diabolicis</em></span> <span class='ocrx_word' id='word_1_50' title='bbox 1551 598 1817 643; x_wconf 76' lang='lat' dir='ltr'>detractio-5</span> 
     </span>
     <span class='ocr_line' id='line_1_7' title="bbox 372 655 1779 703; baseline -0.002 -5"><span class='ocrx_word' id='word_1_51' title='bbox 372 657 524 699; x_wconf 75' lang='lat' dir='ltr'>nibus:</span> <span class='ocrx_word' id='word_1_52' title='bbox 545 662 588 698; x_wconf 91' lang='lat' dir='ltr'>et</span> <span class='ocrx_word' id='word_1_53' title='bbox 607 656 664 697; x_wconf 88' lang='lat' dir='ltr'>sic</span> <span class='ocrx_word' id='word_1_54' title='bbox 683 656 811 698; x_wconf 83' lang='lat' dir='ltr'>habet</span> <span class='ocrx_word' id='word_1_55' title='bbox 828 656 970 698; x_wconf 85' lang='lat' dir='ltr'>Codex</span> <span class='ocrx_word' id='word_1_56' title='bbox 987 656 1262 698; x_wconf 89' lang='lat' dir='ltr'>Florentinus.</span> <span class='ocrx_word' id='word_1_57' title='bbox 1307 656 1391 698; x_wconf 87' lang='lat' dir='ltr'>Sed</span> <span class='ocrx_word' id='word_1_58' title='bbox 1411 655 1568 703; x_wconf 86' lang='lat' dir='ltr'>dubito,</span> <span class='ocrx_word' id='word_1_59' title='bbox 1585 669 1637 696; x_wconf 89' lang='lat' dir='ltr'>an</span> <span class='ocrx_word' id='word_1_60' title='bbox 1653 660 1779 696; x_wconf 88' lang='lat' dir='ltr'>recte.</span> 
     </span>
     <span class='ocr_line' id='line_1_8' title="bbox 375 713 1720 757; baseline -0.002 0"><span class='ocrx_word' id='word_1_61' title='bbox 375 714 575 757; x_wconf 88' lang='lat' dir='ltr'>SMITH.</span> <span class='ocrx_word' id='word_1_62' title='bbox 637 713 877 755; x_wconf 85' lang='lat' dir='ltr'>Florentino</span> <span class='ocrx_word' id='word_1_63' title='bbox 900 713 1040 756; x_wconf 82' lang='lat' dir='ltr'>codici</span> <span class='ocrx_word' id='word_1_64' title='bbox 1060 713 1293 755; x_wconf 87' lang='lat' dir='ltr'>Parisinum</span> <span class='ocrx_word' id='word_1_65' title='bbox 1313 713 1431 755; x_wconf 87' lang='lat' dir='ltr'>addit</span> <span class='ocrx_word' id='word_1_66' title='bbox 1449 713 1478 755; x_wconf 86' lang='lat' dir='ltr'>J</span> <span class='ocrx_word' id='word_1_67' title='bbox 1481 713 1720 754; x_wconf 87' lang='lat' dir='ltr'>acobsonus.</span> 
     </span>
    </p>

    <p class='ocr_par' dir='ltr' id='par_1_3' title="bbox 375 770 1848 1056">
     <span class='ocr_line' id='line_1_9' title="bbox 433 770 1779 827; baseline -0.001 -15"><span class='ocrx_word' id='word_1_68' title='bbox 433 771 541 813; x_wconf 90' lang='lat' dir='ltr'>Ibid.</span> <span class='ocrx_word' id='word_1_69' title='bbox 576 770 602 812; x_wconf 93' lang='lat' dir='ltr'>l.</span> <span class='ocrx_word' id='word_1_70' title='bbox 630 784 694 812; x_wconf 92' lang='lat'>10.</span> <span class='ocrx_word' id='word_1_71' title='bbox 726 770 1007 824; x_wconf 80' lang='grc' dir='ltr'>θυσιαστήριον</span> <span class='ocrx_word' id='word_1_72' title='bbox 1039 773 1165 824; x_wconf 86' lang='grc' dir='ltr'>Θεοῦ]</span> <span class='ocrx_word' id='word_1_73' title='bbox 1215 771 1307 812; x_wconf 90' lang='lat' dir='ltr'>Hoc</span> <span class='ocrx_word' id='word_1_74' title='bbox 1338 785 1415 827; x_wconf 91' lang='lat' dir='ltr'>pro</span> <span class='ocrx_word' id='word_1_75' title='bbox 1445 775 1614 826; x_wconf 86' lang='lat' dir='ltr'>recepto</span> <span class='ocrx_word' id='word_1_76' title='bbox 1645 772 1779 811; x_wconf 86' lang='grc' dir='ltr'>θυσια-</span> 
     </span>
     <span class='ocr_line' id='line_1_10' title="bbox 375 827 1783 884; baseline -0.001 -14"><span class='ocrx_word' id='word_1_77' title='bbox 375 828 517 882; x_wconf 87' lang='grc' dir='ltr'>στήρια</span> <span class='ocrx_word' id='word_1_78' title='bbox 548 843 599 870; x_wconf 84' lang='lat' dir='ltr'>ex</span> <span class='ocrx_word' id='word_1_79' title='bbox 633 828 763 870; x_wconf 89' lang='lat' dir='ltr'>Codd.</span> <span class='ocrx_word' id='word_1_80' title='bbox 796 829 908 870; x_wconf 83' lang='lat' dir='ltr'>Flor.</span> <span class='ocrx_word' id='word_1_81' title='bbox 932 828 1029 870; x_wconf 86' lang='lat' dir='ltr'>Vat.</span> <span class='ocrx_word' id='word_1_82' title='bbox 1062 828 1193 870; x_wconf 82' lang='lat' dir='ltr'>Paris.</span> <span class='ocrx_word' id='word_1_83' title='bbox 1227 843 1335 870; x_wconf 89' lang='lat' dir='ltr'>nunc</span> <span class='ocrx_word' id='word_1_84' title='bbox 1374 827 1524 884; x_wconf 80' lang='lat' dir='ltr'><strong>recepi,</strong></span> <span class='ocrx_word' id='word_1_85' title='bbox 1557 827 1607 868; x_wconf 89' lang='lat' dir='ltr'>cl.</span> <span class='ocrx_word' id='word_1_86' title='bbox 1633 827 1783 869; x_wconf 69' lang='lat' dir='ltr'>Jacob-</span> 
     </span>
     <span class='ocr_line' id='line_1_11' title="bbox 375 884 1848 942; baseline -0.002 -14"><span class='ocrx_word' id='word_1_87' title='bbox 375 901 520 928; x_wconf 91' lang='lat' dir='ltr'>sonum</span> <span class='ocrx_word' id='word_1_88' title='bbox 555 891 744 936; x_wconf 88' lang='lat' dir='ltr'>secutus;</span> <span class='ocrx_word' id='word_1_89' title='bbox 775 885 847 942; x_wconf 91' lang='lat' dir='ltr'>qui</span> <span class='ocrx_word' id='word_1_90' title='bbox 880 885 1022 942; x_wconf 90' lang='lat' dir='ltr'>pergit</span> <span class='ocrx_word' id='word_1_91' title='bbox 1056 885 1250 935; x_wconf 88' lang='lat' dir='ltr'>scribere,</span> <span class='ocrx_word' id='word_1_92' title='bbox 1283 892 1293 909; x_wconf 90' lang='lat'>‘</span> <span class='ocrx_word' id='word_1_93' title='bbox 1309 885 1377 928; x_wconf 83' lang='lat' dir='ltr'>Sic</span> <span class='ocrx_word' id='word_1_94' title='bbox 1413 884 1783 942; x_wconf 87' lang='lat' dir='ltr'>Pseudo-Ignatius</span> <span class='ocrx_word' id='word_1_95' title='bbox 1800 895 1848 920; x_wconf 93' lang='lat'>10</span> 
     </span>
     <span class='ocr_line' id='line_1_12' title="bbox 377 942 1785 999; baseline 0 -14"><span class='ocrx_word' id='word_1_96' title='bbox 377 950 387 967; x_wconf 88' lang='lat'>‘</span> <span class='ocrx_word' id='word_1_97' title='bbox 406 957 570 999; x_wconf 88' lang='lat' dir='ltr'>quoque</span> <span class='ocrx_word' id='word_1_98' title='bbox 600 943 643 984; x_wconf 93' lang='lat' dir='ltr'>in</span> <span class='ocrx_word' id='word_1_99' title='bbox 670 943 750 999; x_wconf 88' lang='lat' dir='ltr'>Ep.</span> <span class='ocrx_word' id='word_1_100' title='bbox 777 943 831 984; x_wconf 85' lang='lat' dir='ltr'>ad</span> <span class='ocrx_word' id='word_1_101' title='bbox 859 943 1097 992; x_wconf 82' lang='lat' dir='ltr'>Tarsenses,</span> <span class='ocrx_word' id='word_1_102' title='bbox 1121 943 1162 997; x_wconf 65' lang='grc' dir='ltr'>ξ.</span> <span class='ocrx_word' id='word_1_103' title='bbox 1181 957 1220 999; x_wconf 90' lang='grc'>9.</span> <span class='ocrx_word' id='word_1_104' title='bbox 1254 945 1326 986; x_wconf 78' lang='grc' dir='ltr'>τὰς</span> <span class='ocrx_word' id='word_1_105' title='bbox 1353 944 1398 984; x_wconf 85' lang='grc' dir='ltr'>ὲν</span> <span class='ocrx_word' id='word_1_106' title='bbox 1426 943 1636 995; x_wconf 76' lang='grc' dir='ltr'>σεμνότητι</span> <span class='ocrx_word' id='word_1_107' title='bbox 1661 942 1785 997; x_wconf 87' lang='grc' dir='ltr'>χήρας</span> 
     </span>
     <span class='ocr_line' id='line_1_13' title="bbox 379 999 1783 1056; baseline -0.002 -13"><span class='ocrx_word' id='word_1_108' title='bbox 379 1007 389 1024; x_wconf 90' lang='lat'>‘</span> <span class='ocrx_word' id='word_1_109' title='bbox 407 1004 459 1043; x_wconf 83' lang='grc' dir='ltr'>ὡς</span> <span class='ocrx_word' id='word_1_110' title='bbox 479 999 762 1054; x_wconf 83' lang='grc' dir='ltr'>θυσιαστήριον</span> <span class='ocrx_word' id='word_1_111' title='bbox 783 1003 906 1042; x_wconf 85' lang='grc' dir='ltr'>Θεοῦ.</span> <span class='ocrx_word' id='word_1_112' title='bbox 939 1000 1058 1042; x_wconf 90' lang='lat' dir='ltr'>Libb.</span> <span class='ocrx_word' id='word_1_113' title='bbox 1079 1000 1268 1056; x_wconf 84' lang='lat' dir='ltr'><strong>impressi</strong></span> <span class='ocrx_word' id='word_1_114' title='bbox 1287 1000 1491 1056; x_wconf 84' lang='lat' dir='ltr'>praebent</span> <span class='ocrx_word' id='word_1_115' title='bbox 1511 999 1783 1053; x_wconf 84' lang='grc' dir='ltr'>θυσιαστήρια.</span> 
     </span>
    </p>

    <p class='ocr_par' dir='ltr' id='par_1_4' title="bbox 378 1056 1784 1171">
     <span class='ocr_line' id='line_1_14' title="bbox 378 1056 1784 1108; baseline -0.003 -7"><span class='ocrx_word' id='word_1_116' title='bbox 378 1064 388 1081; x_wconf 92' lang='lat'>‘</span> <span class='ocrx_word' id='word_1_117' title='bbox 407 1058 491 1101; x_wconf 89' lang='lat' dir='ltr'>Sed</span> <span class='ocrx_word' id='word_1_118' title='bbox 512 1057 607 1101; x_wconf 83' lang='grc' dir='ltr'>ναὸς</span> <span class='ocrx_word' id='word_1_119' title='bbox 626 1072 710 1099; x_wconf 92' lang='lat' dir='ltr'>non</span> <span class='ocrx_word' id='word_1_120' title='bbox 731 1058 820 1099; x_wconf 83' lang='grc' dir='ltr'>ναοὶ</span> <span class='ocrx_word' id='word_1_121' title='bbox 847 1057 974 1099; x_wconf 85' lang='lat' dir='ltr'>habet</span> <span class='ocrx_word' id='word_1_122' title='bbox 1001 1058 1055 1099; x_wconf 93' lang='lat' dir='ltr'>D.</span> <span class='ocrx_word' id='word_1_123' title='bbox 1073 1058 1226 1099; x_wconf 87' lang='lat' dir='ltr'>Paulus</span> <span class='ocrx_word' id='word_1_124' title='bbox 1251 1072 1268 1098; x_wconf 87' lang='lat'>1</span> <span class='ocrx_word' id='word_1_125' title='bbox 1293 1058 1388 1100; x_wconf 91' lang='lat' dir='ltr'>Cor.</span> <span class='ocrx_word' id='word_1_126' title='bbox 1410 1057 1464 1098; x_wconf 90' lang='lat' dir='ltr'>iii.</span> <span class='ocrx_word' id='word_1_127' title='bbox 1487 1057 1550 1108; x_wconf 84' lang='lat'>16,</span> <span class='ocrx_word' id='word_1_128' title='bbox 1577 1069 1600 1098; x_wconf 82' lang='lat'><strong>2</strong></span> <span class='ocrx_word' id='word_1_129' title='bbox 1619 1056 1713 1098; x_wconf 90' lang='lat' dir='ltr'>Cor.</span> <span class='ocrx_word' id='word_1_130' title='bbox 1731 1056 1784 1098; x_wconf 87' lang='lat' dir='ltr'>vi.</span> 
     </span>
     <span class='ocr_line' id='line_1_15' title="bbox 378 1113 1581 1171; baseline 0 -15"><span class='ocrx_word' id='word_1_131' title='bbox 378 1123 388 1138; x_wconf 77' lang='lat'><strong><em>¹</em></strong></span> <span class='ocrx_word' id='word_1_132' title='bbox 411 1117 475 1157; x_wconf 90' lang='lat'>16.</span> <span class='ocrx_word' id='word_1_133' title='bbox 529 1115 594 1157; x_wconf 87' lang='lat' dir='ltr'>Cf.</span> <span class='ocrx_word' id='word_1_134' title='bbox 612 1114 786 1156; x_wconf 87' lang='lat' dir='ltr'>Tertull.</span> <span class='ocrx_word' id='word_1_135' title='bbox 807 1114 863 1156; x_wconf 89' lang='lat' dir='ltr'>ad</span> <span class='ocrx_word' id='word_1_136' title='bbox 885 1115 1016 1157; x_wconf 81' lang='lat' dir='ltr'>Uxor.</span> <span class='ocrx_word' id='word_1_137' title='bbox 1039 1114 1065 1156; x_wconf 91' lang='lat' dir='ltr'>l.</span> <span class='ocrx_word' id='word_1_138' title='bbox 1085 1126 1124 1169; x_wconf 92' lang='lat'>7.</span> <span class='ocrx_word' id='word_1_139' title='bbox 1146 1130 1186 1171; x_wconf 91' lang='lat' dir='ltr'>p.</span> <span class='ocrx_word' id='word_1_140' title='bbox 1205 1117 1299 1170; x_wconf 87' lang='lat'>165.</span> <span class='ocrx_word' id='word_1_141' title='bbox 1322 1114 1387 1156; x_wconf 92' lang='lat' dir='ltr'>ed.</span> <span class='ocrx_word' id='word_1_142' title='bbox 1407 1113 1581 1171; x_wconf 59' lang='lat' dir='ltr'>Rigalt?</span> 
     </span>
    </p>

    <p class='ocr_par' dir='ltr' id='par_1_5' title="bbox 377 1171 1852 1632">
     <span class='ocr_line' id='line_1_16' title="bbox 436 1171 1850 1228; baseline -0.001 -14"><span class='ocrx_word' id='word_1_143' title='bbox 436 1171 543 1214; x_wconf 84' lang='lat' dir='ltr'>Ibid.</span> <span class='ocrx_word' id='word_1_144' title='bbox 576 1171 708 1214; x_wconf 86' lang='grc' dir='ltr'>πάντα</span> <span class='ocrx_word' id='word_1_145' title='bbox 741 1173 1077 1228; x_wconf 84' lang='grc' dir='ltr'>μωμοσκοπεῖται]</span> <span class='ocrx_word' id='word_1_146' title='bbox 1120 1173 1172 1214; x_wconf 89' lang='lat' dir='ltr'>In</span> <span class='ocrx_word' id='word_1_147' title='bbox 1205 1171 1432 1228; x_wconf 85' lang='lat' dir='ltr'>exemplari</span> <span class='ocrx_word' id='word_1_148' title='bbox 1466 1174 1786 1224; x_wconf 84' lang='grc' dir='ltr'>μωμοσκοπεῖται</span> <span class='ocrx_word' id='word_1_149' title='bbox 1803 1179 1850 1218; x_wconf 89' lang='lat'>15</span> 
     </span>
     <span class='ocr_line' id='line_1_17' title="bbox 377 1228 1788 1286; baseline -0.002 -14"><span class='ocrx_word' id='word_1_150' title='bbox 377 1230 577 1286; x_wconf 88' lang='lat' dir='ltr'>scriptum</span> <span class='ocrx_word' id='word_1_151' title='bbox 617 1235 708 1279; x_wconf 82' lang='lat' dir='ltr'>est3</span> <span class='ocrx_word' id='word_1_152' title='bbox 753 1243 876 1286; x_wconf 87' lang='lat' dir='ltr'>quam</span> <span class='ocrx_word' id='word_1_153' title='bbox 917 1244 1058 1272; x_wconf 86' lang='lat' dir='ltr'>vocem</span> <span class='ocrx_word' id='word_1_154' title='bbox 1097 1230 1168 1286; x_wconf 90' lang='lat' dir='ltr'>qui</span> <span class='ocrx_word' id='word_1_155' title='bbox 1209 1245 1292 1272; x_wconf 92' lang='lat' dir='ltr'>non</span> <span class='ocrx_word' id='word_1_156' title='bbox 1331 1229 1637 1278; x_wconf 86' lang='lat' dir='ltr'>intellexerunt,</span> <span class='ocrx_word' id='word_1_157' title='bbox 1678 1228 1788 1280; x_wconf 84' lang='grc' dir='ltr'>ἡμῶν</span> 
     </span>
     <span class='ocr_line' id='line_1_18' title="bbox 378 1285 1788 1344; baseline -0.002 -15"><span class='ocrx_word' id='word_1_158' title='bbox 378 1291 586 1329; x_wconf 84' lang='grc' dir='ltr'>σκοπεῖται</span> <span class='ocrx_word' id='word_1_159' title='bbox 624 1287 846 1344; x_wconf 87' lang='lat' dir='ltr'>legendum</span> <span class='ocrx_word' id='word_1_160' title='bbox 882 1286 1198 1338; x_wconf 84' lang='lat' dir='ltr'>existimarunt3</span> <span class='ocrx_word' id='word_1_161' title='bbox 1244 1302 1320 1344; x_wconf 90' lang='lat' dir='ltr'>pro</span> <span class='ocrx_word' id='word_1_162' title='bbox 1356 1287 1495 1344; x_wconf 88' lang='lat' dir='ltr'>priore</span> <span class='ocrx_word' id='word_1_163' title='bbox 1530 1285 1645 1328; x_wconf 90' lang='lat' dir='ltr'>verbi</span> <span class='ocrx_word' id='word_1_164' title='bbox 1680 1300 1788 1327; x_wconf 89' lang='lat' dir='ltr'>com-</span> 
     </span>
     <span class='ocr_line' id='line_1_19' title="bbox 377 1343 1786 1402; baseline -0.001 -16"><span class='ocrx_word' id='word_1_165' title='bbox 377 1344 500 1402; x_wconf 83' lang='lat' dir='ltr'>positi</span> <span class='ocrx_word' id='word_1_166' title='bbox 529 1345 728 1396; x_wconf 91' lang='lat' dir='ltr'>membro,</span> <span class='ocrx_word' id='word_1_167' title='bbox 755 1344 999 1401; x_wconf 86' lang='lat' dir='ltr'>pronomine</span> <span class='ocrx_word' id='word_1_168' title='bbox 1026 1346 1154 1401; x_wconf 90' lang='lat' dir='ltr'>(quod</span> <span class='ocrx_word' id='word_1_169' title='bbox 1176 1346 1307 1388; x_wconf 83' lang='lat' dir='ltr'>Vetus</span> <span class='ocrx_word' id='word_1_170' title='bbox 1338 1360 1419 1387; x_wconf 90' lang='lat' dir='ltr'>non</span> <span class='ocrx_word' id='word_1_171' title='bbox 1450 1343 1620 1401; x_wconf 86' lang='lat' dir='ltr'>agnovit</span> <span class='ocrx_word' id='word_1_172' title='bbox 1651 1344 1786 1385; x_wconf 86' lang='lat' dir='ltr'>Inter-</span> 
     </span>
     <span class='ocr_line' id='line_1_20' title="bbox 377 1400 1786 1460; baseline -0.001 -16"><span class='ocrx_word' id='word_1_173' title='bbox 377 1405 491 1460; x_wconf 89' lang='lat' dir='ltr'>pres)</span> <span class='ocrx_word' id='word_1_174' title='bbox 531 1402 766 1444; x_wconf 87' lang='lat' dir='ltr'>substituto.</span> <span class='ocrx_word' id='word_1_175' title='bbox 838 1402 942 1445; x_wconf 90' lang='lat' dir='ltr'>Cum</span> <span class='ocrx_word' id='word_1_176' title='bbox 983 1402 1248 1459; x_wconf 81' lang='grc' dir='ltr'>θυσιαστηρίῳ</span> <span class='ocrx_word' id='word_1_177' title='bbox 1288 1417 1387 1444; x_wconf 86' lang='lat' dir='ltr'>vero</span> <span class='ocrx_word' id='word_1_178' title='bbox 1426 1416 1453 1444; x_wconf 83' lang='lat' dir='ltr'>a</span> <span class='ocrx_word' id='word_1_179' title='bbox 1493 1402 1706 1444; x_wconf 83' lang='lat' dir='ltr'>Clemente</span> <span class='ocrx_word' id='word_1_180' title='bbox 1744 1400 1786 1442; x_wconf 90' lang='lat' dir='ltr'>in</span> 
     </span>
     <span class='ocr_line' id='line_1_21' title="bbox 379 1458 1852 1517; baseline -0.001 -15"><span class='ocrx_word' id='word_1_181' title='bbox 379 1460 567 1517; x_wconf 80' lang='lat' dir='ltr'>Epistola</span> <span class='ocrx_word' id='word_1_182' title='bbox 586 1460 640 1502; x_wconf 90' lang='lat' dir='ltr'>ad</span> <span class='ocrx_word' id='word_1_183' title='bbox 662 1459 911 1511; x_wconf 84' lang='lat' dir='ltr'>Corinthios,</span> <span class='ocrx_word' id='word_1_184' title='bbox 933 1461 985 1515; x_wconf 89' lang='lat' dir='ltr'>(c.</span> <span class='ocrx_word' id='word_1_185' title='bbox 1006 1461 1097 1515; x_wconf 90' lang='lat'>44.)</span> <span class='ocrx_word' id='word_1_186' title='bbox 1122 1475 1245 1517; x_wconf 83' lang='lat' dir='ltr'>quam</span> <span class='ocrx_word' id='word_1_187' title='bbox 1272 1459 1315 1502; x_wconf 91' lang='lat' dir='ltr'>in</span> <span class='ocrx_word' id='word_1_188' title='bbox 1342 1460 1420 1502; x_wconf 86' lang='lat' dir='ltr'>hac</span> <span class='ocrx_word' id='word_1_189' title='bbox 1440 1459 1541 1502; x_wconf 82' lang='lat' dir='ltr'>alias</span> <span class='ocrx_word' id='word_1_190' title='bbox 1562 1458 1685 1501; x_wconf 83' lang='lat' dir='ltr'>etiam</span> <span class='ocrx_word' id='word_1_191' title='bbox 1706 1473 1788 1500; x_wconf 91' lang='lat' dir='ltr'>non</span> <span class='ocrx_word' id='word_1_192' title='bbox 1803 1470 1852 1495; x_wconf 90' lang='lat'>20</span> 
     </span>
     <span class='ocr_line' id='line_1_22' title="bbox 379 1517 1790 1574; baseline -0.001 -14"><span class='ocrx_word' id='word_1_193' title='bbox 379 1518 506 1560; x_wconf 88' lang='lat' dir='ltr'>semel</span> <span class='ocrx_word' id='word_1_194' title='bbox 542 1518 798 1574; x_wconf 83' lang='lat' dir='ltr'>Polycarpus</span> <span class='ocrx_word' id='word_1_195' title='bbox 832 1523 895 1560; x_wconf 87' lang='lat' dir='ltr'>est</span> <span class='ocrx_word' id='word_1_196' title='bbox 931 1523 1109 1569; x_wconf 86' lang='lat' dir='ltr'>secutus,</span> <span class='ocrx_word' id='word_1_197' title='bbox 1143 1519 1459 1570; x_wconf 77' lang='grc' dir='ltr'>μωμοσκοπηθὲν</span> <span class='ocrx_word' id='word_1_198' title='bbox 1487 1517 1532 1558; x_wconf 86' lang='grc' dir='ltr'>τὸ</span> <span class='ocrx_word' id='word_1_199' title='bbox 1565 1517 1790 1570; x_wconf 86' lang='grc' dir='ltr'>προσφερό-</span> 
     </span>
     <span class='ocr_line' id='line_1_23' title="bbox 378 1573 1790 1632; baseline -0.001 -15"><span class='ocrx_word' id='word_1_200' title='bbox 378 1592 502 1629; x_wconf 84' lang='grc' dir='ltr'>μενον</span> <span class='ocrx_word' id='word_1_201' title='bbox 530 1575 777 1632; x_wconf 85' lang='lat' dir='ltr'>conjunctim</span> <span class='ocrx_word' id='word_1_202' title='bbox 808 1575 1037 1625; x_wconf 87' lang='lat' dir='ltr'>cernimus;</span> <span class='ocrx_word' id='word_1_203' title='bbox 1069 1574 1138 1617; x_wconf 93' lang='lat' dir='ltr'>ubi</span> <span class='ocrx_word' id='word_1_204' title='bbox 1165 1576 1438 1628; x_wconf 88' lang='grc' dir='ltr'>μωμοσκόπων</span> <span class='ocrx_word' id='word_1_205' title='bbox 1465 1573 1637 1616; x_wconf 80' lang='lat' dir='ltr'>officium</span> <span class='ocrx_word' id='word_1_206' title='bbox 1664 1573 1790 1615; x_wconf 87' lang='lat' dir='ltr'>fuisse</span> 
     </span>
    </p>

    <p class='ocr_par' dir='ltr' id='par_1_6' title="bbox 379 1630 1791 1747">
     <span class='ocr_line' id='line_1_24' title="bbox 409 1630 1791 1688; baseline -0.002 -13"><span class='ocrx_word' id='word_1_207' title='bbox 409 1633 568 1675; x_wconf 80' lang='lat' dir='ltr'>Iuribus</span> <span class='ocrx_word' id='word_1_208' title='bbox 603 1647 677 1675; x_wconf 88' lang='lat' dir='ltr'>nos</span> <span class='ocrx_word' id='word_1_209' title='bbox 713 1631 852 1675; x_wconf 86' lang='lat' dir='ltr'>docuit</span> <span class='ocrx_word' id='word_1_210' title='bbox 892 1632 1148 1675; x_wconf 86' lang='lat' dir='ltr'>doctissimus</span> <span class='ocrx_word' id='word_1_211' title='bbox 1177 1632 1342 1682; x_wconf 82' lang='lat' dir='ltr'>Junius,</span> <span class='ocrx_word' id='word_1_212' title='bbox 1379 1647 1431 1674; x_wconf 86' lang='lat' dir='ltr'>ne</span> <span class='ocrx_word' id='word_1_213' title='bbox 1461 1631 1562 1688; x_wconf 87' lang='lat' dir='ltr'>quid</span> <span class='ocrx_word' id='word_1_214' title='bbox 1594 1630 1683 1673; x_wconf 80' lang='lat' dir='ltr'>vitii</span> <span class='ocrx_word' id='word_1_215' title='bbox 1717 1637 1791 1673; x_wconf 84' lang='lat' dir='ltr'>aut</span> 
     </span>
     <span class='ocr_line' id='line_1_25' title="bbox 379 1648 1791 1747; baseline -0.002 -14"><span class='ocrx_word' id='word_1_216' title='bbox 379 1648 484 1733; x_wconf 60' lang='lat' dir='ltr'>fabis</span> <span class='ocrx_word' id='word_1_217' title='bbox 508 1690 720 1740; x_wconf 85' lang='lat' dir='ltr'>sacrificio,</span> <span class='ocrx_word' id='word_1_218' title='bbox 748 1690 988 1747; x_wconf 84' lang='lat' dir='ltr'>priusquam</span> <span class='ocrx_word' id='word_1_219' title='bbox 1014 1690 1137 1732; x_wconf 86' lang='lat' dir='ltr'>altari</span> <span class='ocrx_word' id='word_1_220' title='bbox 1163 1690 1459 1747; x_wconf 84' lang='lat' dir='ltr'>imponeretur,</span> <span class='ocrx_word' id='word_1_221' title='bbox 1488 1690 1674 1731; x_wconf 81' lang='lat' dir='ltr'>subesset</span> <span class='ocrx_word' id='word_1_222' title='bbox 1700 1687 1791 1731; x_wconf 91' lang='lat' dir='ltr'>dili-</span> 
     </span>
    </p>

    <p class='ocr_par' dir='ltr' id='par_1_7' title="bbox 380 1745 1856 2611">
     <span class='ocr_line' id='line_1_26' title="bbox 412 1745 1853 1806; baseline -0.003 -15"><span class='ocrx_word' id='word_1_223' title='bbox 412 1755 531 1791; x_wconf 88' lang='lat' dir='ltr'>enter</span> <span class='ocrx_word' id='word_1_224' title='bbox 552 1748 767 1805; x_wconf 83' lang='lat' dir='ltr'>dispicere.</span> <span class='ocrx_word' id='word_1_225' title='bbox 817 1747 1117 1802; x_wconf 87' lang='grc' dir='ltr'>Θυσιαστήριον</span> <span class='ocrx_word' id='word_1_226' title='bbox 1137 1762 1301 1804; x_wconf 88' lang='lat' dir='ltr'>quoque</span> <span class='ocrx_word' id='word_1_227' title='bbox 1331 1747 1597 1806; x_wconf 85' lang='lat' dir='ltr'>singulariter</span> <span class='ocrx_word' id='word_1_228' title='bbox 1627 1747 1680 1789; x_wconf 82' lang='lat' dir='ltr'>ab</span> <span class='ocrx_word' id='word_1_229' title='bbox 1701 1745 1791 1788; x_wconf 84' lang='lat' dir='ltr'>aliis</span> <span class='ocrx_word' id='word_1_230' title='bbox 1804 1754 1853 1793; x_wconf 82' lang='lat'>25</span> 
     </span>
     <span class='ocr_line' id='line_1_27' title="bbox 380 1763 1791 1863; baseline -0.002 -15"><span class='ocrx_word' id='word_1_231' title='bbox 380 1763 448 1848; x_wconf 56' lang='lat' dir='ltr'>{ic</span> <span class='ocrx_word' id='word_1_232' title='bbox 478 1805 644 1863; x_wconf 86' lang='lat' dir='ltr'>legitur,</span> <span class='ocrx_word' id='word_1_233' title='bbox 667 1805 728 1847; x_wconf 88' lang='lat' dir='ltr'>uti</span> <span class='ocrx_word' id='word_1_234' title='bbox 757 1805 800 1847; x_wconf 91' lang='lat' dir='ltr'>in</span> <span class='ocrx_word' id='word_1_235' title='bbox 828 1805 1015 1848; x_wconf 87' lang='lat' dir='ltr'>versione</span> <span class='ocrx_word' id='word_1_236' title='bbox 1038 1811 1177 1848; x_wconf 89' lang='lat' dir='ltr'>vetere</span> <span class='ocrx_word' id='word_1_237' title='bbox 1209 1805 1369 1848; x_wconf 83' lang='lat' dir='ltr'>Latina.</span> <span class='ocrx_word' id='word_1_238' title='bbox 1432 1806 1535 1848; x_wconf 85' lang='lat' dir='ltr'>Cum</span> <span class='ocrx_word' id='word_1_239' title='bbox 1562 1819 1645 1860; x_wconf 86' lang='lat' dir='ltr'>qua</span> <span class='ocrx_word' id='word_1_240' title='bbox 1666 1803 1791 1846; x_wconf 86' lang='lat' dir='ltr'>etiam</span> 
     </span>
     <span class='ocr_line' id='line_1_28' title="bbox 381 1861 1791 1920; baseline -0.002 -14"><span class='ocrx_word' id='word_1_241' title='bbox 381 1863 585 1913; x_wconf 87' lang='lat' dir='ltr'>convenit,</span> <span class='ocrx_word' id='word_1_242' title='bbox 621 1863 733 1919; x_wconf 92' lang='lat' dir='ltr'>quod</span> <span class='ocrx_word' id='word_1_243' title='bbox 771 1862 814 1904; x_wconf 89' lang='lat' dir='ltr'>in</span> <span class='ocrx_word' id='word_1_244' title='bbox 855 1862 1045 1906; x_wconf 86' lang='lat' dir='ltr'>Salmasii</span> <span class='ocrx_word' id='word_1_245' title='bbox 1079 1878 1159 1919; x_wconf 87' lang='lat' dir='ltr'>apo</span> <span class='ocrx_word' id='word_1_246' title='bbox 1190 1863 1322 1920; x_wconf 87' lang='lat' dir='ltr'>rapho</span> <span class='ocrx_word' id='word_1_247' title='bbox 1357 1863 1480 1920; x_wconf 86' lang='lat' dir='ltr'>paulo</span> <span class='ocrx_word' id='word_1_248' title='bbox 1515 1867 1608 1919; x_wconf 90' lang='lat' dir='ltr'>post</span> <span class='ocrx_word' id='word_1_249' title='bbox 1639 1861 1791 1904; x_wconf 88' lang='lat' dir='ltr'>rectius</span> 
     </span>
     <span class='ocr_line' id='line_1_29' title="bbox 382 1919 1792 1978; baseline -0.001 -15"><span class='ocrx_word' id='word_1_250' title='bbox 382 1921 580 1978; x_wconf 88' lang='lat' dir='ltr'>scriptum</span> <span class='ocrx_word' id='word_1_251' title='bbox 601 1920 794 1970; x_wconf 86' lang='lat' dir='ltr'>occurrit,</span> <span class='ocrx_word' id='word_1_252' title='bbox 815 1922 904 1963; x_wconf 81' lang='grc' dir='ltr'>οὔτε</span> <span class='ocrx_word' id='word_1_253' title='bbox 934 1937 973 1963; x_wconf 88' lang='grc' dir='ltr'>τι</span> <span class='ocrx_word' id='word_1_254' title='bbox 1002 1935 1078 1977; x_wconf 92' lang='lat' dir='ltr'>pro</span> <span class='ocrx_word' id='word_1_255' title='bbox 1100 1921 1170 1963; x_wconf 85' lang='lat' dir='ltr'>Ha</span> <span class='ocrx_word' id='word_1_256' title='bbox 1188 1920 1299 1963; x_wconf 91' lang='lat' dir='ltr'>loixii</span> <span class='ocrx_word' id='word_1_257' title='bbox 1329 1921 1408 1963; x_wconf 81' lang='grc' dir='ltr'>οὐτ’</span> <span class='ocrx_word' id='word_1_258' title='bbox 1431 1921 1502 1971; x_wconf 83' lang='grc' dir='ltr'>ἔτι,</span> <span class='ocrx_word' id='word_1_259' title='bbox 1524 1926 1567 1962; x_wconf 93' lang='lat' dir='ltr'>et</span> <span class='ocrx_word' id='word_1_260' title='bbox 1588 1922 1697 1963; x_wconf 84' lang='grc' dir='ltr'>Θεοῦ</span> <span class='ocrx_word' id='word_1_261' title='bbox 1729 1919 1792 1961; x_wconf 84' lang='grc' dir='ltr'>καὶ</span> 
     </span>
     <span class='ocr_line' id='line_1_30' title="bbox 384 1977 1792 2035; baseline -0.003 -14"><span class='ocrx_word' id='word_1_262' title='bbox 384 1981 558 2032; x_wconf 82' lang='grc' dir='ltr'>Χριστοῦ</span> <span class='ocrx_word' id='word_1_263' title='bbox 596 1978 771 2020; x_wconf 85' lang='grc' dir='ltr'>διάκονοι</span> <span class='ocrx_word' id='word_1_264' title='bbox 819 1993 895 2035; x_wconf 90' lang='lat' dir='ltr'>pro</span> <span class='ocrx_word' id='word_1_265' title='bbox 936 1978 1118 2035; x_wconf 84' lang='lat' dir='ltr'>ejusdem</span> <span class='ocrx_word' id='word_1_266' title='bbox 1161 1981 1271 2021; x_wconf 86' lang='grc' dir='ltr'>Θεοῦ</span> <span class='ocrx_word' id='word_1_267' title='bbox 1322 1979 1366 2020; x_wconf 79' lang='grc' dir='ltr'>ἐν</span> <span class='ocrx_word' id='word_1_268' title='bbox 1406 1978 1564 2034; x_wconf 72' lang='grc' dir='ltr'>Χριστῷ</span> <span class='ocrx_word' id='word_1_269' title='bbox 1604 1977 1792 2019; x_wconf 85' lang='grc' dir='ltr'>διάκονοι.</span> 
     </span>
     <span class='ocr_line' id='line_1_31' title="bbox 385 2032 1856 2092; baseline -0.003 -13"><span class='ocrx_word' id='word_1_270' title='bbox 385 2036 586 2079; x_wconf 87' lang='lat' dir='ltr'>USSER.</span> <span class='ocrx_word' id='word_1_271' title='bbox 609 2036 702 2079; x_wconf 89' lang='lat' dir='ltr'>MS.</span> <span class='ocrx_word' id='word_1_272' title='bbox 719 2040 1050 2088; x_wconf 85' lang='grc' dir='ltr'>μωμοσκοπεΐται·</span> <span class='ocrx_word' id='word_1_273' title='bbox 1073 2042 1116 2078; x_wconf 86' lang='lat' dir='ltr'>et</span> <span class='ocrx_word' id='word_1_274' title='bbox 1135 2035 1192 2078; x_wconf 86' lang='lat' dir='ltr'>sic</span> <span class='ocrx_word' id='word_1_275' title='bbox 1212 2035 1377 2078; x_wconf 90' lang='lat' dir='ltr'>omnino</span> <span class='ocrx_word' id='word_1_276' title='bbox 1391 2035 1626 2092; x_wconf 86' lang='lat' dir='ltr'>legendum,</span> <span class='ocrx_word' id='word_1_277' title='bbox 1648 2040 1695 2077; x_wconf 86' lang='lat' dir='ltr'>ut</span> <span class='ocrx_word' id='word_1_278' title='bbox 1714 2032 1790 2076; x_wconf 85' lang='lat' dir='ltr'>viri</span> <span class='ocrx_word' id='word_1_279' title='bbox 1804 2046 1856 2083; x_wconf 85' lang='grc' dir='ltr'>3ο</span> 
     </span>
     <span class='ocr_line' id='line_1_32' title="bbox 383 2092 1793 2150; baseline -0.002 -14"><span class='ocrx_word' id='word_1_280' title='bbox 383 2093 492 2137; x_wconf 87' lang='lat' dir='ltr'>docti</span> <span class='ocrx_word' id='word_1_281' title='bbox 514 2093 669 2135; x_wconf 87' lang='lat' dir='ltr'>dudum</span> <span class='ocrx_word' id='word_1_282' title='bbox 691 2093 976 2136; x_wconf 84' lang='lat' dir='ltr'>observarunt.</span> <span class='ocrx_word' id='word_1_283' title='bbox 1005 2093 1204 2136; x_wconf 88' lang='lat' dir='ltr'>SMITH.</span> <span class='ocrx_word' id='word_1_284' title='bbox 1267 2093 1380 2136; x_wconf 89' lang='lat' dir='ltr'>MSti</span> <span class='ocrx_word' id='word_1_285' title='bbox 1400 2092 1644 2150; x_wconf 81' lang='lat' dir='ltr'>scripturam</span> <span class='ocrx_word' id='word_1_286' title='bbox 1662 2107 1793 2144; x_wconf 85' lang='grc' dir='ltr'>μωμο-</span> 
     </span>
     <span class='ocr_line' id='line_1_33' title="bbox 385 2148 1792 2208; baseline -0.001 -16"><span class='ocrx_word' id='word_1_287' title='bbox 385 2155 603 2201; x_wconf 83' lang='grc' dir='ltr'>σκοπεῖται,</span> <span class='ocrx_word' id='word_1_288' title='bbox 625 2150 736 2207; x_wconf 91' lang='lat' dir='ltr'>quod</span> <span class='ocrx_word' id='word_1_289' title='bbox 757 2150 922 2207; x_wconf 89' lang='lat' dir='ltr'>quidem</span> <span class='ocrx_word' id='word_1_290' title='bbox 943 2152 1115 2194; x_wconf 87' lang='lat' dir='ltr'>verbum</span> <span class='ocrx_word' id='word_1_291' title='bbox 1136 2151 1248 2208; x_wconf 89' lang='lat' dir='ltr'>apud</span> <span class='ocrx_word' id='word_1_292' title='bbox 1268 2150 1368 2193; x_wconf 82' lang='lat' dir='ltr'>alios</span> <span class='ocrx_word' id='word_1_293' title='bbox 1392 2156 1559 2194; x_wconf 83' lang='lat' dir='ltr'>autores</span> <span class='ocrx_word' id='word_1_294' title='bbox 1579 2155 1728 2199; x_wconf 85' lang='lat' dir='ltr'>exstat,</span> <span class='ocrx_word' id='word_1_295' title='bbox 1749 2148 1792 2191; x_wconf 92' lang='lat' dir='ltr'>in</span> 
     </span>
     <span class='ocr_line' id='line_1_34' title="bbox 384 2206 1793 2266; baseline -0.002 -15"><span class='ocrx_word' id='word_1_296' title='bbox 384 2214 545 2251; x_wconf 87' lang='lat' dir='ltr'>textum</span> <span class='ocrx_word' id='word_1_297' title='bbox 578 2208 727 2265; x_wconf 84' lang='lat' dir='ltr'>recepi.</span> <span class='ocrx_word' id='word_1_298' title='bbox 788 2209 921 2251; x_wconf 86' lang='lat' dir='ltr'>Porro</span> <span class='ocrx_word' id='word_1_299' title='bbox 951 2208 1020 2251; x_wconf 86' lang='lat' dir='ltr'>vix</span> <span class='ocrx_word' id='word_1_300' title='bbox 1053 2208 1209 2258; x_wconf 84' lang='lat' dir='ltr'>dubito,</span> <span class='ocrx_word' id='word_1_301' title='bbox 1241 2208 1341 2266; x_wconf 88' lang='lat' dir='ltr'>quin</span> <span class='ocrx_word' id='word_1_302' title='bbox 1371 2223 1438 2251; x_wconf 84' lang='lat' dir='ltr'>res</span> <span class='ocrx_word' id='word_1_303' title='bbox 1469 2207 1616 2250; x_wconf 84' lang='lat' dir='ltr'>iciatur</span> <span class='ocrx_word' id='word_1_304' title='bbox 1648 2206 1715 2249; x_wconf 90' lang='lat' dir='ltr'>hic</span> <span class='ocrx_word' id='word_1_305' title='bbox 1749 2211 1793 2249; x_wconf 90' lang='lat' dir='ltr'>et</span> 
     </span>
     <span class='ocr_line' id='line_1_35' title="bbox 384 2223 1793 2323; baseline -0.001 -15"><span class='ocrx_word' id='word_1_306' title='bbox 384 2266 426 2308; x_wconf 88' lang='lat' dir='ltr'>in</span> <span class='ocrx_word' id='word_1_307' title='bbox 447 2266 583 2309; x_wconf 85' lang='lat' dir='ltr'>verbis</span> <span class='ocrx_word' id='word_1_308' title='bbox 606 2265 873 2323; x_wconf 83' lang='lat' dir='ltr'>sequentibus</span> <span class='ocrx_word' id='word_1_309' title='bbox 902 2266 956 2309; x_wconf 82' lang='lat' dir='ltr'>ad</span> <span class='ocrx_word' id='word_1_310' title='bbox 980 2266 1169 2323; x_wconf 87' lang='lat' dir='ltr'>Apostoli</span> <span class='ocrx_word' id='word_1_311' title='bbox 1193 2266 1326 2308; x_wconf 84' lang='lat' dir='ltr'>locum</span> <span class='ocrx_word' id='word_1_312' title='bbox 1353 2265 1396 2308; x_wconf 91' lang='lat' dir='ltr'>in</span> <span class='ocrx_word' id='word_1_313' title='bbox 1418 2223 1604 2322; x_wconf 75' lang='lat' dir='ltr'>Eppistola</span> <span class='ocrx_word' id='word_1_314' title='bbox 1630 2264 1685 2307; x_wconf 86' lang='lat' dir='ltr'>ad</span> <span class='ocrx_word' id='word_1_315' title='bbox 1706 2264 1793 2306; x_wconf 87' lang='lat' dir='ltr'>He-</span> 
     </span>
     <span class='ocr_line' id='line_1_36' title="bbox 384 2321 1855 2389; baseline -0.001 -23"><span class='ocrx_word' id='word_1_316' title='bbox 384 2324 532 2367; x_wconf 84' lang='lat' dir='ltr'>braeos</span> <span class='ocrx_word' id='word_1_317' title='bbox 548 2338 636 2389; x_wconf 87' lang='lat' dir='ltr'>cap.</span> <span class='ocrx_word' id='word_1_318' title='bbox 651 2323 702 2366; x_wconf 90' lang='lat' dir='ltr'>iv.</span> <span class='ocrx_word' id='word_1_319' title='bbox 717 2338 861 2366; x_wconf 89' lang='lat' dir='ltr'>comm.</span> <span class='ocrx_word' id='word_1_320' title='bbox 879 2336 939 2365; x_wconf 84' lang='lat'>12.</span> <span class='ocrx_word' id='word_1_321' title='bbox 953 2330 997 2366; x_wconf 90' lang='lat' dir='ltr'>et</span> <span class='ocrx_word' id='word_1_322' title='bbox 1019 2337 1081 2380; x_wconf 84' lang='lat'>13.</span> <span class='ocrx_word' id='word_1_323' title='bbox 1096 2324 1165 2366; x_wconf 91' lang='lat' dir='ltr'>ubi</span> <span class='ocrx_word' id='word_1_324' title='bbox 1185 2329 1351 2366; x_wconf 84' lang='lat' dir='ltr'>exstant</span> <span class='ocrx_word' id='word_1_325' title='bbox 1363 2323 1631 2380; x_wconf 82' lang='lat' dir='ltr'>metaphorae</span> <span class='ocrx_word' id='word_1_326' title='bbox 1644 2321 1792 2364; x_wconf 83' lang='lat' dir='ltr'>ductae</span> <span class='ocrx_word' id='word_1_327' title='bbox 1805 2331 1855 2371; x_wconf 88' lang='grc'>35</span> 
     </span>
     <span class='ocr_line' id='line_1_37' title="bbox 383 2380 1792 2433; baseline -0.002 -9"><span class='ocrx_word' id='word_1_328' title='bbox 383 2396 410 2424; x_wconf 85' lang='lat' dir='ltr'>a</span> <span class='ocrx_word' id='word_1_329' title='bbox 443 2380 663 2424; x_wconf 79' lang='lat' dir='ltr'>sacrifimis.</span> <span class='ocrx_word' id='word_1_330' title='bbox 725 2381 947 2423; x_wconf 79' lang='lat' dir='ltr'>Praestare</span> <span class='ocrx_word' id='word_1_331' title='bbox 975 2385 1294 2433; x_wconf 72' lang='grc' dir='ltr'>μωμοσκοπεῖται</span> <span class='ocrx_word' id='word_1_332' title='bbox 1325 2380 1518 2423; x_wconf 89' lang='lat' dir='ltr'>Codicem</span> <span class='ocrx_word' id='word_1_333' title='bbox 1552 2380 1648 2422; x_wconf 82' lang='lat' dir='ltr'>vat.</span> <span class='ocrx_word' id='word_1_334' title='bbox 1684 2393 1792 2422; x_wconf 89' lang='lat' dir='ltr'>nunc</span> 
     </span>
     <span class='ocr_line' id='line_1_38' title="bbox 383 2436 1791 2488; baseline -0.001 -7"><span class='ocrx_word' id='word_1_335' title='bbox 383 2438 516 2482; x_wconf 80' lang='lat' dir='ltr'>refert</span> <span class='ocrx_word' id='word_1_336' title='bbox 554 2438 824 2488; x_wconf 79' lang='lat' dir='ltr'>Jacobsonus,</span> <span class='ocrx_word' id='word_1_337' title='bbox 865 2438 939 2480; x_wconf 82' lang='lat' dir='ltr'>sed</span> <span class='ocrx_word' id='word_1_338' title='bbox 978 2438 1137 2480; x_wconf 88' lang='lat' dir='ltr'>divisim</span> <span class='ocrx_word' id='word_1_339' title='bbox 1178 2453 1317 2480; x_wconf 86' lang='lat' dir='ltr'>vocem</span> <span class='ocrx_word' id='word_1_340' title='bbox 1358 2436 1546 2480; x_wconf 88' lang='lat' dir='ltr'>exhiberi</span> <span class='ocrx_word' id='word_1_341' title='bbox 1581 2436 1622 2479; x_wconf 88' lang='lat' dir='ltr'>in</span> <span class='ocrx_word' id='word_1_342' title='bbox 1660 2436 1791 2479; x_wconf 88' lang='lat' dir='ltr'>Codd.</span> 
     </span>
     <span class='ocr_line' id='line_1_39' title="bbox 389 2494 1794 2552; baseline 0 -13"><span class='ocrx_word' id='word_1_343' title='bbox 389 2496 571 2539; x_wconf 80' lang='lat' dir='ltr'>Florent.</span> <span class='ocrx_word' id='word_1_344' title='bbox 594 2502 638 2539; x_wconf 88' lang='lat' dir='ltr'>et</span> <span class='ocrx_word' id='word_1_345' title='bbox 659 2495 788 2538; x_wconf 79' lang='lat' dir='ltr'>Paris.</span> <span class='ocrx_word' id='word_1_346' title='bbox 811 2510 986 2552; x_wconf 87' lang='lat' dir='ltr'>quorum</span> <span class='ocrx_word' id='word_1_347' title='bbox 1006 2495 1074 2538; x_wconf 88' lang='lat' dir='ltr'>ille</span> <span class='ocrx_word' id='word_1_348' title='bbox 1094 2496 1482 2549; x_wconf 80' lang='grc' dir='ltr'>μῶμω-σκοπεῖται</span> <span class='ocrx_word' id='word_1_349' title='bbox 1508 2494 1647 2544; x_wconf 80' lang='lat' dir='ltr'>habet,</span> <span class='ocrx_word' id='word_1_350' title='bbox 1668 2495 1794 2548; x_wconf 84' lang='grc' dir='ltr'>μόμος</span> 
     </span>
     <span class='ocr_line' id='line_1_40' title="bbox 386 2553 1359 2611; baseline -0.001 -15"><span class='ocrx_word' id='word_1_351' title='bbox 386 2568 485 2597; x_wconf 86' lang='lat' dir='ltr'>orae</span> <span class='ocrx_word' id='word_1_352' title='bbox 506 2553 599 2597; x_wconf 86' lang='lat' dir='ltr'>libri</span> <span class='ocrx_word' id='word_1_353' title='bbox 619 2553 841 2611; x_wconf 66' lang='lat' dir='ltr'>adscripto,</span> <span class='ocrx_word' id='word_1_354' title='bbox 863 2553 929 2596; x_wconf 89' lang='lat' dir='ltr'>hic</span> <span class='ocrx_word' id='word_1_355' title='bbox 948 2554 1359 2606; x_wconf 72' lang='grc' dir='ltr'>μόμος-σκωπεΐται.</span> 
     </span>
    </p>

    <p class='ocr_par' dir='ltr' id='par_1_8' title="bbox 387 2608 1858 2955">
     <span class='ocr_line' id='line_1_41' title="bbox 447 2608 1858 2665; baseline -0.004 -11"><span class='ocrx_word' id='word_1_356' title='bbox 447 2611 550 2654; x_wconf 90' lang='lat' dir='ltr'>Ibid.</span> <span class='ocrx_word' id='word_1_357' title='bbox 584 2611 608 2653; x_wconf 92' lang='lat' dir='ltr'>l.</span> <span class='ocrx_word' id='word_1_358' title='bbox 637 2624 701 2655; x_wconf 87' lang='lat'>12.</span> <span class='ocrx_word' id='word_1_359' title='bbox 733 2610 822 2653; x_wconf 75' lang='grc' dir='ltr'>οὔτέ</span> <span class='ocrx_word' id='word_1_360' title='bbox 851 2627 889 2653; x_wconf 88' lang='grc' dir='ltr'>τι</span> <span class='ocrx_word' id='word_1_361' title='bbox 921 2615 998 2653; x_wconf 85' lang='grc' dir='ltr'>τῶν</span> <span class='ocrx_word' id='word_1_362' title='bbox 1031 2614 1209 2665; x_wconf 82' lang='grc' dir='ltr'>κρυπτῶν</span> <span class='ocrx_word' id='word_1_363' title='bbox 1239 2612 1306 2663; x_wconf 82' lang='grc' dir='ltr'>τῆς</span> <span class='ocrx_word' id='word_1_364' title='bbox 1339 2610 1509 2665; x_wconf 82' lang='grc' dir='ltr'>καρδίας]</span> <span class='ocrx_word' id='word_1_365' title='bbox 1547 2608 1794 2651; x_wconf 85' lang='lat' dir='ltr'>Emendavit</span> <span class='ocrx_word' id='word_1_366' title='bbox 1806 2622 1858 2657; x_wconf 87' lang='lat'>40</span> 
     </span>
     <span class='ocr_line' id='line_1_42' title="bbox 387 2666 1792 2726; baseline -0.003 -15"><span class='ocrx_word' id='word_1_367' title='bbox 387 2684 438 2711; x_wconf 86' lang='lat' dir='ltr'>ox</span> <span class='ocrx_word' id='word_1_368' title='bbox 462 2668 651 2712; x_wconf 82' lang='lat' dir='ltr'>Salmasii</span> <span class='ocrx_word' id='word_1_369' title='bbox 671 2683 697 2711; x_wconf 84' lang='lat' dir='ltr'>a</span> <span class='ocrx_word' id='word_1_370' title='bbox 783 2668 915 2726; x_wconf 84' lang='lat' dir='ltr'>rapbo</span> <span class='ocrx_word' id='word_1_371' title='bbox 940 2667 1131 2711; x_wconf 72' lang='lat' dir='ltr'>Usserius</span> <span class='ocrx_word' id='word_1_372' title='bbox 1151 2666 1243 2711; x_wconf 76' lang='grc' dir='ltr'>οὔτέ</span> <span class='ocrx_word' id='word_1_373' title='bbox 1267 2684 1304 2710; x_wconf 85' lang='grc' dir='ltr'>τι</span> <span class='ocrx_word' id='word_1_374' title='bbox 1327 2671 1405 2710; x_wconf 84' lang='grc' dir='ltr'>τῶν</span> <span class='ocrx_word' id='word_1_375' title='bbox 1454 2681 1501 2709; x_wconf 88' lang='lat' dir='ltr'>ro</span> <span class='ocrx_word' id='word_1_376' title='bbox 1522 2666 1600 2709; x_wconf 80' lang='grc' dir='ltr'>οὔτ’</span> <span class='ocrx_word' id='word_1_377' title='bbox 1624 2667 1681 2708; x_wconf 75' lang='grc' dir='ltr'>ἔτι</span> <span class='ocrx_word' id='word_1_378' title='bbox 1701 2669 1792 2716; x_wconf 82' lang='grc' dir='ltr'>τῶν,</span> 
     </span>
     <span class='ocr_line' id='line_1_43' title="bbox 387 2683 1794 2792; baseline -0.003 -23"><span class='ocrx_word' id='word_1_379' title='bbox 387 2727 497 2792; x_wconf 77' lang='lat' dir='ltr'>quod</span> <span class='ocrx_word' id='word_1_380' title='bbox 519 2726 642 2769; x_wconf 79' lang='lat' dir='ltr'>etiam</span> <span class='ocrx_word' id='word_1_381' title='bbox 667 2683 760 2769; x_wconf 50' lang='lat' dir='ltr'>biiii·</span> <span class='ocrx_word' id='word_1_382' title='bbox 794 2725 940 2769; x_wconf 79' lang='lat' dir='ltr'>landus</span> <span class='ocrx_word' id='word_1_383' title='bbox 961 2740 1046 2769; x_wconf 79' lang='lat' dir='ltr'>orm</span> <span class='ocrx_word' id='word_1_384' title='bbox 1076 2724 1253 2791; x_wconf 83' lang='lat' dir='ltr'>exempli</span> <span class='ocrx_word' id='word_1_385' title='bbox 1284 2724 1362 2768; x_wconf 88' lang='lat' dir='ltr'>mei</span> <span class='ocrx_word' id='word_1_386' title='bbox 1388 2725 1422 2767; x_wconf 82' lang='lat' dir='ltr'>A</span> <span class='ocrx_word' id='word_1_387' title='bbox 1442 2723 1678 2767; x_wconf 81' lang='lat' dir='ltr'>drichianae</span> <span class='ocrx_word' id='word_1_388' title='bbox 1709 2722 1794 2765; x_wconf 91' lang='lat' dir='ltr'>edi-</span> 
     </span>
     <span class='ocr_line' id='line_1_44' title="bbox 389 2779 1794 2841; baseline -0.002 -15"><span class='ocrx_word' id='word_1_389' title='bbox 389 2783 510 2826; x_wconf 75' lang='lat' dir='ltr'>tionis</span> <span class='ocrx_word' id='word_1_390' title='bbox 545 2783 775 2841; x_wconf 69' lang='lat' dir='ltr'>adscripsit.</span> <span class='ocrx_word' id='word_1_391' title='bbox 836 2784 928 2826; x_wconf 84' lang='lat' dir='ltr'>Hoc</span> <span class='ocrx_word' id='word_1_392' title='bbox 963 2782 1112 2841; x_wconf 85' lang='lat' dir='ltr'>recepi.</span> <span class='ocrx_word' id='word_1_393' title='bbox 1175 2782 1372 2826; x_wconf 79' lang='lat' dir='ltr'>Suniliter</span> <span class='ocrx_word' id='word_1_394' title='bbox 1403 2781 1482 2824; x_wconf 86' lang='lat' dir='ltr'>scri</span> <span class='ocrx_word' id='word_1_395' title='bbox 1515 2788 1600 2824; x_wconf 85' lang='lat' dir='ltr'>tum</span> <span class='ocrx_word' id='word_1_396' title='bbox 1633 2795 1722 2824; x_wconf 85' lang='lat' dir='ltr'>esse</span> <span class='ocrx_word' id='word_1_397' title='bbox 1752 2779 1794 2823; x_wconf 87' lang='lat' dir='ltr'>in</span> 
     </span>
     <span class='ocr_line' id='line_1_45' title="bbox 391 2839 1795 2899; baseline -0.004 -14"><span class='ocrx_word' id='word_1_398' title='bbox 391 2841 492 2885; x_wconf 85' lang='lat' dir='ltr'>Cod.</span> <span class='ocrx_word' id='word_1_399' title='bbox 517 2842 550 2883; x_wconf 70' lang='lat'>1⁴¹</span> <span class='ocrx_word' id='word_1_400' title='bbox 552 2841 625 2883; x_wconf 87' lang='lat' dir='ltr'>lor.</span> <span class='ocrx_word' id='word_1_401' title='bbox 647 2841 828 2885; x_wconf 73' lang='lat' dir='ltr'>ostendit</span> <span class='ocrx_word' id='word_1_402' title='bbox 847 2856 926 2899; x_wconf 85' lang='lat' dir='ltr'>apo</span> <span class='ocrx_word' id='word_1_403' title='bbox 958 2841 1134 2898; x_wconf 78' lang='lat' dir='ltr'>rapham</span> <span class='ocrx_word' id='word_1_404' title='bbox 1161 2839 1480 2883; x_wconf 81' lang='lat' dir='ltr'>Vossio-Dodwe</span> <span class='ocrx_word' id='word_1_405' title='bbox 1498 2839 1675 2890; x_wconf 82' lang='lat' dir='ltr'>lianum;</span> <span class='ocrx_word' id='word_1_406' title='bbox 1701 2852 1795 2881; x_wconf 85' lang='lat' dir='ltr'>con-</span> 
     </span>
     <span class='ocr_line' id='line_1_46' title="bbox 391 2857 1857 2955; baseline 0.002 -15"><span class='ocrx_word' id='word_1_407' title='bbox 391 2898 579 2941; x_wconf 74' lang='lat' dir='ltr'>firmante</span> <span class='ocrx_word' id='word_1_408' title='bbox 602 2899 642 2941; x_wconf 87' lang='lat' dir='ltr'>id</span> <span class='ocrx_word' id='word_1_409' title='bbox 663 2899 896 2942; x_wconf 76' lang='lat' dir='ltr'>Jacobsono</span> <span class='ocrx_word' id='word_1_410' title='bbox 917 2857 968 2942; x_wconf 46' lang='lat' dir='ltr'>(lio</span> <span class='ocrx_word' id='word_1_411' title='bbox 989 2914 1038 2942; x_wconf 87' lang='lat' dir='ltr'>eo</span> <span class='ocrx_word' id='word_1_412' title='bbox 1058 2905 1101 2942; x_wconf 87' lang='lat' dir='ltr'>et</span> <span class='ocrx_word' id='word_1_413' title='bbox 1122 2897 1289 2955; x_wconf 84' lang='lat' dir='ltr'>reliquis</span> <span class='ocrx_word' id='word_1_414' title='bbox 1309 2897 1526 2940; x_wconf 86' lang='lat' dir='ltr'>codicibus.</span> <span class='ocrx_word' id='word_1_415' title='bbox 1807 2907 1857 2945; x_wconf 88' lang='lat'>45</span> 
     </span>
    </p>
   </div>
  </div>
 </body>
</html>
