2034 3204
400 221 463 264 IN
494 221 778 264 TERTULL.
812 221 889 262 DE
923 219 1301 263 PRAESCRIPT.
1335 220 1510 262 HAER.
1578 223 1661 268 198

314 327 361 370 P.
384 328 476 370 128.
498 327 526 369 1.
546 327 608 369 18.
625 326 680 369 ad
694 325 916 368 ineundam
941 325 1334 368 curiositatem—ad
1355 324 1659 382 importandam

254 382 568 439 curiositatem]
601 384 742 426 Habet
771 389 915 426 auctor
946 383 1067 434 infra,
1098 383 1140 425 in
1166 397 1255 439 cap.
1283 397 1296 424 ι
1309 396 1347 431 2,
1371 387 1383 405 ‘
1399 383 1660 439 quaestiones

256 450 266 466 ‘
287 441 419 484 inire?
463 442 526 484 Ac
544 441 675 483 simile
695 447 759 483 est
777 441 880 483 illud
899 455 1038 498 supra,
1061 448 1070 465 ⁶
1085 454 1260 497 quarum
1281 455 1409 497 opera
1428 446 1525 483 sunt
1543 441 1660 483 adul-

257 505 267 522 ‘
287 505 404 542 terae
419 498 655 549 doctrinam
677 499 868 541 haereses
879 498 1018 541 dictae
1031 498 1194 541 Graeca
1213 512 1324 547 voce,
1338 512 1391 540 ex
1411 498 1660 555 interpreta-

216 569 240 607 5
256 562 266 580 ‘
287 556 398 599 tione
417 557 644 605 electionis,
661 570 744 612 qua
764 555 856 612 quis
875 556 960 599 sive
979 556 1034 598 ad
1053 555 1340 607 instituendas,
1355 555 1441 597 sive
1460 555 1515 598 ad
1535 556 1659 598 susci-

255 619 266 638 ‘
287 613 459 671 piendas
488 628 571 664 eaS,
592 613 750 656 utitur:
780 628 822 670 p.
844 614 938 663 126,
959 613 988 656 l.
1011 626 1079 657 20.
1139 613 1271 655 Porro
1301 613 1389 655 sine
1416 627 1551 663 causa,
1573 613 1659 670 opi-

253 685 343 722 nor,
363 671 539 714 mutavit
558 671 828 728 posteriorem
856 685 995 714 vocem
1024 672 1317 714 curiositatem
1336 670 1378 712 in
1399 671 1659 727 scrupulosi-

254 737 386 772 tatem
406 729 626 785 Rigaltius.
679 729 919 771 Adnotante
939 729 994 772 ad
1014 728 1111 771 edit.
1133 729 1356 771 Halensem
1380 728 1579 778 Semlero,
1602 728 1659 770 vi-

253 786 344 829 deri
363 800 513 828 nomen
533 801 681 829 novum
702 786 893 835 abfuisse,
910 787 1204 829 curiositatem
1224 786 1426 829 revocavi.

193 856 241 885 10
312 843 420 887 Ibid.
434 843 460 886 l.
478 856 546 900 25.
567 858 693 900 quum
710 843 833 886 etiam
854 844 882 886 J
885 858 1038 886 oannes
1053 843 1107 886 de
1126 842 1196 885 illo
1211 849 1349 887 certus
1364 857 1453 885 esse
1469 843 1658 899 desisset]

254 901 595 959 Interpungendo
614 907 709 958 post
728 915 867 944 vocem
889 909 1040 952 certus,
1065 900 1272 944 diversum
1302 901 1467 943 omnino
1494 915 1657 944 sensum

253 958 363 1002 eruit
383 958 437 1001 Ri
468 958 617 1009 altius;
648 959 721 1001 sed
741 959 884 1001 dubito
904 974 958 1002 an
979 973 1136 1001 verum.

311 1016 416 1059 Ibid.
456 1049 465 1059 .
487 1030 556 1072 30.
587 1017 775 1066 Habent,
806 1016 953 1073 inquit,
974 1017 1151 1072 Moysen
1181 1025 1221 1059 et
1250 1017 1446 1071 Heliam]
1473 1016 1555 1059 Hic
1575 1030 1658 1058 me-

251 1073 384 1116 moria
421 1073 568 1117 fefellit
612 1080 835 1116 auctorem.
879 1074 1128 1116 SEMLER.
1189 1075 1365 1116 Habent
1404 1075 1581 1130 Moysen
1620 1083 1659 1116 et

193 1144 239 1182 15
252 1131 508 1187 Prophetas,
531 1131 573 1174 S.
589 1132 734 1181 Lucas,
755 1131 835 1174 xvi.
855 1143 920 1184 29.

310 1189 358 1231 P.
385 1201 477 1245 129.
508 1189 537 1232 l.
560 1190 599 1232 8.
626 1189 821 1246 pulsabit]
852 1188 1033 1232 Mutavit
1053 1188 1262 1246 Rigaltius
1288 1189 1331 1230 in
1355 1190 1581 1244 pulsavioe
1616 1196 1659 1231 et

251 1260 379 1303 supra
407 1245 450 1288 in
479 1246 507 1288 l.
531 1259 554 1288 2
587 1261 663 1303 pro
694 1248 777 1290 erit
806 1247 963 1289 mavult
991 1255 1089 1289 erat
1117 1246 1279 1288 ‚Iunius
1342 1246 1425 1288 Sed
1458 1246 1658 1289 Christia-

251 1318 349 1346 num
391 1303 553 1360 Lupum
593 1309 637 1347 et
669 1303 932 1346 Cardinalem
973 1303 1236 1346 Thomasium
1277 1309 1441 1346 secutus
1475 1311 1658 1346 veterem

250 1360 466 1404 lectionem
498 1361 701 1404 revocavi.
761 1361 863 1404 Mox
883 1370 932 1404 at
963 1375 1040 1418 pro
1067 1376 1128 1404 an
1159 1375 1251 1404 cum
1284 1361 1503 1404 verborum
1536 1376 1658 1404 sensu

189 1418 357 1462 achone
385 1419 635 1461 conveniret.

310 1475 417 1518 lbid.
447 1475 473 1518 l.
499 1489 564 1527 24.
587 1477 645 1518 Et
675 1476 751 1518 hoc
781 1490 885 1533 erga
914 1475 1004 1518 illos
1031 1475 1151 1532 facit]
1182 1475 1325 1519 Edidit
1355 1476 1574 1534 Rigaltius,
1598 1478 1658 1519 E't

250 1534 329 1577 hoc
351 1548 450 1590 erqo
478 1534 556 1576 illo
572 1535 708 1590 facit.
770 1534 832 1576 At
852 1548 964 1583 vere,
992 1539 1040 1576 ut
1068 1533 1128 1576 ait
1150 1533 1374 1584 Semlerus,
1395 1534 1657 1576 scribendum

250 1605 340 1634 esse
360 1606 465 1647 crya
483 1605 560 1648 pro
581 1606 693 1648 erqo,
714 1590 813 1634 edit.
841 1591 1038 1648 principis
1066 1590 1254 1640 lectione,
1275 1591 1382 1634 bene
1402 1591 1575 1649 conjecit
1601 1592 1658 1634 ibi

251 1648 505 1698 Rhenanus;
531 1663 709 1706 namque
728 1655 874 1706 postea
889 1654 1039 1698 exstat,
1052 1649 1241 1692 vacabat
1259 1664 1363 1706 erya
1383 1664 1471 1692 nos.
1532 1650 1659 1692 Prae-

189 1715 238 1754 25
251 1712 365 1750 stant
383 1721 488 1763 erya
514 1707 614 1749 edit.
639 1706 833 1749 Rhenani
859 1706 1017 1758 ultima,
1040 1706 1170 1749 Paris.
1191 1712 1383 1763 utraque,
1405 1714 1449 1750 et
1477 1707 1657 1749 Franek.

250 1764 376 1821 idque
404 1769 502 1806 ante
530 1778 597 1806 me
626 1770 875 1807 revocarunt
900 1765 1042 1821 Lupus
1071 1770 1115 1807 et
1138 1764 1371 1807 Cardinalis
1401 1765 1657 1807 Thomasius.

254 1821 476 1878 Reponere
505 1821 594 1864 vult
621 1822 649 1864 J
653 1821 773 1864 unius
791 1823 906 1878 feeit
932 1836 1009 1878 pro
1020 1823 1157 1878 facit,
1189 1836 1337 1879 nempe
1367 1822 1479 1878 quod
1507 1822 1658 1879 promi-

251 1884 377 1928 serat,
404 1884 453 1920 ut
477 1885 674 1922 narratur
698 1879 791 1922 Act.
814 1879 892 1922 iet
910 1878 954 1921 ii.
1014 1879 1210 1922 Ceterum
1237 1879 1304 1921 hic
1331 1880 1520 1922 conferas
1550 1894 1659 1936 quae

251 1935 373 1986 infra,
394 1935 529 1992 capite
551 1937 619 1986 28,
639 1942 784 1979 auctor
803 1936 1024 2002 scripserit.

188 2005 240 2041 30
311 1994 360 2035 P.
386 2006 480 2049 130.
510 1994 537 2036 l.
561 2007 600 2037 2.
620 2000 759 2036 tamen
781 2000 824 2036 et
849 1994 916 2036 h1c
936 1994 1095 2051 expetit
1114 2007 1272 2044 sensus,
1292 1998 1455 2036 certare
1475 2009 1568 2036 cum
1597 1995 1659 2036 in-

252 2050 562 2108 terpretationis
591 2051 886 2108 gubernaculo]
922 2051 990 2095 Sic
1019 2051 1118 2094 edit.
1139 2051 1357 2116 princeps;
1388 2051 1462 2093 sed
1488 2054 1659 2108 eoepedit

251 2123 329 2166 pro
349 2109 476 2150 verbo
496 2110 653 2164 eapetit
672 2109 830 2152 habent
856 2109 921 2152 ed.
942 2108 1087 2152 ultima
1106 2109 1299 2151 Rhenam
1319 2114 1363 2151 et
1387 2108 1522 2165 prima
1542 2110 1658 2152 Pari-

252 2165 407 2208 siensis.
445 2166 668 2209 Praestant
679 2166 878 2210 editiones
894 2166 1025 2209 Paris.
1042 2166 1223 2209 secunda
1237 2171 1280 2208 et
1295 2166 1476 2209 Franek.
1494 2172 1506 2191 ‘
1518 2172 1659 2210 tamen

254 2230 264 2247 ·'
278 2229 321 2266 et
340 2223 407 2265 hic
429 2223 587 2280 expetit
606 2238 748 2266 sensus
762 2233 903 2268 certae
922 2223 1276 2281 interpretationis
1292 2225 1658 2280 yubernaeulam,'

188 2291 239 2331 35
253 2286 296 2324 et
315 2287 614 2324 revocaverunt
636 2282 744 2324 hanc
770 2281 986 2325 lectionem
1007 2282 1150 2339 Lupus
1169 2288 1212 2324 et
1231 2281 1488 2324 Thomasius.
1546 2282 1656 2324 Nam

253 2338 443 2381 ediderat
467 2338 687 2395 Rigaltius,
707 2339 908 2382 afferente
936 2339 1038 2382 illud
1064 2354 1088 2382 e
1108 2339 1239 2383 veteri
1268 2353 1342 2382 suo
1364 2339 1516 2382 Codice
1532 2340 1658 2382 Wou-

252 2395 391 2444 werio‚
415 2401 426 2419 ‘
439 2401 578 2438 tamen
593 2397 718 2439 ethic
737 2399 906 2454 expedit
925 2412 1049 2441 sensu
1065 2403 1227 2440 certare
1242 2411 1334 2439 cum
1349 2396 1658 2462 interpretatio-

257 2459 267 2476 ‘
282 2453 346 2495 nis
360 2453 664 2510 gubernacu10.'
700 2454 975 2498 Pmetulerim
991 2469 1070 2512 ego
1084 2454 1298 2497 lectionem
1313 2454 1609 2511 Rigaltianam,
1623 2455 1658 2497 si

254 2510 375 2552 modo
395 2510 485 2553 voci
511 2526 634 2554 semu
660 2512 863 2568 particula
887 2514 940 2555 de
968 2517 1262 2569 praeponatur.
1326 2511 1395 2554 Ad
1416 2526 1536 2554 voces
1561 2527 1657 2555 eum

189 2582 240 2615 40
253 2569 623 2624 interpretationis
645 2571 930 2621 qubemaculo
950 2570 1061 2626 quod
1089 2570 1253 2620 attinet,
1274 2568 1416 2611 scribit
1441 2575 1586 2611 auctor
1613 2569 1657 2612 in

253 2625 321 2667 lib.
343 2640 416 2667 suo
437 2625 491 2668 de
510 2614 726 2678 Pudicitia,
741 2641 830 2684 cap.
848 2641 888 2684 9,
910 2633 922 2652 ‘
936 2627 1035 2669 Plus
1050 2633 1114 2669 est
1131 2627 1261 2684 igitur
1280 2626 1316 2668 si
1335 2641 1411 2668 nec
1425 2627 1596 2692 expedit
1613 2627 1658 2669 in

253 2689 263 2706 ‘
287 2683 566 2726 Christianum
588 2684 806 2727 convenire
821 2684 1007 2727 ordinem
1023 2684 1095 2726 filii
1114 2683 1291 2741 prodigi.
1325 2684 1448 2735 Quod
1468 2699 1502 2726 Sl
1522 2699 1598 2726 nec
1613 2684 1656 2726 in

252 2744 264 2764 ‘
282 2740 490 2782 Judaeum
503 2740 666 2799 integre
680 2741 753 2784 filii
764 2741 902 2800 imago
916 2741 1136 2794 concurrit,
1152 2742 1207 2784 ad
1219 2741 1474 2798 propositum
1488 2742 1655 2784 Domini

253 2803 263 2822 ‘
285 2797 524 2854 simpliciter
547 2800 849 2855 interpretatio
872 2800 1210 2855 qubmabiturss
1269 2800 1402 2841 Porro
1421 2814 1517 2842 mox
1546 2799 1657 2842 infra

189 2864 239 2903 45
253 2853 467 2905 habes,-‘
489 2871 542 2899 ne
574 2857 777 2908 Quaerite
806 2866 846 2900 et
875 2858 1098 2900 invenietis
1127 2857 1215 2899 sine
1244 2856 1457 2913 disciplina
1485 2857 1658 2899 rationis

311 2926 403 2955 von.
426 2927 453 2955 1.
989 2929 1015 2956 o
