2034 3204
390 211 667 254 NIOAENI
703 210 999 254 CONCILII
1037 211 1486 255 UNIVERSALIS.
1575 213 1664 258 379

256 322 454 387 τασχεΐν
490 317 807 387 εὐχαριστίας,
836 318 863 369 ὁ
886 316 1189 372 Ἐπίσκοπος
1224 316 1344 382 μετὰ
1380 317 1664 383 δοκιμασίας

255 399 542 466 μεταδιδότω
566 404 652 468 τῆς
675 405 979 472 προσφορᾶς.

751 569 1023 619 ΚΑΝΩΝ
1067 569 1158 619 ΙΔ.

333 666 452 733 Περὶ
483 670 580 718 τῶν
610 666 974 736 κατηχουμένων
1003 668 1080 718 καὶ
1116 664 1497 735 παραπεσόντων
1525 665 1661 735 ἔδοξε

217 753 314 821 5τῇ
351 751 465 822 ἁγίᾳ
502 753 579 804 καὶ
615 749 803 820 μεγάλῃ
836 750 1048 823 Συνόδῳ,
1083 751 1209 804 ὥστε
1239 755 1384 820 τριῶν
1416 753 1535 804 ε’τῶν
1566 753 1656 804 αὑ-

254 834 365 892 τοὺς
401 835 725 905 ἀκροωμένους
758 834 919 901 μόνον,
953 835 1073 902 μετὰ
1105 842 1256 890 ταῦτα
1291 838 1512 907 εὔχεσθαι
1540 835 1660 903 μετὰ

253 925 350 974 τῶν
375 920 750 992 κατηχουμένων.

752 1072 1020 1122 ΚΑΝΩΝ
1068 1072 1152 1122 ΙΕ.

329 1164 427 1218 Διὰ
451 1163 537 1218 τὸν
559 1163 718 1218 πολὺν
736 1164 948 1236 τάραχον
972 1167 1049 1218 καὶ
1073 1165 1160 1222 τὰς
1185 1164 1385 1222 στάσεις
1409 1166 1495 1223 τὰς
1524 1190 1652 1235 γινο-

193 1276 241 1302 ιο
252 1250 416 1316 μένας,
443 1248 578 1319 ἔδοξε
607 1249 889 1304 παντάπασι
921 1253 1266 1319 περιαιρεθῆναι
1290 1250 1378 1317 τὴν
1402 1252 1659 1319 συνήθειαν

253 1334 341 1401 τὴν
383 1334 516 1404 παρὰ
557 1333 642 1388 τὸν
687 1335 865 1389 κανόνα
907 1338 1177 1405 εὑρεθεῖσαν
1216 1337 1266 1389 ἕν
1303 1360 1403 1389 τισι
1444 1337 1654 1406 με’ρεσιν,

251 1418 379 1473 ὥστε
418 1418 513 1473 ἀπὸ
554 1418 740 1476 πόλεως
779 1423 844 1476 εἷς
885 1419 1031 1473 πόλιν
1076 1419 1143 1486 μὴ
1186 1422 1497 1486 μεταβαίνειν,
1539 1422 1659 1489 μήτε

251 1505 570 1567 Ἐπίσκοπον,
597 1503 714 1571 μήτε
741 1505 1096 1574 Πρεσβύτερον,
1120 1505 1239 1573 μήτε
1267 1505 1520 1560 Διάκονον.
1598 1511 1658 1560 El

251 1588 307 1642 δέ
323 1613 394 1647 τις
417 1612 536 1657 μετα
560 1588 645 1643 τὸν
669 1593 754 1656 τῆς
778 1591 918 1658 ἁγίας
941 1593 1019 1643 καὶ
1042 1590 1259 1658 μεγάλης
1285 1591 1548 1645 Συνόδου“
1523 1616 1655 1661 ορον,

191 1694 238 1735 15
250 1697 448 1746 τοιουτω
484 1676 575 1728 τινὶ
617 1674 965 1745 ἐπιχειρήσειεν,
1005 1674 1035 1742 ἢ
1075 1676 1255 1742 ἐπιδοιη
1297 1676 1464 1730 ἑαυτὸν
1499 1676 1658 1746 πράγ-

250 1782 364 1824 ματι
386 1757 598 1830 τοιούτῳ,
623 1759 979 1828 ἀκυρωθήσεται
1010 1758 1278 1829 ἐξάπαντος
1301 1759 1357 1814 τὸ
1388 1762 1654 1814 κατασκεύ-

252 1866 403 1909 ασμα,
445 1845 523 1896 καὶ
565 1843 1079 1911 ἀποκατασταθήσεται
1114 1847 1174 1914 τῇ
1203 1845 1495 1917 Ἐκκλησία,
1535 1847 1593 1914 ἧς
1630 1850 1658 1900 ὁ

250 1929 551 1985 Ἐπίσκοπος
573 1925 604 1995 ἢ
630 1930 657 1981 ὁ
682 1928 1022 1999 Πρεσβύτερος
1046 1929 1390 2001 ἐχειροτονήθη.

252 2084 425 2136 poscenti
448 2083 521 2123 sibi
543 2083 822 2123 communionis
841 2097 927 2135 gra-
981 2085 1106 2123 modis
1137 2085 1340 2136 amputari,
1371 2099 1469 2138 quae
1504 2092 1659 2138 praeter

251 2139 348 2178 tiam
378 2138 510 2186 tribui,
541 2138 754 2190 Episcopus
790 2139 927 2190 proba·
981 2139 1154 2190 regulam
1172 2139 1213 2177 in
1231 2140 1460 2190 quibusdam
1483 2142 1658 2192 partibus

252 2193 382 2232 biliter
405 2206 454 2232 ex
482 2193 674 2232 oblatione
699 2193 790 2231 dare
815 2193 928 2232 debe-
981 2193 1135 2232 videtur
1162 2194 1337 2243 admissa,
1365 2195 1422 2234 ita
1453 2201 1498 2235 ut
1530 2197 1578 2235 de
1606 2197 1658 2236 ci-

252 2247 322 2286 bit,
981 2248 1102 2287 vitate
1121 2248 1170 2286 ad
1189 2248 1385 2288 civitatem
1403 2263 1481 2288 non
1501 2251 1659 2301 Episco-

421 2298 615 2339 CANON
646 2300 754 2339 XIV.
982 2315 1066 2354 pus,
1086 2316 1163 2341 non
1183 2302 1397 2354 Poesbyter,
1417 2317 1494 2342 non
1520 2305 1659 2344 Diaco-

299 2366 359 2404 De
374 2365 654 2405 catechumenis
666 2366 783 2417 lapsis
797 2370 929 2405 sancto
983 2370 1055 2395 ¹1⁰⁸
1069 2357 1333 2420 ‘mnssfffatur-
1380 2358 1509 2421 Siqujs
1527 2364 1658 2398 autem

254 2425 294 2460 et
325 2434 466 2472 magno
497 2419 669 2459 Concilio
697 2420 853 2471 placuit,
883 2426 929 2460 ut
982 2416 1072 2474 PPSss
1085 2412 1348 2474 definffltmnem
1362 2418 1484 2475 sfmef‘l
1499 2418 1538 2452 ef*
1551 2427 1658 2465 mg·

253 2475 378 2514 tribus
396 2474 505 2512 annis
519 2474 597 2513 sint
614 2474 716 2514 inter
729 2475 928 2514 audientes
983 2478 1023 2504 m
1044 2465 1205 2504 Concllu
1227 2466 1304 2504 tale
1323 2467 1417 2517 qu¹d
1439 2480 1552 2518 agere
1574 2472 1659 2506 *20¹1-

253 2529 533 2576 tantummodo,
561 2533 650 2579 post
677 2528 770 2567 haec
798 2534 928 2568 autem
981 2520 1133 2568 tavel‘st»
1162 2524 1202 2558 et
1229 2533 1269 2558 ὅθ
1298 2520 1561 2571 hujmssemoffi
1593 2535 1660 2561 ΠΕ·

253 2597 342 2622 cum
361 2582 642 2622 catechumenis
660 2587 780 2621 orent.
982 2587 1093 2625 30010
1130 2574 1369 2636 mssn0¹P²f¹¹⁸it›
1403 2575 1476 2613 11⁰0
1513 2576 1658 2615 factum

982 2641 1138 2678 prorsus
1166 2628 1206 2666 in
1233 2628 1388 2667 irritum
1415 2629 1588 2678 ducatur,
1618 2635 1658 2669 et

435 2670 628 2710 CANON
657 2671 742 2710 XV·
980 2682 1207 2721 restituatur
1248 2682 1439 2721 Ecclesiae
1481 2684 1541 2722 cui
1583 2684 1658 2723 fuit

309 2736 471 2787 Propter
500 2736 663 2774 multam
694 2736 926 2787 perturbati·
983 2736 1196 2787 Episcopus
1236 2741 1304 2775 aut
1351 2737 1556 2789 Presbyter
1595 2740 1656 2778 vel

253 2803 367 2829 onem
392 2795 431 2829 et
456 2790 663 2829 seditiones
691 2804 788 2842 quae
816 2790 925 2838 fiunt,
983 2790 1175 2829 Diaconus
1194 2790 1402 2830 ordinatus.

252 2845 397 2895 placuit
444 2844 758 2883 consuetudinem
804 2844 926 2883 omni-
