1988 3216
671 162 754 203 DE
791 160 1149 203 ORATIONE.
1532 160 1614 200 105

215 271 273 316 ad
290 270 614 316 sufferentiam
631 270 943 330 nosmetipsos
959 285 1334 330 praemonemus.
1377 269 1615 314 Dominus

215 363 402 407 quoque
425 363 572 407 quum
599 348 689 393 sub
715 347 995 393 instantiam
1028 347 1262 407 passionis
1287 347 1614 392 infirmitatem

213 426 368 470 carnis
391 426 715 470 demonstrare
732 426 834 486 jam
861 425 908 470 in
935 440 1020 470 sua
1043 440 1184 470 carne
1200 424 1437 474 voluisset,
1456 422 1613 471 Pater,
1628 436 1708 466 Luc.
1729 436 1809 466 xxii.

214 502 384 562 inquit,
422 500 625 564 transfer
652 500 867 564 poculum
907 501 1035 547 istud
1051 519 1065 554 ;
1112 508 1159 547 et
1196 502 1485 554 recordatus,
1523 489 1679 545 nisi⁴²'

176 577 336 640 5quod
369 594 469 625 mea
505 595 612 633 non,
635 578 715 625 sed
748 585 827 626 tua
846 579 941 641 fiat
974 578 1193 625 voluntas.
1268 579 1375 638 Ipse
1411 584 1513 624 erat
1539 594 1616 622 vo-

211 659 371 703 luntas
395 663 442 702 et
470 665 680 718 potestas
707 657 899 712 Patris;
949 664 996 703 et
1032 664 1189 703 tamen
1227 658 1286 702 ad
1322 658 1617 702 demonstra-

212 734 388 780 tionem
423 733 729 781 sufferentiae
761 735 960 788 debitae,
986 733 1222 780 voluntati
1255 748 1304 778 se
1333 732 1491 778 Patris
1523 740 1617 779 tra-

211 811 348 857 didit.

279 887 469 935 VENJA'r
514 903 704 950 quoque
752 901 951 934 REGNUM
998 901 1133 935 'rUUM
1186 889 1244 933 ad
1293 887 1340 932 id
1393 887 1616 947 pertinet,
1640 907 1753 938 CAR
1775 907 1817 938 v,

150 984 198 1010 10
211 967 335 1027 quod
367 973 414 1012 et
449 964 561 1012 Fiat
597 964 802 1012 voluntas
837 972 926 1019 tua,
960 966 1008 1012 in
1048 966 1184 1012 nobis
1220 965 1413 1011 seilicet.
1486 963 1612 1010 Nam

211 1045 341 1090 Deus
373 1045 564 1104 quando
600 1059 694 1089 non
731 1046 937 1105 regnat?
991 1044 1042 1090 in
1077 1043 1203 1104 cujm
1239 1058 1379 1088 manu
1416 1058 1494 1088 coo·
1522 1058 1616 1088 om-
1630 1062 1727 1093 pfov.
1747 1061 1814 1092 ¹¹5,

211 1122 338 1167 nium
374 1137 529 1184 reglum
571 1126 646 1167 est.
719 1121 810 1167 Sed
847 1121 1075 1181 quicquid
1104 1121 1255 1166 'nobis
1291 1127 1528 1180 optamus,
1567 1120 1612 1164 in
1634 1116 1658 1136 ¹·

211 1200 346 1246 illum
386 1214 692 1260 auguramur,
729 1206 776 1245 et
812 1199 883 1245 illi
924 1200 1226 1258 deputamuS,
1262 1199 1388 1258 quod
1432 1197 1493 1242 ab
1536 1198 1616 1241 illo

209 1283 554 1337 exspectamus,
627 1277 795 1336 Itaque
830 1277 870 1322 si
906 1278 965 1322 ad
998 1276 1087 1321 Dei
1126 1277 1437 1328 voluntatem,
1473 1282 1518 1320 et
1556 1276 1613 1319 ad

151 1377 161 1401 ι
173 1374 195 1412 5
211 1362 419 1400 nostram
458 1355 811 1413 suspensionem
848 1353 1058 1413 pertinet
1095 1353 1229 1414 regni
1268 1352 1508 1398 Dominici
1547 1368 1613 1397 re-

208 1432 544 1492 praesentatio,
561 1431 798 1491 quomodo
821 1430 1018 1490 quidam
1044 1436 1340 1490 protractum
1359 1431 1613 1489 quemdam

209 1509 259 1555 in
302 1511 489 1555 saeculo
525 1510 783 1568 postulant,
820 1524 968 1568 quum
1012 1523 1210 1570 regnum
1250 1508 1355 1559 Dei,
1392 1509 1517 1567 quod
1561 1514 1617 1553 ut

210 1586 432 1633 adveniat
447 1601 652 1638 oramus,
664 1587 720 1632 ad
743 1586 1202 1632 consummationem
1220 1586 1396 1631 saeculi
1416 1585 1614 1630 tendat?

210 1663 448 1724 Optamus
477 1664 713 1710 maturius
748 1679 962 1726 regnare,
993 1671 1041 1710 et
1076 1680 1169 1709 non
1206 1663 1389 1709 diutius
1421 1662 1614 1708 servire.

147 1741 374 1792 20Etiam
409 1742 450 1787 si
484 1741 787 1801 praefinitum
824 1741 874 1787 in
899 1741 1114 1786 oratione
1147 1757 1240 1786 non
1274 1747 1398 1786 esset
1423 1741 1481 1785 de
1510 1755 1617 1799 pos-

211 1821 410 1866 tulando
447 1819 580 1880 regni
623 1820 844 1872 adventu,
879 1820 1008 1864 ultro
1045 1834 1149 1864 eam
1187 1834 1344 1864 vocem
1389 1817 1613 1877 protulis-

210 1913 380 1950 semus,
436 1896 716 1942 festinantes
775 1897 835 1942 ad
893 1896 991 1956 spei
1053 1903 1242 1941 nostrae
1300 1897 1615 1955 complexum.

213 1972 428 2022 Clamant
458 1973 520 2020 ad
545 1972 797 2019 Dominum
830 1973 878 2018 iv
911 1973 1010 2019 risu
1042 1973 1224 2018 amineae
1249 1978 1506 2034 martyrum
1530 1970 1616 2018 sub
1628 1993 1788 2034 Apomi.
1802 2003 1833 2035 9.

211 2050 381 2098 altari:
427 2051 633 2110 Quonam
671 2065 814 2113 usque
848 2065 939 2096 non
976 2048 1223 2104 ulcisceris,
1261 2049 1475 2103 Domine,
1510 2065 1616 2095 san-

150 2149 198 2187 25
206 2130 392 2193 yuinenc
418 2134 622 2175 nostrum
647 2127 702 2174 de
727 2127 891 2174 incolis
916 2134 1065 2174 terrae
1081 2128 1111 2173 ,ἕρ
1152 2128 1276 2174 Nam
1303 2128 1470 2187 utique
1496 2127 1616 2173 ultio

212 2207 404 2253 illorum
436 2222 465 2252 a
499 2206 676 2252 saeculi
708 2206 801 2251 fine
833 2206 1075 2266 dirigitur.
1147 2206 1302 2251 Immo
1326 2219 1470 2265 quam
1498 2206 1616 2250 cele-

213 2285 330 2331 riter
364 2284 529 2339 vem'at,
560 2283 782 2337 Domine,
815 2299 1002 2347 regnum
1039 2288 1182 2329 tuum.
1253 2282 1439 2330 Votum
1475 2282 1615 2328 Chri·
1629 2300 1731 2332 Μαι.
1751 2301 1794 2333 vi.

213 2361 492 2412 suanorum,
510 2360 727 2406 confusio
748 2360 1010 2412 nationum,
1028 2360 1286 2406 exsultatio
1305 2359 1615 2422 Angelorum,
1634 2354 1682 2376 '⁰‘

213 2443 408 2498 propter
453 2439 577 2498 quod
627 2437 968 2490 conflictamur,
1018 2439 1164 2483 immo
1215 2437 1375 2496 potius
1423 2443 1618 2496 propter

150 2536 202 2572 30
213 2516 337 2575 quod
365 2529 568 2560 oramus.

280 2592 371 2638 Sed
418 2607 561 2651 quam
614 2593 856 2651 eleganter
899 2590 1063 2636 divina
1114 2591 1352 2650 sapientia
1399 2589 1613 2635 ordinem
1628 2604 1827 2636 CARVI.

214 2669 442 2715 orationis
489 2668 747 2714 instruxit!
795 2674 848 2712 ut
889 2675 994 2726 post
1032 2667 1267 2720 coelestia,
1306 2668 1351 2712 id
1394 2673 1464 2711 est
1508 2673 1616 2726 post

216 2745 303 2791 Dei
347 2762 532 2799 nomen,
576 2745 664 2790 Dei
713 2746 1020 2798 voluntatem,
1058 2752 1102 2790 et
1142 2744 1232 2790 Dei
1274 2760 1489 2806 regnum,
1525 2750 1612 2789 ter-
