2034 3204
604 219 686 261 DE
719 219 885 262 ZELO
917 219 996 261 ET
1028 218 1287 261 LIVORE.
1561 219 1647 262 319

244 328 391 389 impie
413 329 499 390 qui
526 329 732 375 moriens
760 344 856 376 non
884 329 1197 390 repugnabat.
1267 327 1337 374 Et
1359 328 1487 387 quod
1511 327 1644 373 Esau
1659 339 1744 373 Gen.
1763 340 1866 372 xxvii.

243 406 384 452 fratri
415 422 501 452 suo
523 407 674 453 Jacob
696 406 918 453 inimicus
953 406 1152 460 exstitit,
1179 407 1311 452 zelus
1338 405 1447 451 fuit.
1518 405 1646 451 Nam
1660 394 1713 423 ‘⁴¹'

242 484 358 544 quia
402 484 482 530 ille
531 483 906 530 benedictionem
963 483 1114 544 patris
1167 488 1423 542 acceperat,
1470 482 1549 528 hic
1595 482 1646 527 in

243 562 406 608 odium
430 561 769 622 persecutionis
794 562 975 608 facibus
1000 561 1162 608 livoris
1185 560 1378 607 exarsit.
1432 560 1501 606 Et
1518 561 1647 620 quod
1660 572 1772 622 Gen...

206 638 423 699 5J0seph
457 638 629 685 fratres
664 639 740 685 sui
777 639 1108 694 vendiderunt,
1144 654 1288 685 causa
1318 637 1551 684 vendendi
1588 638 1648 683 de
1660 626 1785 647 'mvn'
1803 626 1836 647 ¹¹

241 716 559 762 aemulatione
593 717 847 762 descendit.
922 717 1183 777 Postquam
1220 716 1270 762 id
1305 717 1431 776 quod
1469 715 1561 761 sibi
1596 715 1646 760 in

242 793 506 840 visionibus
552 809 831 854 prosperum
875 794 1034 840 fuerat
1078 800 1322 840 ostensum
1366 793 1648 853 simpliciter

241 877 296 917 ut
330 871 558 918 fratribus
593 871 741 917 frater
775 871 1008 931 exposuit,
1038 871 1087 917 in
1123 870 1355 916 invidiam
1393 870 1646 917 malivolus

241 947 429 993 animus
461 948 632 1008 erupit.
702 948 818 995 Saul
841 964 1031 1008 quoque
1064 964 1148 994 rex
1179 955 1234 994 ut
1262 948 1420 994 David
1453 948 1645 1002 odisset,
1663 958 1862 1000 1Reg.xviii.

182 1043 229 1069 10
241 1030 296 1070 ut
318 1024 725 1084 persecutionibus
750 1041 889 1086 saepe
914 1026 1128 1085 repetitis
1165 1026 1481 1080 innocentem,
1506 1025 1646 1071 mise·
1658 1004 1688 1034 8'

240 1101 486 1155 ricordem‚
524 1102 632 1148 miti
677 1102 874 1148 lenitate
920 1103 1180 1163 patientem
1227 1118 1393 1149 necare
1437 1110 1643 1163 cuperet,

240 1179 358 1240 quid
397 1179 528 1226 aliud
564 1195 709 1240 quam
746 1180 838 1227 zeli
872 1180 1097 1227 stimulus
1134 1180 1445 1241 provocavit?
1517 1180 1645 1234 Quia
1663 1194 1731 1226 xeR
1713 1205 1793 1237 egat

241 1257 437 1304 Goliath
470 1258 734 1313 interfecto,
758 1265 806 1304 et
828 1274 916 1319 ope
940 1274 994 1304 ac
1017 1259 1294 1321 dignatione
1317 1259 1481 1305 divina
1510 1240 1688 1305 tant0⁸

239 1336 376 1382 hoste
421 1336 590 1390 deleto,
636 1338 841 1396 populus
887 1336 1131 1382 admirans
1177 1337 1228 1382 in
1275 1338 1439 1383 laudes
1486 1337 1646 1383 David

181 1428 228 1467 15
240 1412 606 1473 praedicationis
638 1413 869 1475 suffragio
903 1414 1124 1474 prosiliit,
1149 1414 1265 1460 Saul
1293 1415 1552 1461 simultatis
1577 1422 1648 1460 at-

240 1505 334 1550 que
368 1489 694 1536 insectationis
729 1489 880 1536 furias
909 1492 968 1536 de
1003 1491 1150 1536 livore
1185 1492 1413 1551 concepit.
1485 1491 1553 1537 Et
1589 1508 1648 1538 ne

241 1568 439 1629 longum
462 1566 635 1612 faciam
666 1566 880 1629 singulos
913 1570 1211 1622 recensendo,
1236 1570 1480 1629 pereuntis
1503 1570 1647 1616 simul

240 1644 406 1705 populi
446 1645 749 1690 attendamus
790 1644 1053 1691 interitum.
1124 1645 1298 1692 Judaei
1339 1662 1496 1693 nonne
1537 1647 1648 1694 iude

241 1721 483 1782 perierunt
519 1722 632 1766 dum
671 1721 865 1768 Christo
899 1724 1086 1768 malunt
1121 1722 1332 1768 invidere
1367 1739 1513 1783 quam
1549 1739 1648 1769 cre-

179 1820 229 1846 20
241 1799 388 1846 dere?
459 1800 795 1846 obtrectantes
830 1800 1132 1862 magnalibus
1161 1816 1284 1860 quae
1319 1800 1398 1846 ille
1429 1801 1647 1854 faciebat,

243 1879 347 1923 zelo
390 1883 669 1923 excaecante
708 1877 892 1936 decepti
937 1883 1063 1931 sunt,
1105 1893 1190 1923 nec
1230 1878 1291 1923 ad
1331 1877 1496 1923 divina
1542 1893 1650 1923 nos-

241 1955 387 2000 cenda
411 1953 565 1999 cordis
589 1955 747 2000 oculos
772 1954 955 2014 aperire
978 1960 1252 2013 potuerunt.

309 2031 403 2077 ΙΙΙ.
440 2031 576 2085 Quae
607 2046 692 2077 nos
724 2031 1092 2086 considerantes,
1126 2032 1299 2078 fratres
1333 2031 1645 2087 dilectissimi,
1661 2048 1821 2080 Eorume
1823 2057 1858 2077 x-

241 2114 406 2155 contra
440 2115 624 2155 tantam
658 2109 773 2154 mali
807 2109 1066 2169 perniciem
1097 2109 1355 2172 vigilanter
1383 2116 1431 2155 et
1458 2110 1648 2157 fortiter
1659 2091 1781 2178 ΡᾬΡῙΖΞ
1782 2101 1853 2165 ιῖζζ

179 2200 228 2240 25
241 2186 399 2233 dicata
422 2186 525 2233 Deo
548 2193 738 2246 pectora
766 2186 1055 2233 muniamus.
1123 2187 1347 2233 Aliorum
1380 2203 1508 2233 mors
1540 2204 1679 2254 pro·0
1659 2190 1750 2221 pene
1751 2189 1814 2210 ‘¹¹¹¹
1793 2181 1841 2213 Μ’

240 2263 370 2311 ficiat
392 2265 453 2310 ad
476 2271 689 2310 nostram
713 2266 931 2319 salutem,
956 2264 1333 2324 imprudentium
1362 2280 1516 2325 poena
1537 2277 1680 2325 pro-¹¹
1658 2225 1862 2342 111ρέζὲῗὲῐὲ-

241 2341 515 2388 videntibus
539 2342 752 2388 conferat
775 2341 1048 2387 sanitatem.
1106 2342 1219 2388 Non
1242 2349 1315 2388 est
1338 2349 1499 2388 autem
1517 2345 1702 2403 quodu
1658 2365 1724 2396 que
1739 2353 1830 2385 enim

241 2418 416 2478 aliquis
449 2418 691 2464 existimet
724 2420 905 2464 malum
940 2418 1068 2465 istud
1100 2435 1196 2466 una
1225 2419 1379 2480 specie
1411 2420 1645 2466 contineri
1657 2397 1838 2482 {fflinpfgxd

242 2502 327 2542 aut
348 2496 571 2542 brevibus
595 2495 813 2542 terminis
831 2502 878 2542 et
903 2502 1109 2558 angusto
1127 2496 1220 2543 fine
1237 2497 1469 2543 concludi
1523 2496 1712 2543 Latenna
1691 2486 1747 2517 ²⁰¹
1727 2496 1783 2517 ⁰¹¹¹
1798 2491 1861 2529 ‘³⁶²-

178 2592 229 2628 30
242 2579 375 2634 patet
409 2572 501 2618 zeli
535 2572 788 2632 multiplex
820 2579 868 2618 et
895 2573 1129 2620 foecunda
1162 2573 1408 2633 pernicies.
1485 2574 1646 2620 Radix

243 2657 315 2696 est
359 2651 594 2696 malorum
641 2650 872 2704 omnium,
918 2651 1025 2696 fons
1071 2651 1294 2705 cladium,
1337 2651 1647 2698 seminarium

243 2727 539 2780 delictorum,
564 2728 765 2773 materia
792 2729 1055 2787 culparum.
1127 2729 1246 2774 Inde
1279 2728 1442 2774 odium
1479 2729 1649 2790 surgit,

243 2804 522 2851 animositas
551 2804 662 2850 inde
693 2804 917 2864 procedit.
987 2804 1257 2851 Avaritiam
1295 2806 1427 2851 zelus
1462 2805 1649 2852 inflam-
