2034 3204
373 245 441 287 IN
481 244 730 286 FIRMIL.
770 244 854 286 AD
894 243 936 286 S.
969 243 1507 286 CYPRIAN.EP1ST.
1558 244 1644 287 257

242 359 253 375 ‘
269 351 514 395 auctoritate
544 357 717 408 propter
747 350 953 393 Ecclesiae
984 350 1196 392 honorem.
1257 351 1351 401 Quo
1377 349 1504 397 salvo,
1530 349 1645 392 salva

242 416 253 435 ‘
270 424 353 467 pax
372 415 447 452 est.
507 409 702 465 Alioquin
720 409 845 452 etiam
866 408 980 451 laicis
1002 407 1072 464 jus
1091 413 1168 457 est,
1190 407 1282 449 &c.'
1342 407 1459 449 Haec
1479 407 1643 450 Tertul-

240 467 372 510 lianus
391 466 434 509 in
448 466 517 509 lib.
534 467 588 509 de
612 467 835 524 Baptism,
849 481 885 509 c.
904 479 969 521 17,
990 465 1102 508 haud
1121 464 1237 508 finito
1251 465 1414 507 saeculo
1436 464 1644 507 Ecclesiae

240 524 418 568 secundo
439 524 590 567 docuit.
643 524 713 566 Ad
734 524 840 566 solos
860 538 958 566 vero
980 523 1203 581 Episcopus
1223 522 1442 564 ordinandi
1459 522 1530 579 jus
1549 536 1643 579 per-

204 595 228 632 5
241 582 386 630 tinere,
407 582 610 624 consentit
628 597 720 624 cum
743 582 1000 639 Hieronymo
1020 580 1212 623 universa
1230 580 1469 636 antiquitas.
1518 580 1644 622 Adde

239 639 351 696 quod
370 639 479 682 idem
499 640 565 682 hic
588 639 862 692 Firmilianus,
883 639 952 696 qui
984 638 1281 696 Episcoporum
1307 638 1494 680 ordinem
1515 638 1644 680 Pm-

240 698 482 754 byteroram
511 698 676 740 nomine
704 697 768 740 his
798 697 897 739 locis
926 711 980 754 ap
1011 696 1162 745 ellavit,
1191 695 1375 754 singulos
1406 695 1643 753 Episcopos,

240 755 528 812 Pmsbyteros,
551 755 768 804 Diaconos,
789 754 886 797 alibi
915 754 958 796 in
1026 753 1174 821 pistola
1197 768 1272 796 sua
1300 753 1430 796 titulis
1460 753 1543 795 suis
1563 753 1644 795 dis-

239 811 375 855 tinxit.
437 813 568 856 Pom-0
588 813 647 855 ait
666 812 788 864 infra,
810 813 851 867 ξ,
876 825 938 861 12,
961 813 1184 869 Episcopos
1213 811 1472 854 ordinatione
1491 810 1646 853 vicaria

180 884 228 910 10
240 869 479 912 successisse
500 870 724 928 Apostolis.

299 928 347 970 P.
368 929 463 984 236.
484 928 511 971 l.
537 940 601 983 29.
630 942 706 970 nec
729 927 970 985 spiritaliter
1043 926 1160 983 rere]
1183 926 1295 970 Edit.
1317 926 1460 984 prince
1489 941 1510 968 s
1529 941 1649 983 prae-

240 990 324 1028 stat
353 994 431 1028 aut
460 1000 538 1042 pro
564 1000 651 1035 mc,
682 984 940 1027 firmantibus
968 941 1069 1027 iffid
1103 985 1226 1028 MSto
1257 984 1365 1027 Novi
1399 941 1572 1041 Coiiegii
1600 998 1649 1026 ac

243 1042 491 1091 Bodleianm
525 1043 624 1100 quin
645 1049 688 1085 et
707 1043 883 1085 fortasse
903 1042 1192 1085 revocandum.

301 1100 406 1143 Ibid.
438 1101 464 1143 l.
486 1114 559 1157 31.
588 1101 631 1143 in
664 1100 816 1157 Iconio]
852 1100 1075 1166 Dionysius
1108 1099 1420 1142 Alexandrinus
1455 1099 1532 1142 hoc
1561 1099 1647 1141 lco-

181 1166 228 1210 ιγ)
242 1157 382 1200 niense
397 1158 522 1215 idque
539 1158 584 1200 in
600 1159 801 1215 Synnada
818 1158 1044 1200 Concilium
1064 1158 1248 1200 sanxisse
1264 1172 1409 1199 rursus
1429 1157 1649 1214 tingendos

242 1230 331 1258 csse
351 1216 594 1265 haereticos,
617 1217 658 1257 in
679 1216 806 1258 tertia
826 1215 1013 1272 Epistola
1032 1215 1086 1257 ad
1108 1215 1390 1257 Philemonem
1414 1215 1646 1256 Romanum

241 1279 546 1316 commemorat.
588 1274 731 1316 Verba
750 1273 850 1330 ejus,
864 1274 975 1330 apud
997 1273 1218 1315 Eusebium
1240 1273 1295 1315 H.
1319 1273 1368 1314 E.
1391 1272 1458 1320 vii,
1484 1285 1523 1326 7,
1547 1273 1648 1314 haec

242 1337 362 1374 sunt:
395 1330 615 1384 Μεμάθηκα
647 1331 710 1373 καὶ
742 1335 870 1380 τοῦτο,
890 1332 952 1373 ὅτι
985 1330 1039 1383 μὴ
1072 1333 1143 1372 νῦν
1174 1332 1213 1372 οἱ
1243 1331 1288 1372 ἐν
1319 1330 1488 1383 Ἀφρικῇ
1522 1331 1649 1382 μόνον

242 1391 357 1430 τοῦτο
377 1388 690 1442 παρεισήγαγον,
713 1390 822 1430 ἀλλὰ
844 1389 906 1430 καὶ
925 1388 1002 1440 πρὸ
1022 1390 1178 1430 πολλοῦ
1199 1390 1298 1430 κατὰ
1317 1388 1407 1432 τοὺς
1437 1387 1511 1440 πρὸ
1537 1388 1648 1439 ἡμῶν

178 1444 511 1489 2οἘπισκόπους
540 1447 585 1487 ἐν
614 1450 701 1489 ταῖς
730 1446 1154 1499 πολυανθρωποτόταις
1183 1444 1440 1498 Ἐκκλησίαις
1474 1446 1536 1487 καὶ
1563 1449 1648 1488 ταῖς

242 1504 430 1547 Συυόὸοις
449 1507 526 1545 τῶν
547 1504 748 1556 ἀδελφῶν,
771 1505 818 1545 ἐν
837 1502 989 1558 Ἰκονίῳ
1011 1503 1075 1544 καὶ
1095 1503 1311 1546 Συννόῦοις
1333 1503 1396 1544 καὶ
1421 1506 1527 1555 παρὰ
1548 1508 1645 1544 πολ-

241 1563 330 1605 λοῖς
350 1564 464 1602 τοῦτο
486 1561 634 1613 ἔδοξεν·
665 1559 723 1602 ὧν
742 1560 819 1602 &c.
881 1560 1011 1617 Apud
1032 1559 1214 1602 Iconium
1234 1566 1375 1602 autem
1397 1560 1574 1602 maxime
1595 1560 1647 1602 ob

240 1617 588 1660 Montanistarum
610 1618 866 1675 Bapt-ismum
899 1625 1051 1660 motam
1082 1633 1173 1660 esse
1199 1618 1481 1674 quaestionem
1512 1618 1647 1666 istam,

241 1681 402 1718 constat
421 1690 472 1717 cx
494 1675 721 1718 Fit-miliani
743 1675 879 1718 verbis
898 1675 1008 1718 infra
1027 1675 1070 1717 in
1089 1690 1178 1732 cap.
1198 1689 1263 1732 13.

178 1744 229 1784 25
301 1733 347 1775 P.
372 1744 469 1790 237.
496 1733 523 1775 l.
550 1735 613 1776 18.
642 1733 794 1790 quibus
814 1733 938 1790 nunc]
957 1735 1011 1776 tle
1034 1734 1188 1790 quibus
1205 1748 1331 1775 nunc.
1393 1733 1650 1790 Praepositio

242 1790 359 1833 deest
388 1790 429 1832 in
461 1790 649 1833 omnibus
679 1791 983 1848 exemplaribus
1011 1791 1192 1847 antiquis
1214 1797 1258 1833 et
1284 1791 1326 1832 in
1353 1790 1533 1834 editione
1558 1792 1650 1832 Mo-

242 1847 427 1891 relliana.
488 1848 604 1891 Illam
637 1848 843 1891 Pamelius
871 1848 1024 1906 adjecit
1047 1863 1099 1890 ex
1119 1848 1370 1905 conjectura,
1391 1848 1490 1904 quia
1509 1849 1649 1890 existi·

241 1906 383 1948 mabat
401 1920 564 1948 sensum
585 1906 741 1962 absque
761 1921 812 1948 ea
832 1921 914 1948 non
943 1920 1063 1972 posse
1082 1913 1285 1948 constare.
1339 1906 1647 1955 BALUZIUS,

242 1962 313 2019 qui
333 1963 679 2020 praepositionem
700 1963 865 2006 delevit.
902 1964 974 2006 A1t
995 1963 1246 2006 Prndentius
1266 1964 1466 2006 Maranus
1486 1963 1528 2005 in
1550 1963 1650 2006 Vita

177 2035 232 2071 30
245 2022 288 2063 S.
303 2021 503 2078 Cypriani
533 2020 701 2063 editioni
733 2021 983 2064 Baluzianae
1011 2021 1249 2078 praemissa,
1273 2024 1306 2077 §.
1321 2020 1435 2069 xxxi,
1456 2036 1496 2078 p.
1513 2021 1648 2071 cxviii,

244 2085 254 2102 ‘
269 2080 376 2121 Nisi
394 2080 435 2120 si
454 2080 523 2121 his
541 2080 773 2135 Episcopis
792 2080 945 2135 quibus
965 2094 1077 2122 nunc
1096 2080 1346 2134 minorfitit
1365 2080 1534 2122 Paulus
1548 2095 1562 2121 .·
1592 2079 1650 2121 le-

245 2143 255 2157 ·
273 2137 454 2190 gendum
471 2137 632 2192 putavit
648 2135 853 2179 Pamelius
866 2138 919 2179 de
935 2138 1089 2193 quibus
1103 2151 1227 2186 nunc,
1241 2137 1315 2179 sed
1330 2136 1571 2179 manifestus
1585 2143 1650 2180 est

244 2200 254 2217 ‘
273 2193 563 2243 Hellenismus,
577 2195 726 2238 τούτοις
741 2195 996 2238 Ἐπισκόποις
1010 2198 1092 2238 τοῖς
1108 2198 1192 2242 νῦν,
1206 2196 1276 2236 Itis
1290 2195 1522 2260 Epis-copis
1536 2209 1649 2237 nunc

244 2258 254 2274 ‘
273 2253 593 2294 exsistentibus)
655 2252 770 2293 Haec
789 2252 871 2302 ille,
892 2266 999 2308 quac
1020 2252 1184 2308 quidem
1207 2252 1318 2294 haud
1339 2252 1574 2308 prohibent,
1596 2267 1650 2294 ne

178 2321 230 2360 35
244 2309 418 2351 sentiam
452 2309 735 2365 reponendum
768 2324 857 2352 esse
886 2311 964 2366 qui
994 2318 1093 2352 aunt
1123 2325 1250 2361 nunc,
1282 2324 1360 2367 pro
1389 2309 1468 2352 isto
1495 2311 1650 2366 quibus

243 2381 369 2418 nunc,
386 2381 511 2422 quum
528 2366 636 2409 absit
656 2367 905 2424 praepositio
925 2369 978 2411 de
997 2374 1095 2410 ante
1110 2369 1265 2424 quibus
1278 2382 1306 2410 a
1320 2367 1453 2410 Codd.
1473 2367 1649 2424 scriptis,

244 2424 356 2480 quod
375 2424 513 2473 sciam,
533 2423 734 2467 omnibus.

305 2481 411 2524 Ibid.
442 2482 468 2524 l.
489 2495 559 2538 30.
589 2487 637 2524 ut
666 2481 736 2538 qui
767 2487 831 2524 est
864 2482 907 2524 in
938 2482 1122 2525 Ecclesia
1152 2483 1362 2540 perfectus
1395 2488 1438 2524 et
1472 2482 1651 2539 sapiens,

246 2539 324 2581 hoc
350 2545 424 2582 aut
450 2539 661 2592 defendat,
682 2545 755 2582 aut
781 2540 944 2596 credat]
974 2542 1034 2582 At
1061 2542 1159 2596 quis
1183 2549 1244 2584 est
1270 2542 1318 2582 in
1337 2541 1539 2582 Ecclesia
1555 2555 1652 2596 per-

180 2598 381 2652 40sectus
410 2605 449 2639 et
483 2598 668 2653 sapiens,
699 2599 776 2653 qui
806 2599 884 2640 hoc
918 2606 998 2640 aut
1021 2599 1226 2654 defendat
1255 2606 1335 2640 aut
1361 2598 1551 2640 credat?
1589 2598 1653 2640 lta

246 2654 480 2697 emendavit
501 2654 707 2697 Pamelius
727 2670 779 2697 ex
799 2655 906 2697 libro
927 2655 1111 2698 Cauchii.
1163 2656 1272 2698 Nam
1296 2655 1340 2697 in
1361 2655 1541 2698 editione
1561 2656 1653 2697 Mo-

245 2712 430 2760 romana,
452 2726 559 2768 quae
579 2711 713 2769 prima
732 2718 807 2762 est,
829 2713 998 2770 legitur,
1011 2714 1198 2769 perfecti
1226 2721 1338 2762 sunt,
1359 2720 1409 2755 ut
1428 2714 1505 2769 qui
1522 2721 1584 2756 est
1603 2715 1653 2755 in

245 2771 445 2812 Ecclesia
452 2771 670 2826 perfectus
682 2778 721 2813 et
736 2771 921 2826 sapiens.
964 2771 1061 2813 Hoc
1076 2779 1219 2813 autem
1229 2771 1435 2826 defendat
1449 2779 1488 2812 et
1502 2772 1653 2813 credat

247 2827 323 2869 &c.
359 2828 408 2868 In
424 2827 556 2870 tribus
571 2827 750 2884 antiquis
765 2828 983 2871 Codicibus
998 2828 1194 2884 scriptum
1211 2835 1274 2871 est
1279 2829 1465 2884 perfecti
1476 2837 1588 2877 sunt,
1605 2837 1652 2870 ut

184 2906 206 2938 4
211 2901 234 2939 5
248 2886 324 2940 qui
343 2894 403 2928 est
425 2887 469 2926 in
486 2886 681 2927 Eodem
698 2888 914 2941 pei-fectus·
934 2895 972 2929 et
988 2888 1162 2942 sapiens
1181 2888 1258 2929 hoc
1273 2894 1413 2928 autem
1431 2887 1648 2940 defendat.

307 2957 396 2984 νοι..
418 2958 442 2984 ι.
1027 2959 1046 2983 s
