1988 3216
549 278 785 322 CONTRA
818 278 1123 320 HAERESIM
1157 278 1350 320 NOETI.

1590 280 1647 322 77

247 387 324 438 καὶ
357 388 574 454 ἀγωνιῶν
599 389 735 455 ἱδροῖ,
763 388 840 438 καὶ
872 386 948 439 ὑπ’
975 386 1222 454 Ἀγγέλου
1245 388 1582 450 ἐνδυναμοῦται
1621 388 1647 438 ὁ

245 473 518 538 ἐνδυναμῶν
547 471 656 529 τοὺς
692 477 756 528 εἷς
793 471 937 525 αὐτὸν
968 470 1298 536 πιστεύοντας,
1327 474 1403 524 καὶ
1440 470 1648 524 θανάτου

246 562 559 628 καταφρονεῖν
589 558 714 630 ἔργῳ
751 556 962 626 διδάξας·
1017 558 1095 610 καὶ
1128 557 1221 610 ὑπὸ
1251 556 1410 610 Ἰούδα
1446 558 1647 625 παραδί-

245 643 377 694 δοται
411 644 438 694 ὁ
471 642 724 708 γινώσκων
757 642 842 696 τὸν
865 642 1052 696 Ἰούδαν
1076 643 1147 698 τίς
1179 644 1327 695 ἐστιν·
1370 644 1446 694 καὶ
1477 640 1645 706 ἀτιμά-

210 742 233 780 5
247 725 369 792 ζεται
413 725 506 779 ὑπὸ
551 727 763 800 Καιάφα,
803 729 829 780 ὁ
866 726 1097 796 πρότερον
1141 728 1216 781 ὑπ’
1257 728 1404 780 αὑτοῦ
1443 730 1646 795 ἱερατευ-

245 810 410 876 όμενος
439 810 560 885 [fors.
591 812 938 880 ὶερατευομένου
973 810 1264 885 τιμώμενος]
1297 813 1362 868 ὡς
1384 810 1523 867 Θεός·
1572 813 1649 863 καὶ

246 895 339 948 ὑπὸ
375 897 602 965 Ἡρώδου
643 895 952 964 ἐξουθενεῖται
998 899 1024 950 ὃ
1064 897 1262 963 με’λλων
1305 900 1457 964 κρῖναι
1482 900 1650 949 πᾶσαν

245 979 332 1046 τὴν
357 984 467 1048 γῆν·
518 984 595 1034 καὶ
631 980 907 1049 μαστίζεται
946 981 1039 1035 ὑπὸ
1067 981 1287 1035 Πιλάτου
1318 983 1345 1034 ὁ
1379 980 1465 1037 τὰς
1501 982 1646 1033 ἀσθε-

247 1067 369 1122 νείας
400 1067 535 1133 ἡμῶν
559 1065 922 1135 ἀναδεξάμενος·
965 1069 1042 1120 καὶ
1073 1066 1166 1120 ὑπὸ
1195 1069 1506 1135 στρατιωτῶν
1534 1065 1646 1118 παί-

186 1172 234 1197 10
247 1150 385 1218 ζεται,
437 1150 475 1222 ᾧ

525 1151 885 1220 παρεστήκουσι
927 1152 1078 1222 χίλιαι
1121 1150 1330 1222 χιλιάδες
1372 1153 1449 1204 καὶ
1488 1150 1649 1218 μυρίαι

243 1235 463 1306 μυριάδες
486 1236 744 1304 Ἀγγέλων
768 1239 844 1289 καὶ
868 1237 1239 1307 Ἀρχαγγέλων·
1295 1238 1371 1289 καὶ
1409 1234 1502 1288 ὑπὸ
1525 1234 1646 1287 Ἰου-

246 1323 390 1374 δαίων
416 1321 553 1393 ξύλῳ
585 1320 970 1390 προσπήγνυται,
995 1324 1022 1374 ὁ
1046 1320 1207 1390 πήξας
1232 1323 1296 1378 ὡς
1321 1319 1540 1389 καμάραν
1564 1318 1650 1373 τὸν

246 1405 464 1474 οὐρανόν·
524 1408 601 1458 καὶ
649 1405 770 1474 πρὸς
822 1405 1019 1474 Πατέρα
1063 1410 1196 1468 βοῶν
1238 1405 1542 1474 παρατίθεται
1591 1403 1648 1457 τὸ

245 1497 444 1557 πνεῦμα,
502 1493 528 1544 ὁ
585 1490 858 1560 ἀχώριστος
914 1496 1000 1543 τοῦ
1059 1489 1269 1559 Πατρός·
1337 1493 1415 1542 καὶ
1471 1490 1649 1542 κλίνων

415 1574 428 1592 ἵ
499 1577 510 1593 2
626 1579 646 1590 Α
695 1577 706 1592 ἰ
769 1574 790 1594 Ἰ
964 1574 976 1591 2
1164 1576 1176 1594 Ι
1264 1575 1287 1594 «ν
1436 1578 1457 1588 ‘⁸
1600 1573 1613 1590 ἱ

185 1599 233 1637 15
245 1579 463 1646 κεφαλην
486 1598 657 1639 εκπνει,
687 1599 712 1628 ο
747 1598 896 1639 ειπας,
928 1583 942 1606 ‘
982 1574 1232 1643 Εξουσιαν
1256 1598 1350 1645 εχω
1383 1578 1528 1627 θειναι
1560 1597 1649 1640 την

248 1669 260 1693 6
408 1660 420 1679 Ι
676 1663 690 1680 N
736 1662 746 1677 9
883 1661 895 1678 Ι
985 1660 1006 1678 ν
1150 1659 1163 1676 Ι
1397 1664 1418 1673 Α
1510 1661 1521 1676 D
1570 1659 1582 1677 Ι
1635 1659 1647 1676 ἱ

285 1665 452 1732 ψυχην
476 1684 586 1726 μου,
615 1684 692 1713 και
721 1659 951 1729 εξουσιαν
976 1683 1069 1730 εχω
1093 1668 1244 1714 παλιν
1272 1666 1441 1723 λαβειν
1465 1683 1630 1726 αυτ-ην.

237 1744 355 1800 ’Ότι
398 1745 446 1798 δὲ
485 1747 569 1799 οὐκ
606 1744 860 1815 ἐκυριεύετο
899 1745 991 1798 ὑπὸ
1029 1745 1253 1810 θανάτου,
1282 1748 1345 1802 ὡς
1388 1745 1506 1819 [fors.
1547 1745 1645 1819 ὧν]

245 1877 432 1915 mundum
451 1877 679 1916 adveneratn
697 1892 704 1915 z
739 1890 858 1928 quum
879 1877 918 1915 iu

245 1931 439 1970 anxietate
465 1930 613 1979 sudatb,
633 1936 672 1970 et
700 1931 748 1969 ab
767 1931 919 1982 Angelo

246 1986 458 2033 roboratur,
483 1986 548 2037 qui
577 1999 641 2023 eos
668 1985 734 2036 qui
762 1985 802 2023 in
831 1998 919 2023 eum

246 2040 418 2087 credunt,
438 2040 594 2078 roborat
614 2053 623 2086 3
653 2045 692 2078 et
719 2053 834 2090 opere
854 2039 920 2078 do-

246 2094 325 2133 cuit
338 2099 504 2132 mortem
519 2099 780 2132 contemnere:
801 2106 921 2144 quum

246 2160 269 2185 a
286 2148 310 2186 J
314 2148 389 2186 uda
407 2148 616 2198 proditur⁰‚
635 2147 702 2198 qui
721 2160 921 2198 cognosce-

245 2202 312 2240 bat
339 2202 482 2240 Judam
515 2202 600 2253 quis
633 2199 788 2249 essetd3
827 2207 866 2240 et
898 2215 920 2239 a

247 2255 393 2307 Caipha
424 2256 675 2294 inhonoratur
683 2263 710 2303 e,
740 2256 806 2306 qui
838 2261 920 2294 erat

244 2310 293 2348 ab
312 2323 358 2348 eo
383 2310 595 2348 sacerdotio
614 2310 808 2360 fungente,
828 2323 920 2360 pau-

245 2364 283 2402 lo
307 2370 395 2403 ante
418 2369 602 2415 tanquam
626 2364 732 2402 Deus
759 2363 920 2402 honora-

244 2423 309 2457 tus
329 2433 336 2456 :
371 2431 491 2469 quum
516 2419 564 2456 ab
592 2418 749 2456 Herode
774 2418 920 2469 sperni-

245 2471 337 2520 turs,
362 2472 427 2523 qui
456 2477 579 2511 totam
606 2478 750 2511 terram
772 2473 920 2523 judica·

245 2531 356 2565 turus
375 2532 463 2565 estg
480 2540 491 2574 3
519 2532 558 2565 et
576 2527 800 2565 verberatur
818 2540 841 2565 a
860 2526 920 2564 Pi-

245 2578 349 2619 latoh
367 2580 411 2628 is,
426 2580 492 2631 qui
511 2580 753 2619 infirmitates
771 2587 920 2619 nostras

974 1876 1187 1928 suscepiti:
1227 1884 1266 1916 et
1294 1892 1316 1916 a
1346 1879 1533 1918 militibus
1566 1878 1650 1916 illu-

974 1930 1108 1970 diturk
1146 1932 1189 1979 is,
1228 1933 1287 1970 cui
1331 1933 1485 1972 adstant
1531 1933 1652 1971 millia

975 1986 1138 2023 millium
1163 1985 1172 2013 ¹
1223 1992 1263 2025 et
1313 1987 1437 2025 decies
1492 1992 1652 2026 centena

976 2040 1095 2078 millia
1124 2041 1348 2091 angelorum
1378 2047 1417 2080 et
1446 2041 1651 2092 archange-

975 2094 1126 2132 lorum:
1157 2100 1195 2133 et
1223 2094 1263 2132 in
1291 2095 1450 2134 Judaeis
1477 2095 1517 2133 in
1546 2095 1651 2146 ligno

977 2148 1154 2198 flgiturm,
1173 2149 1239 2199 qui
1258 2154 1442 2200 tanquam
1461 2162 1651 2188 cameram

975 2202 1123 2240 coelum
1152 2202 1296 2241 flxitn:
1331 2208 1370 2242 et
1403 2204 1569 2242 clamans
1601 2203 1651 2242 ad

976 2256 1129 2294 Patrem
1157 2257 1336 2308 spiritum
1369 2258 1650 2305 commendato,

975 2310 1041 2361 qui
1069 2316 1128 2349 est
1146 2324 1169 2349 a
1188 2311 1302 2350 Patre
1329 2312 1621 2363 inseparabilisp
1642 2326 1649 2349 :

975 2370 1014 2403 et
1033 2364 1215 2404 inclinato
1230 2366 1354 2416 capite
1368 2366 1572 2417 exspiravi,
1585 2366 1651 2418 qui

975 2419 1075 2458 dixit
1093 2433 1104 2466 3
1133 2421 1361 2460 Potestacem
1378 2420 1493 2459 habeo
1506 2434 1652 2471 ponen-

975 2473 1018 2511 di
1037 2474 1216 2512 animam
1233 2488 1368 2522 meam,
1384 2482 1418 2512 et
1430 2482 1653 2524 pomtatem

975 2527 1089 2566 habeo
1130 2529 1272 2566 itemm
1312 2530 1492 2566 nummuli
1528 2543 1613 2567 eam
1626 2537 1648 2566 Γ.

976 2581 1088 2630 Quod
1116 2588 1245 2621 autem
1278 2596 1355 2621 non
1384 2583 1654 2622 dominabatur

289 2700 303 2716 ¹
325 2694 405 2726 Joh.
425 2694 481 2725 xii.
503 2702 553 2734 27.
580 2694 670 2725 xviii.
690 2703 737 2725 11.

885 2693 900 2715 b
924 2694 1005 2726 Luc.
1025 2695 1106 2727 xxii.
1125 2708 1177 2735 44.

245 2737 260 2759 ‘¹
283 2737 337 2769 Id.
354 2748 438 2768 vers.
457 2745 507 2776 25.
607 2742 620 2758 Ε
644 2737 696 2768 Id.
713 2736 765 2776 65.
783 2747 850 2778 seq.

1314 2702 1327 2718 ί·
1350 2696 1476 2728 Matth.
1497 2698 1586 2728 xxvi.
1602 2707 1651 2737 ¹5-

952 2738 964 2759 ἴ
984 2738 1066 2770 Luc.
1084 2739 1174 2770 xxiii.
1192 2749 1239 2770 11.

1329 2745 1345 2766 ⁸
1367 2741 1485 2771 Actor.
1502 2741 1581 2772 xvii.
1599 2751 1650 2781 31.

246 2780 261 2802 Ι·
286 2781 413 2812 Matth.
430 2781 532 2812 xxvii.
552 2779 602 2811 26.
625 2780 705 2812 Joh.
722 2781 790 2811 xix.
808 2790 835 2811 1.
952 2781 960 2802 ἱ
984 2781 1074 2813 Esai.
1090 2782 1147 2813 liii.
1161 2795 1192 2822 4.
1307 2783 1323 2804 ¹¹
1347 2783 1473 2815 Matth.
1490 2784 1579 2815 xxvi.
1596 2784 1650 2825 67.

246 2823 254 2845 ¹
272 2824 405 2856 Daniel.
422 2825 477 2855 vii.
496 2834 543 2856 10.
612 2829 635 2845 ¹¹¹
653 2823 779 2854 Matth.
796 2824 899 2855 xxvii.
920 2832 969 2864 35.
1037 2831 1053 2847 ¹¹
1071 2826 1159 2857 Esai-
1176 2825 1221 2857 xl.
1239 2836 1291 2858 ατ.
1357 2832 1375 2850 0
1392 2827 1473 2858 Luc.
1487 2828 1578 2858 xxiii.
1597 2827 1650 2868 46.

247 2874 261 2895 P
284 2868 364 2900 Joh.
382 2869 446 2899 xiv.
466 2877 513 2898 n.
605 2874 617 2893 ‘⁸
646 2867 731 2898 Ibid.
749 2867 816 2898 xix.
836 2877 885 2906 3ο.
976 2874 987 2889 ¹·
1010 2869 1096 2901 Ibid.
1115 2880 1146 2900 x.
1165 2871 1212 2900 18.
