2034 3204
408 235 493 275 246
918 234 1302 276 FIRMILIANI

409 361 567 390 secum
604 346 920 404 loquentibus,
951 345 1051 390 sive
1086 343 1135 389 in
1172 344 1263 389 fide
1299 344 1481 389 sincera
1515 357 1819 402 perseveran-

410 421 552 468 tibus.
611 422 710 468 Nec
735 429 950 481 oporteat
973 423 1062 466 hoc
1087 423 1228 481 longo
1253 426 1460 466 tractatu
1484 426 1715 474 excutere,
1736 421 1817 465 sed

410 499 562 558 ipsam
599 499 715 544 satis
750 499 813 544 sit
848 499 1097 558 epistolam
1134 500 1303 559 legere,
1327 504 1374 542 et
1408 498 1525 557 quid
1554 496 1818 556 Apostolus

409 576 599 629 dixerit,
623 578 682 622 de
717 576 821 635 ipso
848 576 1081 635 Apostolo
1115 590 1457 635 recognoscere.
1527 575 1655 628 Quid
1690 589 1818 636 erge,

409 653 649 713 inquiunt,
673 655 753 699 fiet
776 656 834 700 de
866 654 942 699 his
966 653 1051 712 qui
1082 653 1144 698 ab
1178 652 1427 698 haereticis
1450 652 1690 698 venientes
1717 652 1819 697 sine
1834 662 1858 700 5

410 730 653 776 Ecclesiae
684 731 921 790 baptismo
951 729 1149 775 admissi
1177 735 1289 774 sunt
1304 729 1326 774 P
1376 729 1428 774 Si
1451 731 1509 774 de
1533 730 1718 774 saeculo
1741 744 1822 774 ex-

407 814 662 860 cesserunt,
683 807 734 852 in
758 823 921 852 eorum
947 822 1145 852 numero
1168 805 1253 865 qui
1276 807 1405 865 apud
1428 821 1514 851 nos
1537 804 1820 851 catechizati

406 884 601 942 quidem
625 891 752 936 sunt,
776 886 855 929 sed
886 884 1167 943 priusquam
1202 883 1565 943 baptizarentur
1587 883 1821 934 obierunt,

407 962 658 1006 habentur.
731 962 842 1006 Non
877 963 1018 1006 modo
1047 961 1214 1007 dicunt
1242 959 1391 1023 [sm-S.
1418 961 1530 1006 Non
1566 960 1821 1013 modicum,

423 1037 524 1084 Vid.
547 1037 725 1100 uotam]
750 1040 1126 1084 emolumentum
1145 1037 1362 1083 veritatis
1386 1044 1434 1083 et
1457 1037 1580 1088 fidei,
1596 1039 1656 1083 ad
1675 1052 1821 1097 quam
1839 1057 1888 1082 10

410 1116 574 1162 relicto
632 1131 790 1161 errore
847 1121 1175 1175 pervenerant,
1223 1115 1312 1160 etsi
1365 1115 1819 1161 consummationem

409 1194 595 1256 gratiae
630 1194 869 1240 consecuti
909 1208 1004 1239 non
1042 1199 1167 1245 sunt,
1204 1199 1356 1238 morte
1395 1192 1656 1252 praeventi.
1726 1192 1823 1246 Qui

409 1277 570 1317 autem
624 1272 782 1317 adhuc
840 1272 891 1317 in
937 1272 1123 1317 saeculo
1176 1278 1471 1330 permanent,
1516 1269 1825 1330 baptizentur

413 1349 656 1395 Ecclesiae
720 1349 971 1409 baptismo,
1029 1355 1085 1394 ut
1141 1348 1467 1394 remissionem
1524 1356 1823 1408 peccatorum

408 1426 633 1486 consequi
658 1426 854 1486 possint,
881 1442 939 1472 ne
963 1442 1048 1486 per
1070 1426 1274 1472 alienam
1302 1426 1739 1486 praesumptionem
1771 1425 1823 1472 in
1841 1435 1888 1474 15

410 1503 615 1563 pristino
656 1504 812 1549 errore
853 1509 1112 1557 manentes,
1155 1504 1256 1549 sine
1300 1503 1485 1565 gratiae
1525 1518 1824 1550 consumma-

411 1580 540 1626 tione
575 1581 855 1626 moriantur.

190 1668 363 1710 Baptisma
479 1657 592 1704 XV.
630 1657 854 1703 Ceterum
880 1661 1020 1718 quale
1051 1658 1278 1705 delictum
1309 1665 1395 1713 est,
1422 1660 1494 1704 vel
1523 1658 1714 1704 illorum
1738 1659 1823 1719 qui

189 1715 315 1743 temere
330 1712 386 1743 ad-
531 1734 540 1744 .
1162 1736 1172 1746 .
1349 1737 1359 1746 .

188 1756 326 1787 missum
339 1759 386 1787 50-
414 1736 694 1788 admlttunt,
741 1737 816 1780 vel
874 1751 1037 1781 eorum
1090 1752 1176 1796 qul
1233 1738 1570 1789 admlttuntur,
1617 1742 1673 1781 ut
1728 1751 1824 1782 non

189 1810 364 1874 'fi'figfflfim
414 1812 592 1857 ablutis
616 1828 701 1872 per
719 1812 961 1859 Ecclesiae
985 1815 1224 1859 lavacrum
1251 1813 1486 1869 sordibus,
1512 1829 1598 1860 nec
1620 1813 1824 1874 peccatis
1840 1829 1892 1854 20

189 1887 391 1972 ziffissffii,
414 1889 658 1949 expositis,
694 1898 927 1950 usurpata
967 1898 1142 1937 temere
1179 1891 1608 1937 communicatione
1642 1892 1827 1938 contin-

192 1978 394 2016 vontsetra-
412 1974 532 2029 gant
566 1983 737 2027 corpus
772 1974 820 2013 et
854 1967 1137 2030 sanguinem
1169 1968 1380 2021 Domini,
1409 1984 1560 2028 quum
1595 1968 1826 2029 scriptum

191 2017 303 2098 ’νζ-0,,
322 2066 366 2098 xi.
413 2045 492 2098 sit,
519 2044 791 2106 Quicunque
825 2044 970 2091 ederit
1001 2061 1168 2107 panem
1204 2051 1284 2092 aut
1318 2044 1479 2093 biberit
1513 2044 1696 2093 calicem
1727 2044 1828 2092 Do-

191 2119 243 2151 27·
412 2121 532 2167 mini
556 2121 757 2185 indique,
782 2138 888 2168 reus
912 2123 1000 2169 crit
1025 2122 1231 2186 corporis
1255 2128 1297 2170 et
1319 2123 1560 2187 sanyuinis
1582 2122 1782 2169 Domini
1798 2123 1828 2169 f

413 2200 514 2246 Nos
552 2199 697 2246 etiam
740 2202 846 2246 illos
880 2217 999 2261 quos
1037 2201 1089 2247 hi
1123 2201 1207 2261 qui
1245 2201 1380 2262 prius
1416 2201 1466 2247 in
1502 2201 1717 2247 Ecclesia
1750 2216 1826 2247 ca·
1842 2214 1891 2253 25

411 2277 589 2323 tholica
614 2277 843 2337 Episcopi
868 2278 1072 2332 fuerant,
1095 2287 1144 2324 et
1174 2279 1476 2338 postmodum
1501 2278 1593 2324 sibi
1622 2285 1828 2338 potesta-

413 2360 507 2399 tem
542 2353 739 2399 clericae
770 2354 1085 2401 ordinationis
1120 2362 1415 2402 assumentes
1447 2354 1826 2414 baptizaverant,

412 2446 498 2491 pro
534 2446 627 2477 non
666 2431 924 2491 baptizatis
961 2432 1201 2479 habendos
1231 2432 1571 2494 judicavimus.
1644 2432 1712 2478 Et
1735 2433 1826 2479 hoc

411 2509 539 2568 apud
582 2523 667 2554 nos
700 2509 994 2565 observatur,
1031 2517 1085 2556 ut
1119 2510 1394 2571 quicunque
1434 2510 1496 2556 ab
1542 2509 1639 2556 illis
1685 2509 1824 2557 tincti

413 2587 471 2631 nd
509 2601 594 2631 nos
631 2586 839 2640 veniunt,
876 2594 1103 2648 tanquam
1146 2587 1287 2634 alieni
1325 2594 1372 2633 et
1410 2587 1530 2633 nihil
1571 2586 1824 2642 consecuti,
1839 2599 1892 2636 30
1947 2639 1959 2651 ·

414 2663 555 2709 unico
578 2670 626 2709 et
650 2680 760 2710 vero
782 2664 1021 2711 Ecclesiae
1045 2666 1304 2712 catholicae
1328 2665 1566 2726 baptismo
1589 2666 1714 2725 apud
1740 2679 1826 2711 nos

415 2740 737 2800 baptizentur,
773 2749 822 2788 et
864 2742 1037 2789 lavacri
1075 2742 1233 2789 vitalis
1273 2742 1676 2804 regenerationem
1717 2757 1827 2788 con-

414 2825 687 2877 sequuntur.
762 2818 826 2866 Et
869 2826 1027 2867 tamen
1067 2821 1272 2867 multum
1315 2819 1511 2866 interest
1552 2818 1677 2865 inter
1716 2834 1824 2865 eum
