2034 3204
537 260 619 302 DE
658 260 1013 302 IDOLORUM
1049 261 1397 302 VANITATE.
1583 262 1668 304 ⁶275

264 369 636 430 disciplinaeque
669 371 848 417 arbiter
882 377 930 418 et
964 370 1195 433 magister
1228 370 1395 417 Sermo
1430 376 1479 415 et
1513 370 1669 416 Filius

263 446 356 493 Dei
379 448 605 502 mittitur,
629 448 714 508 qui
736 463 822 509 per
848 448 1114 508 Prophetas
1138 462 1300 493 omnes
1333 453 1462 492 retro
1494 447 1671 492 illumi-

263 531 403 570 nator
440 530 489 570 et
535 526 766 573 deductor
808 525 1010 572 humani
1054 524 1243 587 generis
1291 524 1668 584 praedicabatur.

265 600 362 647 Hic
397 607 468 647 est
502 602 657 648 virtus
692 602 798 657 Dei,
824 602 901 649 hic
936 602 1074 656 ratio,
1104 602 1181 648 hic
1216 601 1451 661 sapientia
1485 602 1591 662 ejus
1622 608 1671 646 et

225 691 248 731 5
262 677 428 740 gloria.
503 678 599 724 Hic
622 679 674 725 in
698 679 933 742 virginem
964 679 1216 733 delabitur,
1241 695 1432 725 carnem
1458 678 1670 738 Spiritus

262 755 466 802 Sanctus
494 756 727 810 induitur,
752 757 885 804 Deus
907 773 1017 804 cum
1042 756 1234 803 homine
1264 757 1502 802 miscetur.
1575 756 1669 802 Hic

263 832 394 879 Deus
418 840 581 880 noster
603 835 683 881 hic
707 834 929 881 Christus
953 841 1040 888 est,
1064 834 1163 895 qui,
1189 835 1425 881 mediator
1447 835 1669 887 duorum,

263 910 507 957 hominem
536 911 693 958 induit
723 928 867 972 quem
899 914 1129 972 perducat
1161 913 1220 958 ad
1249 912 1457 958 Patrem.
1528 911 1670 965 Quod

263 987 407 1033 homo
447 995 518 1035 est
560 1005 661 1036 esse
702 990 926 1036 Christus
962 990 1127 1044 voluit,
1164 997 1219 1036 ut
1259 997 1307 1035 et
1341 990 1485 1035 homo
1520 990 1671 1050 possit

201 1078 362 1111 messe
385 1067 512 1125 quod
531 1066 754 1113 Christus
777 1074 863 1113 est.
910 1067 1134 1114 Sciebant
1158 1074 1207 1113 et
1223 1068 1254 1113 J
1258 1067 1398 1114 udaei
1420 1067 1668 1114 Christum

262 1157 363 1188 esse
403 1149 673 1190 venturum.
755 1143 883 1190 Nam
926 1144 1005 1191 hic
1051 1145 1146 1190 illis
1187 1159 1374 1204 semper
1415 1143 1669 1204 Prophetis

262 1220 566 1267 monentibus
597 1221 989 1268 adnuntiabatur.
1060 1221 1155 1268 Sed
1187 1222 1455 1284 significato
1490 1222 1668 1281 duplici

261 1298 366 1359 ejus
389 1299 612 1354 adventu,
636 1315 733 1346 uno
755 1299 839 1359 qui
872 1299 1100 1346 exercitio
1129 1306 1178 1345 et
1209 1301 1427 1359 exemplo
1459 1299 1669 1345 hominis

263 1374 558 1438 fungeretur,
587 1378 738 1423 altero
772 1377 856 1437 qui
892 1377 1050 1424 Deum
1086 1378 1330 1427 fateretur,
1364 1392 1459 1422 non
1496 1377 1670 1422 intelli-

203 1463 249 1503 ι5
261 1454 419 1515 gendo
441 1453 650 1513 primum
675 1456 950 1508 adventum,
974 1455 1059 1515 qui
1083 1455 1133 1500 in
1167 1454 1384 1514 passione
1414 1455 1671 1514 praecessit

262 1532 487 1584 occultus,
512 1547 663 1580 unum
686 1538 876 1578 tantum
900 1534 1101 1578 credunt
1123 1532 1207 1592 qui
1237 1532 1329 1578 erit
1357 1532 1407 1577 in
1436 1538 1670 1591 potestate

261 1608 557 1657 manifestus
627 1609 768 1663 Quod
806 1616 965 1656 autem
1003 1610 1091 1655 hoc
1125 1609 1157 1654 J
1163 1611 1423 1655 udaeorum
1465 1611 1670 1669 populus

264 1685 533 1748 intelligere
557 1702 655 1735 non
679 1687 852 1747 potuit,
871 1686 1153 1733 delictorum
1179 1687 1401 1732 meritum
1422 1687 1532 1732 fuit.
1593 1687 1670 1732 Sic

264 1769 401 1808 erant
423 1763 684 1823 sapientiae
701 1770 750 1810 et
773 1764 1118 1826 intelligentiae
1139 1765 1366 1810 caecitate
1391 1764 1596 1817 multati,
1615 1771 1671 1810 ut

200 1854 250 1880 20
263 1839 348 1899 qui
372 1839 473 1886 vita
501 1840 688 1903 indigni
724 1847 882 1887 essent
914 1841 1144 1888 haberent
1169 1842 1317 1887 vitam
1353 1848 1463 1887 ante
1495 1843 1668 1893 oculos,

263 1932 348 1969 nec
371 1916 601 1965 viderent.

328 1993 446 2041 VII.
485 1993 656 2054 Itaque
691 2010 840 2054 quum
881 1994 1106 2042 Christus
1141 1995 1300 2048 Jesus,
1339 1997 1598 2042 secundum
1640 2011 1804 2043 aohrisit
1795 2012 1879 2043 li-rn

264 2071 518 2132 Prophetis
542 2078 653 2119 ante
676 2073 934 2133 praedicta,
955 2074 1098 2120 verbo
1115 2080 1164 2119 et
1182 2073 1310 2119 vocis
1335 2074 1536 2133 imperio
1558 2067 1718 2130 dae-{²
1709 2056 1887 2137 sulzem-

262 2149 424 2196 monia
457 2151 516 2196 de
550 2150 827 2197 hominibus
861 2158 1116 2205 excuteret,
1149 2151 1438 2212 paralyticos
1473 2152 1669 2198 restrin-
1679 2143 1838 2223 'ecssssss‘sio

200 2239 248 2278 25
261 2234 407 2289 geret,
441 2229 649 2288 leprosos
683 2236 928 2291 purgaret,
956 2229 1249 2276 illuminaret
1283 2245 1459 2284 caecos,
1487 2229 1670 2276 claudis
1682 2231 1833 2305 Pugna&

261 2320 478 2366 gressum
501 2306 650 2360 daret,
670 2314 882 2352 mortuos
906 2322 1072 2353 rursus
1096 2307 1343 2362 animaret,
1364 2316 1551 2369 cogeret
1576 2307 1669 2353 sibi

262 2384 494 2430 elementa
517 2383 758 2438 famulari,
782 2385 958 2431 servire
982 2392 1161 2439 ventos,
1186 2385 1338 2431 maria
1367 2385 1610 2439 obedire,
1597 2400 1670 2430 m-

261 2460 388 2506 feros
410 2461 586 2514 cedere,
609 2460 801 2516 Judaei,
824 2461 908 2522 qui
939 2462 1076 2508 illum
1100 2462 1400 2508 crediderant
1424 2462 1668 2508 hominem

262 2543 451 2584 tantum
486 2538 544 2584 de
579 2538 848 2585 humilitate
885 2540 1041 2585 carnis
1078 2546 1127 2585 et
1165 2540 1388 2599 corporis,
1424 2539 1670 2584 existima-

197 2629 249 2666 30
262 2614 379 2661 bant
409 2630 604 2678 magum
633 2617 692 2662 de
719 2616 911 2663 licentia
941 2617 1206 2676 potestatis.
1279 2617 1424 2662 Hunc
1448 2617 1667 2679 magistri

262 2707 426 2738 eorum
451 2699 596 2752 atque
620 2693 867 2753 primores,
892 2695 980 2740 hoc
1004 2701 1090 2748 est,
1114 2710 1234 2754 quos
1262 2701 1310 2740 et
1340 2694 1557 2740 doctrina
1587 2694 1666 2740 ille

261 2775 309 2815 et
342 2769 575 2829 sapientia
609 2770 889 2823 revincebat,
927 2770 1111 2816 accensi
1147 2771 1219 2816 ira
1253 2778 1301 2816 et
1335 2771 1665 2831 indignatione

261 2847 502 2906 provocati
527 2847 730 2893 insecuti
748 2853 875 2901 sunt,
892 2855 938 2892 et
963 2854 1200 2907 postremo
1223 2850 1469 2894 detentum
1492 2849 1666 2894 Pontio

263 2923 435 2977 Pilato,
473 2924 557 2984 qui
593 2931 706 2970 tunc
741 2940 799 2970 ex
838 2931 974 2984 parte
1012 2924 1228 2971 Romana
1263 2926 1453 2986 Syriam
1496 2942 1664 2985 procu-

927 3017 1016 3058 ΤΞ
