1988 3216
333 216 389 259 92
807 213 1267 256 ANNOTATIONES

333 322 421 370 luit,
447 322 628 377 inquam,
659 322 888 373 manifeste,
916 322 987 363 τὸν
1015 322 1150 374 Λόγον
1180 326 1278 362 ante
1309 319 1631 362 incarnationem
1658 335 1739 362 non

333 379 443 421 omni
473 379 679 421 filiationis
709 394 876 437 genere,
901 386 948 421 ut
975 378 1034 420 ita
1060 378 1209 428 dicam,
1234 379 1471 420 defunctum
1495 378 1632 426 fuisse,
1656 378 1740 420 sive

333 437 515 479 nondum
550 437 675 479 fuisse
707 436 818 478 omni
851 437 986 485 modo,
1015 451 1096 492 quo
1127 437 1254 478 Pater
1284 436 1428 486 voluit,
1462 436 1541 478 Dei
1575 435 1738 478 Filium.

335 494 499 538 Scilicet
526 494 704 536 Domino
736 500 878 536 nostro
908 493 1111 550 triplicem
1144 493 1401 536 nativitatem
1431 500 1474 536 et
1502 493 1739 536 filiationem

331 552 614 594 attribuerunt
649 558 823 594 veteres.
884 551 1026 593 Prima
1060 557 1138 601 est,
1168 566 1251 607 qua
1283 557 1329 594 ut
1359 553 1488 605 Λόγος
1517 566 1570 593 ex
1603 557 1776 602 mente5

332 610 470 652 Patris
499 610 552 652 ab
582 616 754 651 aeterno
789 615 910 651 natus
939 609 1030 650 fuit.
1093 609 1158 650 Ex
1194 609 1272 650 hac
1306 609 1522 651 nativitate
1556 609 1742 666 perfecta

332 667 566 724 hypostasis
587 667 725 709 divina
748 666 930 716 exstitit;
962 681 1037 707 nec
1057 665 1134 722 ipsi
1154 666 1372 722 quicquam
1393 673 1537 722 postea
1556 665 1740 716 accessit,

332 725 405 767 sed
445 724 582 781 potius
622 731 787 767 ceterae
818 723 1054 765 nativitates
1087 723 1406 777 συγκαταβάσεις
1435 724 1618 773 fuerunt,
1657 724 1741 765 sive

330 782 692 824 condescensiones
713 782 806 823 Filii
826 781 919 823 Dei.
980 781 1127 823 Altera
1155 796 1304 837 nempe
1334 781 1525 824 nativitas
1554 789 1632 831 est,
1661 796 1742 837 qua

332 842 354 881 ὁ
373 842 506 893 Λόγος
525 855 551 882 a
571 841 662 881 Deo
682 840 822 889 Patre,
843 838 954 895 apud
976 853 1111 894 quem,
1134 853 1260 894 quum
1289 838 1390 880 nihil
1413 839 1550 881 adhuc
1574 845 1742 894 praeter
1758 854 1806 879 10

333 898 469 938 Deum
505 897 715 945 existeret,
749 897 935 952 adeoque
965 897 1018 938 ab
1048 901 1219 938 aeterno
1250 896 1402 948 fuerat,
1435 895 1514 938 κατ’
1537 896 1743 950 ἐνέργειαν

333 954 474 1006 exivit,
502 969 550 996 ac
577 961 774 1010 tanquam
802 969 854 996 ex
881 959 1000 996 utero
1031 954 1118 1009 ejus
1148 953 1314 1010 prodiit,
1340 968 1466 1009 seque
1496 954 1659 996 demisit
1687 954 1742 995 ad

333 1012 548 1054 condenda
578 1012 783 1054 universa.
847 1012 985 1069 [Haec
1015 1017 1078 1053 est
1112 1011 1183 1053 illa
1212 1010 1401 1065 γέννησις
1429 1012 1562 1065 Λόγου
1592 1018 1743 1065 προφο-

333 1073 444 1120 ρικοῦ
473 1070 586 1126 apud
616 1069 891 1126 Theophilum
922 1068 1225 1111 Antiochenum
1253 1068 1321 1111 lib.
1343 1083 1386 1110 11.
1409 1083 1448 1125 p.
1473 1069 1540 1111 80.
1603 1068 1671 1112 Sic
1701 1074 1744 1111 et

333 1127 362 1169 J
366 1127 486 1169 udaei
505 1127 671 1183 quidam
702 1134 841 1169 aetate
861 1126 1016 1169 -Justini
1046 1127 1307 1168 affirmabant
1333 1127 1524 1179 ἇτμήτους
1548 1128 1612 1169 καὶ
1639 1127 1743 1181 ἆχω-
1759 1140 1806 1179 15

331 1185 490 1238 ρίστους
511 1188 622 1228 Θεοῦ
647 1185 833 1237 δυνάμεις
860 1199 949 1226 esse
969 1185 1035 1226 An
1068 1184 1153 1226 elos
1177 1182 1226 1228 ἃς
1249 1186 1271 1226 ὁ
1293 1185 1402 1228 Θεὸς
1429 1185 1525 1225 ὅταν
1547 1185 1744 1237 βούληται

334 1243 540 1298 προπηδᾷν
555 1246 664 1284 ποιεῖ
682 1243 745 1284 καὶ
764 1242 888 1284 πάλιν
905 1243 1033 1284 &vaur
1053 1247 1146 1284 λλει
1165 1241 1262 1295 πρὸς
1284 1241 1439 1293 ἑαυτὸν,
1455 1256 1495 1298 p.
1515 1244 1612 1285 280.
1630 1241 1740 1283 Dial.

334 1314 426 1341 cum
448 1300 688 1357 Tryphone.
727 1300 920 1355 Fame]
978 1299 1123 1342 Tertia
1143 1299 1307 1342 demum
1329 1298 1522 1341 nativitas
1542 1306 1630 1341 tum
1650 1298 1742 1350 fuit,

334 1371 460 1413 quum
486 1357 596 1399 idem
618 1359 640 1398 ὁ
661 1359 791 1411 Λόγος
818 1372 914 1399 earo
939 1357 1073 1399 factus
1099 1363 1174 1405 est,
1197 1364 1239 1399 et
1260 1372 1282 1399 e
1309 1356 1401 1398 sinu
1422 1356 1560 1399 Patris
1586 1357 1629 1398 in
1655 1362 1743 1399 ute-

333 1430 425 1456 rum
458 1415 717 1457 beatissimae
746 1414 930 1472 Virginis
960 1414 1140 1471 illapsus,
1174 1415 1295 1456 homo
1326 1429 1377 1456 ex
1407 1414 1498 1471 ipsa
1528 1421 1651 1457 natus
1680 1420 1743 1456 est
1758 1433 1807 1458 20

334 1487 409 1529 per
443 1472 786 1520 inumbrationem
819 1472 1001 1529 Spiritus
1030 1473 1071 1515 S.
1140 1473 1256 1514 Haec
1290 1472 1369 1514 fuit
1404 1475 1473 1513 τοῦ
1507 1473 1641 1526 Λόγου
1673 1487 1743 1514 ex-

334 1537 469 1572 trema
503 1529 818 1584 συγκατάβασις,
850 1545 876 1572 a
909 1529 1025 1572 nobis
1059 1530 1302 1578 hominibus,
1338 1530 1525 1586 adeoque
1558 1530 1612 1572 ab
1646 1529 1745 1586 ipsis

335 1587 506 1653 Angelis
540 1594 756 1632 aeternum
790 1588 1015 1637 adoranda,
1047 1602 1130 1644 qua
1164 1593 1345 1644 peraeta,
1379 1587 1585 1644 perfectus
1618 1587 1745 1629 Filius

334 1646 414 1687 Del
443 1645 576 1688 factus
604 1651 679 1694 est,
711 1646 787 1687 hoc
815 1653 890 1695 est,
923 1652 968 1687 ut
995 1645 1092 1695 dixi,
1121 1645 1230 1687 omni
1257 1645 1462 1687 filiationis
1492 1660 1646 1702 genere
1674 1645 1743 1687 de-

333 1703 497 1745 functus
537 1709 624 1745 est:
664 1703 865 1759 siquidem
907 1709 1070 1745 ceterae
1104 1703 1332 1752 filiationes,
1374 1717 1480 1759 quae
1521 1703 1742 1745 humanam
1759 1719 1806 1757 25

335 1760 490 1803 Christi
522 1767 710 1803 naturam
743 1766 943 1817 spectant,
966 1775 1017 1802 ex
1049 1761 1127 1802 hae
1154 1761 1402 1817 dependent,
1427 1766 1552 1816 atque
1576 1775 1627 1802 ex
1654 1760 1744 1817 ipsa

335 1825 654 1874 consequuntur.
717 1819 768 1861 G.
787 1819 1034 1867 BULLUS‚
1051 1818 1219 1861 Defens.
1238 1818 1354 1860 Fidei
1368 1819 1410 1860 N
1412 1818 1578 1860 ieaenae
1595 1833 1633 1875 p.
1653 1819 1741 1870 164.

337 1877 393 1933 [p.
410 1890 478 1930 92.
502 1876 565 1918 ed.
591 1875 752 1931 Grabii]
774 1891 800 1918 a
822 1876 1010 1918 Fabricio
1030 1876 1192 1918 allatus.
1255 1876 1432 1918 Dixerat
1451 1875 1616 1932 quidem
1641 1875 1744 1932 Hip-

335 1934 514 1991 polytus,
536 1933 606 1975 τὸν
627 1935 762 1988 Λόγον
784 1933 946 1975 nomine
969 1933 1060 1975 Filii
1087 1934 1338 1990 appellatum
1367 1949 1456 1976 esse
1483 1935 1548 1975 διὰ
1574 1933 1619 1975 τὸ
1648 1933 1743 1986 μέλ-

334 1999 423 2034 λειν
445 1991 563 2034 αὐτὸν
583 1991 788 2044 γενέσθαι,
810 1992 886 2034 hoc
908 2006 1005 2034 vero
1027 1992 1114 2034 loeo
1139 2007 1221 2033 non
1247 1998 1386 2049 negat.
1408 2006 1501 2034 eum
1521 1996 1741 2047 antequam
1757 2007 1808 2044 30

335 2050 572 2091 incarnatus
601 2048 814 2097 existeret.
844 2049 1009 2091 omnino
1044 2049 1169 2091 fuisse
1200 2049 1371 2099 Filium;
1409 2049 1483 2091 sed
1514 2049 1744 2106 perfeetum

339 2107 484 2149 Filium
506 2106 631 2148 fuisse
654 2106 766 2148 haud
787 2106 988 2149 concedit.
1041 2107 1169 2149 Immo
1190 2122 1328 2164 supra,
1350 2106 1391 2148 in
1412 2113 1509 2149 sect.
1532 2106 1588 2158 xi,
1609 2121 1649 2163 p.
1674 2110 1743 2157 62,

336 2165 476 2213 habet,
492 2165 620 2208 Οὗτος
640 2166 682 2206 δὲ
705 2168 807 2214 νοῦς,
825 2164 869 2209 ὃς
889 2166 1046 2218 προβὰς
1066 2166 1109 2206 ἐν
1126 2166 1259 2221 κόσμῳ
1280 2166 1477 2206 ἐδείκνυτο
1500 2168 1603 2208 Παῖς
1619 2167 1743 2206 Θεοῦ.

336 2223 533 2264 Attamen
573 2236 741 2264 censere
777 2222 939 2264 videtur
1022 2222 1031 2263 i
1065 2222 1242 2279 polytus,
1278 2223 1391 2264 Filii
1426 2221 1742 2278 appellationem

336 2280 486 2337 partim
514 2294 564 2321 ex
593 2279 850 2335 processione
878 2279 966 2335 ejus
990 2237 1061 2322 mi)
1071 2295 1138 2322 res
1165 2280 1412 2328 condendas,
1435 2279 1586 2336 partim
1612 2294 1663 2321 ex
1685 2278 1744 2320 in·
1757 2294 1808 2333 35

335 2336 574 2380 carnatione
608 2336 696 2393 ejus
731 2336 958 2379 derivatam
996 2351 1097 2379 esse.
1174 2337 1322 2380 Itidem
1359 2336 1638 2379 Tertullianus
1671 2336 1742 2385 ait,

337 2394 461 2437 fuisse
487 2400 664 2450 tempus,
684 2408 809 2450 quum
842 2394 967 2436 Filius
994 2409 1074 2436 non
1100 2394 1203 2444 fuit3
1235 2400 1421 2437 statuens
1449 2400 1587 2436 tamen
1609 2394 1744 2436 Deum

338 2467 419 2494 non
448 2459 534 2495 tum
561 2451 690 2493 solum
718 2451 854 2501 fuisse,
881 2451 953 2494 sed
982 2451 1170 2494 habuisse
1196 2451 1237 2494 in
1263 2451 1481 2508 semetipso
1503 2452 1743 2495 Sermonem

338 2510 391 2553 de
425 2509 656 2552 substantia
687 2509 836 2552 Patris.
903 2509 1056 2552 Confer
1077 2509 1250 2552 Tertull.
1273 2510 1398 2552 Advs.
1424 2510 1580 2551 Hermo
1612 2523 1743 2559 enem,

338 2582 426 2625 cap.
441 2580 483 2623 3,
501 2575 544 2610 et
563 2566 686 2609 Advs.
703 2567 919 2614 l'raxeam,
936 2582 1055 2624 capp.
1069 2581 1099 2620 4
1111 2574 1153 2610 et
1168 2581 1208 2623 5.
1271 2567 1350 2619 Qui
1385 2582 1436 2624 pe
1452 2568 1582 2610 Tertu
1615 2566 1742 2616 ianus,
1758 2586 1808 2619 40

340 2633 385 2668 ut
408 2625 528 2667 nuno
548 2624 714 2691 placuit,
736 2624 1011 2675 existimabat,
1034 2632 1043 2648 ‘
1062 2624 1131 2667 τὸν
1147 2626 1281 2679 Λόγον
1302 2624 1343 2667 in
1378 2640 1441 2667 loe
1461 2623 1660 2682 imprimis
1678 2623 1744 2666 Fi·

340 2692 348 2706 ⁶
368 2683 464 2725 lium
491 2683 567 2725 Dei
593 2682 846 2725 declaratum
881 2681 1018 2733 fuisse,
1040 2682 1151 2739 quod
1171 2697 1297 2739 quum
1321 2683 1434 2725 Deus
1455 2683 1582 2725 Pater
1603 2681 1742 2732 voluit,

340 2748 415 2781 ‘ex
446 2740 456 2781 i
488 2756 532 2781 so
562 2739 820 2796 processerit,
849 2739 886 2782 ei
915 2746 997 2783 tan«
1018 2755 1110 2782 uam
1140 2755 1191 2782 ex
1222 2746 1340 2783 utero
1370 2746 1568 2797 paternae
1596 2739 1744 2781 mentis

338 2806 347 2821 ⁴
382 2755 579 2845 ›r‹›‹iierit‚
610 2805 653 2839 et
683 2797 797 2853 qumi
834 2803 955 2840 natus
1008 2796 1114 2840 uerit
1145 2797 1199 2840 ad
1235 2796 1469 2839 condendus
1503 2800 1743 2840 creaturas!

343 2812 433 2897 did.
458 2857 537 2910 op.
560 2854 688 2908 ojnml.
711 2869 749 2910 p.
772 2866 852 2910 235
871 2854 932 2897 vel
957 2866 1051 2909 207.
1758 2863 1806 2900 45
