1988 3216
147 545 158 566 1
174 535 275 566 Joan.
292 536 333 566 iv.

147 1227 157 1248 ι
171 1217 244 1248 Pet.
258 1218 300 1248 iv.
318 1226 345 1257 7.

144 1559 231 1591 Μαι.
247 1560 335 1591 xxvi.

362 245 418 287 16

702 246 745 287 S.
773 246 1040 287 POLYCAR
1049 247 1103 287 ΡΙ
1139 247 1422 289 EPISTOLA

357 350 414 404 τὸ
457 350 608 417 ὄνομα
650 358 736 404 τοῦ
783 353 979 420 Κυρίου,
1030 352 1191 408 οἵτινες
1240 355 1563 407 ἀποπλανῶσι
1607 351 1767 408 κενοὺς

356 435 653 503 ἀνθρώπους.

434 516 492 586 ζ’.
538 525 645 576 Πᾶς
679 521 791 590 γὰρ,
821 521 871 577 ὃς
906 520 965 574 ἂν
993 521 1060 587 μὴ
1086 524 1303 591 ὁμολογῇ
1327 521 1522 587 Ἰησοῦν
1547 521 1768 591 Χριστὸν

357 606 406 656 ἐν
432 608 576 674 σαρκὶ
611 606 910 671 ἐληλυθέναι,
939 606 1242 676 ἀντίχριστός
1266 609 1386 659 ἐστι·
1429 610 1506 659 καὶ
1532 606 1583 663 ος
1612 606 1672 659 ἂν
1699 606 1766 672 μὴ

359 693 577 760 ὁμολογῇ
603 691 659 743 τὸ
683 690 944 759 μαρτύριον
969 697 1054 744 τοῦ
1080 697 1308 760 σταυροῦ,
1334 694 1386 743 ἐκ
1415 698 1499 744 τοῦ
1535 691 1802 751 διαβόλου5

357 775 477 827 ἐστι·
521 777 598 827 καὶ
634 774 685 831 ος
714 775 774 827 ἂν
805 773 1033 844 μεθοδεύῃ
1058 774 1120 827 τὰ
1144 775 1290 841 λόγια
1313 779 1398 827 τοῦ
1435 775 1614 842 Κυρίου
1646 798 1768 843 προς

358 858 445 915 τὰς
470 861 590 916 ἰδίας
621 860 882 925 ἐπιθυμίας,
915 862 993 912 καὶ
1027 859 1147 928 λε’γῃ
1180 858 1297 925 μήτε
1328 857 1615 923 ἀνάστασιν,
1649 859 1767 926 μήτε

358 945 518 1012 κρίσιν
562 942 691 1007 εἶναι,
736 945 873 999 οὗτος
924 942 1226 1012 πρωτότοκος
1269 944 1374 995 ε’στι
1416 949 1502 995 τοῦ
1554 947 1763 996 Σατανᾶ.

360 1028 453 1080 Διὸ
483 1029 826 1084 ἀπολείποντες
858 1027 946 1093 τὴν
978 1027 1272 1094 ματαιότητα
1302 1032 1400 1079 τῶν
1436 1033 1656 1093 πολλῶν,
1690 1031 1767 1081 καὶ

358 1112 443 1169 τὰς
469 1113 956 1183 ψευδοδιδασκαλίας,
983 1114 1058 1165 ἐπὶ
1091 1110 1176 1165 τὸν
1199 1110 1259 1180 ἐξ
1286 1111 1439 1181 ἀρχῆς
1467 1112 1578 1177 ἡμῖν
1608 1135 1764 1181 παρα·
1785 1139 1832 1164 10

360 1199 557 1251 δοθέντα
581 1197 733 1265 λόγον
757 1198 1137 1268 ἐπιστρέψωμεν,
1168 1197 1400 1268 νήφοντες
1427 1197 1548 1265 πρὸς
1581 1196 1667 1253 τὰς
1691 1199 1764 1250 εὐ-

359 1283 463 1353 χὰς,
501 1286 580 1336 καὶ
617 1289 1082 1352 προσκαρτεροῦντες
1123 1282 1376 1348 νηστείαις·

1433 1281 1656 1348 δεήσεσιν
1693 1286 1766 1335 αἱ·

359 1369 574 1436 τούμενοι
605 1369 689 1421 τὸν
714 1369 1052 1434 παντεπόπτην
1078 1366 1218 1432 Θεὸν,
1251 1366 1319 1433 μὴ
1344 1371 1623 1434 εἰσενεγκεῖν
1646 1368 1770 1433 ἡμᾶς

361 1458 426 1511 εἰς
449 1454 733 1523 πειρασμὸν,
748 1453 904 1510 καθὼς
928 1451 1054 1507 εἶπεν
1070 1455 1096 1506 ὁ
1120 1452 1309 1520 Κύριος·
1357 1460 1372 1484 ‘
1390 1451 1463 1506 Τὸ
1481 1452 1570 1518 μὲν
1583 1458 1768 1518 πνεῦμα

364 1550 378 1573 ‘
404 1538 716 1616 πρόθυμον,ή
743 1539 791 1591 δὲ
816 1538 954 1607 σὰρξ
975 1537 1214 1604 ἀσθενήςῖ

1784 1566 1830 1603 15

437 1623 496 1691 η’.
539 1625 886 1681 Ἀδιαλείπτως
924 1624 1008 1676 οὖν
1047 1627 1479 1692 προσκαρτερῶμεν
1519 1625 1577 1692 τῇ
1614 1622 1771 1676 ἐλπίδι

360 1714 510 1778 ἡμῶν,
548 1714 623 1763 καὶ
662 1713 730 1781 τῷ
767 1711 1011 1779 ἀρῥαβῶνι
1053 1712 1137 1774 τῆς
1183 1708 1485 1774 δικαιοσύνης
1522 1709 1675 1773 ἡμῶν,
1719 1708 1771 1764 ὅς

362 1919 402 1951 et
422 1913 486 1964 qui
522 1913 592 1950 ⁸in
620 1910 853 1962 hypocrisim
883 1913 1040 1960 portant

362 1980 502 2005 nomen
542 1965 713 2013 Domini,
751 1964 815 2016 qui
863 1964 1039 2002 aberrare

365 2021 508 2059 faciunt
536 2020 667 2058 inanes
694 2019 878 2058 homines.

422 2075 514 2113 VII.
547 2074 684 2113 Omnis
709 2073 811 2112 enim
837 2070 933 2123 bqui
961 2084 1042 2109 mm

363 2129 561 2181 mmfitetm·
591 2129 730 2167 Jemtm
764 2127 963 2167 Cha-istum
994 2125 1039 2164 in

363 2198 478 2222 mem
506 2183 660 2230 vem'soe,
686 2182 748 2220 hic
777 2180 1040 2220 Amic-hristus

364 2244 447 2276 est:
478 2243 517 2276 et
536 2237 600 2288 qui
621 2250 697 2275 non
718 2236 923 2275 confltetur
941 2247 1039 2272 mar-

365 2292 508 2342 tyrium
521 2291 654 2337 crucis,
667 2304 714 2328 ex
730 2290 882 2328 diabolo
897 2295 979 2327 est·
1001 2294 1040 2326 et

364 2346 428 2397 qui
463 2345 673 2384 deviaverit
702 2344 853 2395 eloquia
882 2342 1037 2380 Domini

364 2400 412 2438 ad
442 2399 597 2451 propris
622 2397 819 2445 desideria,
839 2402 878 2436 et
897 2396 1039 2435 dixerit

365 2467 488 2506 neque
539 2452 865 2498 resurrectionem,
917 2463 1039 2501 neque

359 2508 549 2559 Judioiuxn
587 2520 679 2554 esse,
714 2506 774 2544 hie
807 2504 1038 2557 primogeni-

365 2570 428 2602 tus
447 2568 506 2602 est
526 2561 697 2601 Satanae.
756 2560 916 2611 Propter
934 2558 1037 2610 quod

366 2617 623 2668 relinquentes
657 2614 864 2653 vanitatem
899 2613 1037 2651 multo-

1096 1921 1193 1955 rum,
1214 1914 1253 1946 et
1281 1908 1393 1946 falsas
1420 1907 1624 1954 doctrinas,
1650 1905 1699 1944 ad
1727 1905 1773 1943 il-

1095 1962 1161 2000 lud
1181 1962 1284 2013 quod
1312 1962 1499 2000 traditum
1525 1965 1584 2000 est
1611 1959 1721 1998 nobis
1748 1972 1771 1997 a

1096 2016 1285 2067 principio
1322 2016 1482 2055 verbum
1519 2020 1767 2054 revertamur.

1098 2070 1253 2109 cSobrii
1287 2070 1407 2108 simus
1443 2070 1483 2107 in
1522 2068 1769 2115 orationibus,

1095 2130 1134 2163 et
1152 2124 1299 2176 jejunia
1316 2125 1524 2163 tolerantes
1543 2137 1554 2172 3
1582 2121 1770 2174 supplica-

1095 2179 1264 2218 tionibus
1292 2183 1466 2230 petentes
1494 2177 1667 2216 omnium
1685 2189 1770 2228 per-

1095 2239 1308 2284 spectorem
1342 2232 1564 2279 Dominum,
1598 2230 1672 2270 dne
1700 2244 1771 2269 ‘noa

1094 2288 1257 2326 inchoat
1276 2287 1320 2325 in
1340 2287 1586 2326 tentationem
1602 2300 1609 2324 :
1639 2298 1770 2324 seeun-

1093 2341 1185 2379 dum
1201 2341 1304 2392 quod
1319 2341 1420 2379 dixit
1432 2340 1641 2387 Dominum
1659 2339 1769 2389 ospi-

1094 2396 1195 2433 ritus
1213 2395 1368 2445 quidem
1380 2400 1584 2445 promptus
1603 2400 1664 2440 eet,
1680 2406 1770 2431 cmro

1094 2455 1223 2488 antem
1240 2448 1410 2500 infir-qna.

1149 2502 1267 2541 VIII.
1300 2502 1568 2541 Indefleienter
1593 2514 1685 2553 ergo
1711 2507 1768 2540 to-

1094 2558 1257 2596 leremus
1283 2562 1441 2608 propter
1465 2569 1572 2607 spem
1597 2559 1766 2594 nostram

1094 2617 1132 2650 et
1180 2611 1317 2662 pimms
1354 2611 1527 2661 justitiae,
1565 2610 1667 2661 quod
1711 2615 1767 2646 est

930 2761 979 2794 Ex
995 2760 1112 2792 smum
1127 2759 1202 2791 edit.

410 2854 423 2868 ·
444 2847 557 2878 Potiu-0
573 2847 606 2877 δη
625 2847 793 2887 hypomn.

365 2897 377 2910 ‘
398 2891 479 2922 Mn.
503 2891 577 2922 nvi
610 2901 659 2929 ⁴¹·

876 2845 890 2866 '⁹
913 2856 920 2876 ι
938 2844 1016 2876 soh.
1034 2844 1074 2875 iv.
1093 2852 1120 2883 3.

1202 2849 1214 2864 ‘'
1237 2853 1245 2875 ι
1267 2843 1336 2875 Pot.
1355 2843 1394 2875 iv.
1415 2852 1440 2883 7.
1523 2841 1536 2862 ¹⁸
1557 2841 1639 2873 Μηῑ.
1658 2841 1697 2872 vi.
1719 2850 1764 2880 ¹3·
