<?xml version="1.0" encoding="UTF-8"?>
<!DOCTYPE html PUBLIC "-//W3C//DTD XHTML 1.0 Transitional//EN"
    "http://www.w3.org/TR/xhtml1/DTD/xhtml1-transitional.dtd">
<html xmlns="http://www.w3.org/1999/xhtml" xml:lang="en" lang="en">
 <head>
  <title>
</title>
<meta http-equiv="Content-Type" content="text/html;charset=utf-8" />
  <meta name='ocr-system' content='tesseract 3.04.00' />
  <meta name='ocr-capabilities' content='ocr_page ocr_carea ocr_par ocr_line ocrx_word'/>
</head>
<body>
  <div class='ocr_page' id='page_1' title='image "./scriptorumeccles01rout_0211.png"; bbox 0 0 2034 3204; ppageno 0'>
   <div class='ocr_carea' id='block_1_1' title="bbox 382 230 1645 274">
    <p class='ocr_par' dir='ltr' id='par_1_1' title="bbox 382 230 1645 274">
     <span class='ocr_line' id='line_1_1' title="bbox 382 230 1645 274; baseline -0.003 0"><span class='ocrx_word' id='word_1_1' title='bbox 382 230 443 274; x_wconf 89' lang='lat' dir='ltr'><strong>IN</strong></span> <span class='ocrx_word' id='word_1_2' title='bbox 475 231 760 274; x_wconf 87' lang='lat' dir='ltr'><strong>TERTULL.</strong></span> <span class='ocrx_word' id='word_1_3' title='bbox 794 231 871 272; x_wconf 87' lang='lat' dir='ltr'><strong>DE</strong></span> <span class='ocrx_word' id='word_1_4' title='bbox 905 230 1281 273; x_wconf 82' lang='lat' dir='ltr'><strong>PRAESCRIPT.</strong></span> <span class='ocrx_word' id='word_1_5' title='bbox 1316 230 1488 271; x_wconf 85' lang='lat' dir='ltr'>HAER.</span> <span class='ocrx_word' id='word_1_6' title='bbox 1563 230 1645 272; x_wconf 82' lang='lat'><strong>195</strong></span> 
     </span>
    </p>
   </div>
   <div class='ocr_carea' id='block_1_2' title="bbox 177 338 1650 2972">
    <p class='ocr_par' dir='ltr' id='par_1_2' title="bbox 182 338 1650 1202">
     <span class='ocr_line' id='line_1_2' title="bbox 245 338 1645 406; baseline -0.003 -23"><span class='ocrx_word' id='word_1_7' title='bbox 245 340 427 406; x_wconf 83' lang='lat' dir='ltr'><strong>gendum</strong></span> <span class='ocrx_word' id='word_1_8' title='bbox 453 340 624 383; x_wconf 85' lang='lat' dir='ltr'><strong>Latinus</strong></span> <span class='ocrx_word' id='word_1_9' title='bbox 644 339 844 390; x_wconf 84' lang='lat' dir='ltr'><strong>Latinius,</strong></span> <span class='ocrx_word' id='word_1_10' title='bbox 866 352 991 395; x_wconf 88' lang='lat' dir='ltr'><strong>quum</strong></span> <span class='ocrx_word' id='word_1_11' title='bbox 1019 338 1240 381; x_wconf 89' lang='lat' dir='ltr'><strong>invenisset</strong></span> <span class='ocrx_word' id='word_1_12' title='bbox 1267 339 1397 381; x_wconf 77' lang='lat' dir='ltr'><strong>velint</strong></span> <span class='ocrx_word' id='word_1_13' title='bbox 1425 352 1501 395; x_wconf 89' lang='lat' dir='ltr'><strong>pro</strong></span> <span class='ocrx_word' id='word_1_14' title='bbox 1522 339 1645 380; x_wconf 76' lang='lat' dir='ltr'><strong>velim</strong></span> 
     </span>
     <span class='ocr_line' id='line_1_3' title="bbox 244 396 1648 440; baseline -0.003 0"><span class='ocrx_word' id='word_1_15' title='bbox 244 413 287 440; x_wconf 80' lang='lat' dir='ltr'><strong>in</strong></span> <span class='ocrx_word' id='word_1_16' title='bbox 315 397 560 440; x_wconf 82' lang='lat' dir='ltr'><strong>editionibus</strong></span> <span class='ocrx_word' id='word_1_17' title='bbox 591 397 795 439; x_wconf 87' lang='lat' dir='ltr'><strong>Rhenani.</strong></span> <span class='ocrx_word' id='word_1_18' title='bbox 858 398 933 439; x_wconf 89' lang='lat' dir='ltr'><strong>Ille</strong></span> <span class='ocrx_word' id='word_1_19' title='bbox 957 411 1056 439; x_wconf 87' lang='lat' dir='ltr'><strong>vero</strong></span> <span class='ocrx_word' id='word_1_20' title='bbox 1083 396 1310 438; x_wconf 89' lang='lat' dir='ltr'><strong>Rhenanus</strong></span> <span class='ocrx_word' id='word_1_21' title='bbox 1336 397 1390 438; x_wconf 87' lang='lat' dir='ltr'><strong>ad</strong></span> <span class='ocrx_word' id='word_1_22' title='bbox 1421 410 1536 437; x_wconf 86' lang='lat' dir='ltr'><strong>oram</strong></span> <span class='ocrx_word' id='word_1_23' title='bbox 1565 402 1648 437; x_wconf 91' lang='lat' dir='ltr'><strong>ter-</strong></span> 
     </span>
     <span class='ocr_line' id='line_1_4' title="bbox 244 455 1647 509; baseline -0.002 -12"><span class='ocrx_word' id='word_1_24' title='bbox 244 455 328 498; x_wconf 82' lang='lat' dir='ltr'><strong>tiae</strong></span> <span class='ocrx_word' id='word_1_25' title='bbox 352 470 450 498; x_wconf 80' lang='lat' dir='ltr'><strong>suae</strong></span> <span class='ocrx_word' id='word_1_26' title='bbox 469 455 659 497; x_wconf 84' lang='lat' dir='ltr'><strong>editionis</strong></span> <span class='ocrx_word' id='word_1_27' title='bbox 686 455 805 497; x_wconf 87' lang='lat' dir='ltr'><strong>duxit</strong></span> <span class='ocrx_word' id='word_1_28' title='bbox 831 455 1105 503; x_wconf 89' lang='lat' dir='ltr'><strong>scribendum,</strong></span> <span class='ocrx_word' id='word_1_29' title='bbox 1126 462 1166 496; x_wconf 77' lang='lat' dir='ltr'><strong>et</strong></span> <span class='ocrx_word' id='word_1_30' title='bbox 1188 455 1303 496; x_wconf 78' lang='lat' dir='ltr'><strong>velut</strong></span> <span class='ocrx_word' id='word_1_31' title='bbox 1325 455 1385 496; x_wconf 70' lang='lat' dir='ltr'><strong>eit</strong></span> <span class='ocrx_word' id='word_1_32' title='bbox 1404 468 1647 509; x_wconf 67' lang='lat' dir='ltr'><strong>nusquam;</strong></span> 
     </span>
     <span class='ocr_line' id='line_1_5' title="bbox 245 510 1648 569; baseline -0.001 -15"><span class='ocrx_word' id='word_1_33' title='bbox 245 518 371 569; x_wconf 88' lang='lat' dir='ltr'><strong>atque</strong></span> <span class='ocrx_word' id='word_1_34' title='bbox 400 512 443 554; x_wconf 91' lang='lat' dir='ltr'><strong>in</strong></span> <span class='ocrx_word' id='word_1_35' title='bbox 463 512 570 555; x_wconf 89' lang='lat' dir='ltr'><strong>notis</strong></span> <span class='ocrx_word' id='word_1_36' title='bbox 599 512 682 554; x_wconf 87' lang='lat' dir='ltr'><strong>suis</strong></span> <span class='ocrx_word' id='word_1_37' title='bbox 705 513 759 555; x_wconf 88' lang='lat' dir='ltr'><strong>ad</strong></span> <span class='ocrx_word' id='word_1_38' title='bbox 788 512 886 555; x_wconf 89' lang='lat' dir='ltr'><strong>edit.</strong></span> <span class='ocrx_word' id='word_1_39' title='bbox 907 527 1023 554; x_wconf 85' lang='lat' dir='ltr'><strong>suam</strong></span> <span class='ocrx_word' id='word_1_40' title='bbox 1049 511 1234 555; x_wconf 81' lang='lat' dir='ltr'><strong>ultimam</strong></span> <span class='ocrx_word' id='word_1_41' title='bbox 1261 510 1407 553; x_wconf 85' lang='lat' dir='ltr'><strong>maluit</strong></span> <span class='ocrx_word' id='word_1_42' title='bbox 1432 525 1648 567; x_wconf 82' lang='lat' dir='ltr'><strong>reponere,</strong></span> 
     </span>
     <span class='ocr_line' id='line_1_6' title="bbox 207 568 1650 626; baseline -0.003 -12"><span class='ocrx_word' id='word_1_43' title='bbox 207 578 231 616; x_wconf 89' lang='lat'>5</span> <span class='ocrx_word' id='word_1_44' title='bbox 245 571 319 613; x_wconf 72' lang='lat' dir='ltr'><strong>sed</strong></span> <span class='ocrx_word' id='word_1_45' title='bbox 338 570 470 613; x_wconf 75' lang='lat' dir='ltr'><strong>veluti</strong></span> <span class='ocrx_word' id='word_1_46' title='bbox 489 572 547 612; x_wconf 71' lang='lat' dir='ltr'><strong>eit</strong></span> <span class='ocrx_word' id='word_1_47' title='bbox 567 585 806 626; x_wconf 76' lang='lat' dir='ltr'><strong>nusquam;</strong></span> <span class='ocrx_word' id='word_1_48' title='bbox 835 570 933 612; x_wconf 92' lang='lat' dir='ltr'><strong>dum</strong></span> <span class='ocrx_word' id='word_1_49' title='bbox 953 578 993 612; x_wconf 80' lang='lat' dir='ltr'><strong>et</strong></span> <span class='ocrx_word' id='word_1_50' title='bbox 1012 571 1095 612; x_wconf 77' lang='lat' dir='ltr'><strong>erit</strong></span> <span class='ocrx_word' id='word_1_51' title='bbox 1115 583 1192 626; x_wconf 90' lang='lat' dir='ltr'><strong>pro</strong></span> <span class='ocrx_word' id='word_1_52' title='bbox 1212 583 1283 611; x_wconf 83' lang='lat' dir='ltr'><strong>ero</strong></span> <span class='ocrx_word' id='word_1_53' title='bbox 1304 570 1452 625; x_wconf 77' lang='lat' dir='ltr'><strong>itaque</strong></span> <span class='ocrx_word' id='word_1_54' title='bbox 1471 568 1514 610; x_wconf 92' lang='lat' dir='ltr'><strong>in</strong></span> <span class='ocrx_word' id='word_1_55' title='bbox 1534 574 1650 610; x_wconf 85' lang='lat' dir='ltr'><strong>ante-</strong></span> 
     </span>
     <span class='ocr_line' id='line_1_7' title="bbox 245 627 1648 678; baseline -0.001 -9"><span class='ocrx_word' id='word_1_56' title='bbox 245 627 498 678; x_wconf 83' lang='lat' dir='ltr'><strong>cedentibus,</strong></span> <span class='ocrx_word' id='word_1_57' title='bbox 530 628 664 669; x_wconf 80' lang='lat' dir='ltr'><strong>minus</strong></span> <span class='ocrx_word' id='word_1_58' title='bbox 694 633 832 670; x_wconf 87' lang='lat' dir='ltr'><strong>autem</strong></span> <span class='ocrx_word' id='word_1_59' title='bbox 864 628 982 676; x_wconf 91' lang='lat' dir='ltr'><strong>bene,</strong></span> <span class='ocrx_word' id='word_1_60' title='bbox 1013 627 1196 676; x_wconf 80' lang='lat' dir='ltr'><strong>exstitit3</strong></span> <span class='ocrx_word' id='word_1_61' title='bbox 1241 641 1291 668; x_wconf 83' lang='lat' dir='ltr'><strong>ex</strong></span> <span class='ocrx_word' id='word_1_62' title='bbox 1323 632 1474 668; x_wconf 88' lang='lat' dir='ltr'><strong>onente</strong></span> <span class='ocrx_word' id='word_1_63' title='bbox 1510 632 1648 668; x_wconf 84' lang='lat' dir='ltr'><strong>tamen</strong></span> 
     </span>
     <span class='ocr_line' id='line_1_8' title="bbox 246 683 1647 741; baseline -0.002 -14"><span class='ocrx_word' id='word_1_64' title='bbox 246 685 431 727; x_wconf 84' lang='lat' dir='ltr'><strong>Semlero</strong></span> <span class='ocrx_word' id='word_1_65' title='bbox 454 690 479 709; x_wconf 92' lang='lat'><strong>“</strong></span> <span class='ocrx_word' id='word_1_66' title='bbox 495 686 590 735; x_wconf 80' lang='lat' dir='ltr'><strong>erit,</strong></span> <span class='ocrx_word' id='word_1_67' title='bbox 609 684 775 734; x_wconf 87' lang='lat' dir='ltr'><strong>scilicet,</strong></span> <span class='ocrx_word' id='word_1_68' title='bbox 790 685 893 727; x_wconf 89' lang='lat' dir='ltr'><strong>illud</strong></span> <span class='ocrx_word' id='word_1_69' title='bbox 908 684 1018 741; x_wconf 90' lang='lat' dir='ltr'><strong>quod</strong></span> <span class='ocrx_word' id='word_1_70' title='bbox 1038 686 1231 741; x_wconf 87' lang='lat' dir='ltr'><strong>quaero.&#39;’</strong></span> <span class='ocrx_word' id='word_1_71' title='bbox 1334 683 1487 726; x_wconf 87' lang='lat' dir='ltr'><strong>ebitum</strong></span> <span class='ocrx_word' id='word_1_72' title='bbox 1509 689 1647 726; x_wconf 84' lang='lat' dir='ltr'><strong>autem</strong></span> 
     </span>
     <span class='ocr_line' id='line_1_9' title="bbox 244 741 1647 799; baseline -0.001 -15"><span class='ocrx_word' id='word_1_73' title='bbox 244 756 333 785; x_wconf 88' lang='lat' dir='ltr'><strong>esse</strong></span> <span class='ocrx_word' id='word_1_74' title='bbox 367 757 475 784; x_wconf 91' lang='lat' dir='ltr'><strong>nunc</strong></span> <span class='ocrx_word' id='word_1_75' title='bbox 510 742 629 784; x_wconf 89' lang='lat' dir='ltr'><strong>video</strong></span> <span class='ocrx_word' id='word_1_76' title='bbox 664 742 833 785; x_wconf 88' lang='lat' dir='ltr'><strong>editioni</strong></span> <span class='ocrx_word' id='word_1_77' title='bbox 869 743 998 785; x_wconf 90' lang='lat' dir='ltr'><strong>Paris.</strong></span> <span class='ocrx_word' id='word_1_78' title='bbox 1032 741 1161 799; x_wconf 80' lang='lat' dir='ltr'><strong>priori</strong></span> <span class='ocrx_word' id='word_1_79' title='bbox 1196 741 1321 793; x_wconf 88' lang='lat' dir='ltr'><strong>istud,</strong></span> <span class='ocrx_word' id='word_1_80' title='bbox 1358 742 1451 783; x_wconf 84' lang='lat' dir='ltr'><strong>Ero</strong></span> <span class='ocrx_word' id='word_1_81' title='bbox 1485 742 1647 797; x_wconf 78' lang='lat' dir='ltr'><strong>itaque,</strong></span> 
     </span>
     <span class='ocr_line' id='line_1_10' title="bbox 244 798 1647 856; baseline -0.002 -14"><span class='ocrx_word' id='word_1_82' title='bbox 244 799 368 856; x_wconf 87' lang='lat' dir='ltr'><strong>idque</strong></span> <span class='ocrx_word' id='word_1_83' title='bbox 388 799 532 842; x_wconf 90' lang='lat' dir='ltr'><strong>melius</strong></span> <span class='ocrx_word' id='word_1_84' title='bbox 552 800 728 842; x_wconf 90' lang='lat' dir='ltr'><strong>videtur.</strong></span> <span class='ocrx_word' id='word_1_85' title='bbox 771 800 867 849; x_wconf 91' lang='lat' dir='ltr'><strong>Sed,</strong></span> <span class='ocrx_word' id='word_1_86' title='bbox 884 806 932 842; x_wconf 86' lang='lat' dir='ltr'><strong>ut</strong></span> <span class='ocrx_word' id='word_1_87' title='bbox 951 805 1154 848; x_wconf 86' lang='lat' dir='ltr'><strong>revertar,</strong></span> <span class='ocrx_word' id='word_1_88' title='bbox 1172 799 1299 842; x_wconf 88' lang='lat' dir='ltr'><strong>habet</strong></span> <span class='ocrx_word' id='word_1_89' title='bbox 1318 798 1445 841; x_wconf 87' lang='lat' dir='ltr'><strong>editio</strong></span> <span class='ocrx_word' id='word_1_90' title='bbox 1467 798 1647 840; x_wconf 84' lang='lat' dir='ltr'><strong>Franek.</strong></span> 
     </span>
     <span class='ocr_line' id='line_1_11' title="bbox 183 856 1646 914; baseline 0 -17"><span class='ocrx_word' id='word_1_91' title='bbox 183 871 232 897; x_wconf 88' lang='lat'><strong>10</strong></span> <span class='ocrx_word' id='word_1_92' title='bbox 244 863 338 914; x_wconf 89' lang='lat' dir='ltr'><strong>post</strong></span> <span class='ocrx_word' id='word_1_93' title='bbox 368 857 608 907; x_wconf 86' lang='lat' dir='ltr'><strong>Pamelium,</strong></span> <span class='ocrx_word' id='word_1_94' title='bbox 629 858 690 900; x_wconf 76' lang='lat' dir='ltr'><strong>Et</strong></span> <span class='ocrx_word' id='word_1_95' title='bbox 719 859 850 900; x_wconf 78' lang='lat' dir='ltr'><strong>velint</strong></span> <span class='ocrx_word' id='word_1_96' title='bbox 880 873 944 900; x_wconf 82' lang='lat' dir='ltr'><strong>me</strong></span> <span class='ocrx_word' id='word_1_97' title='bbox 973 859 1036 900; x_wconf 73' lang='lat' dir='ltr'><strong>sic</strong></span> <span class='ocrx_word' id='word_1_98' title='bbox 1065 871 1151 900; x_wconf 68' lang='lat' dir='ltr'><strong>esee</strong></span> <span class='ocrx_word' id='word_1_99' title='bbox 1177 871 1401 912; x_wconf 63' lang='lat' dir='ltr'><strong>nusquam,</strong></span> <span class='ocrx_word' id='word_1_100' title='bbox 1423 858 1552 912; x_wconf 69' lang='lat' dir='ltr'><strong>quasi</strong></span> <span class='ocrx_word' id='word_1_101' title='bbox 1572 856 1646 898; x_wconf 70' lang='grc' dir='ltr'><strong>διο.</strong></span> 
     </span>
     <span class='ocr_line' id='line_1_12' title="bbox 247 913 1646 972; baseline -0.001 -16"><span class='ocrx_word' id='word_1_102' title='bbox 247 914 389 958; x_wconf 84' lang='lat' dir='ltr'><strong>Posuit</strong></span> <span class='ocrx_word' id='word_1_103' title='bbox 428 915 605 971; x_wconf 88' lang='lat' dir='ltr'><strong>denique</strong></span> <span class='ocrx_word' id='word_1_104' title='bbox 646 915 864 972; x_wconf 83' lang='lat' dir='ltr'><strong>Rigaltius,</strong></span> <span class='ocrx_word' id='word_1_105' title='bbox 901 921 1128 972; x_wconf 89' lang='lat' dir='ltr'><strong>praeeunte</strong></span> <span class='ocrx_word' id='word_1_106' title='bbox 1166 913 1420 962; x_wconf 86' lang='lat' dir='ltr'><strong>Wouwerio,</strong></span> <span class='ocrx_word' id='word_1_107' title='bbox 1459 914 1529 970; x_wconf 90' lang='lat' dir='ltr'><strong>qui</strong></span> <span class='ocrx_word' id='word_1_108' title='bbox 1565 921 1646 956; x_wconf 89' lang='lat' dir='ltr'><strong>vet.</strong></span> 
     </span>
     <span class='ocr_line' id='line_1_13' title="bbox 246 971 1648 1028; baseline -0.002 -13"><span class='ocrx_word' id='word_1_109' title='bbox 246 972 438 1015; x_wconf 90' lang='lat' dir='ltr'><strong>Codicem</strong></span> <span class='ocrx_word' id='word_1_110' title='bbox 453 978 602 1015; x_wconf 86' lang='lat' dir='ltr'><strong>testem</strong></span> <span class='ocrx_word' id='word_1_111' title='bbox 623 972 737 1020; x_wconf 85' lang='lat' dir='ltr'><strong>citat,</strong></span> <span class='ocrx_word' id='word_1_112' title='bbox 756 978 767 997; x_wconf 89' lang='lat'>‘</span> <span class='ocrx_word' id='word_1_113' title='bbox 782 979 825 1016; x_wconf 90' lang='lat' dir='ltr'><strong>et</strong></span> <span class='ocrx_word' id='word_1_114' title='bbox 839 974 952 1015; x_wconf 79' lang='lat' dir='ltr'><strong>velut</strong></span> <span class='ocrx_word' id='word_1_115' title='bbox 971 972 1005 1014; x_wconf 86' lang='lat' dir='ltr'><strong>si</strong></span> <span class='ocrx_word' id='word_1_116' title='bbox 1026 986 1241 1028; x_wconf 80' lang='lat' dir='ltr'><strong>nusquam,</strong></span> <span class='ocrx_word' id='word_1_117' title='bbox 1259 979 1302 1014; x_wconf 87' lang='lat' dir='ltr'><strong>et</strong></span> <span class='ocrx_word' id='word_1_118' title='bbox 1321 971 1438 1028; x_wconf 87' lang='lat' dir='ltr'><strong>quasi</strong></span> <span class='ocrx_word' id='word_1_119' title='bbox 1458 971 1528 1027; x_wconf 93' lang='lat' dir='ltr'><strong>qui</strong></span> <span class='ocrx_word' id='word_1_120' title='bbox 1545 986 1648 1013; x_wconf 91' lang='lat' dir='ltr'><strong>nun-</strong></span> 
     </span>
     <span class='ocr_line' id='line_1_14' title="bbox 246 1029 1643 1087; baseline -0.001 -15"><span class='ocrx_word' id='word_1_121' title='bbox 246 1037 256 1051; x_wconf 83' lang='lat'><strong><em>¹</em></strong></span> <span class='ocrx_word' id='word_1_122' title='bbox 278 1044 403 1086; x_wconf 90' lang='lat' dir='ltr'><strong>quam</strong></span> <span class='ocrx_word' id='word_1_123' title='bbox 423 1030 796 1087; x_wconf 86' lang='lat' dir='ltr'><strong>apprehenderim.&#39;</strong></span> <span class='ocrx_word' id='word_1_124' title='bbox 855 1031 897 1072; x_wconf 93' lang='lat' dir='ltr'>N</span> <span class='ocrx_word' id='word_1_125' title='bbox 898 1045 977 1072; x_wconf 89' lang='lat' dir='ltr'><strong>unc</strong></span> <span class='ocrx_word' id='word_1_126' title='bbox 998 1030 1136 1072; x_wconf 89' lang='lat' dir='ltr'><strong>malim</strong></span> <span class='ocrx_word' id='word_1_127' title='bbox 1164 1044 1243 1086; x_wconf 88' lang='lat' dir='ltr'><strong>ego</strong></span> <span class='ocrx_word' id='word_1_128' title='bbox 1270 1029 1541 1086; x_wconf 83' lang='lat' dir='ltr'><strong>posteriorem</strong></span> <span class='ocrx_word' id='word_1_129' title='bbox 1562 1029 1643 1071; x_wconf 87' lang='lat' dir='ltr'><strong>edi-</strong></span> 
     </span>
     <span class='ocr_line' id='line_1_15' title="bbox 243 1086 1648 1143; baseline -0.001 -14"><span class='ocrx_word' id='word_1_130' title='bbox 243 1087 395 1130; x_wconf 87' lang='lat' dir='ltr'><strong>tionem</strong></span> <span class='ocrx_word' id='word_1_131' title='bbox 414 1087 655 1136; x_wconf 86' lang='lat' dir='ltr'><strong>Parisinam,</strong></span> <span class='ocrx_word' id='word_1_132' title='bbox 672 1093 833 1130; x_wconf 86' lang='lat' dir='ltr'><strong>textum</strong></span> <span class='ocrx_word' id='word_1_133' title='bbox 850 1087 1011 1130; x_wconf 89' lang='lat' dir='ltr'><strong>Gelenii</strong></span> <span class='ocrx_word' id='word_1_134' title='bbox 1026 1088 1288 1137; x_wconf 83' lang='lat' dir='ltr'><strong>referentem,</strong></span> <span class='ocrx_word' id='word_1_135' title='bbox 1306 1086 1435 1143; x_wconf 89' lang='lat' dir='ltr'><strong>sequi,</strong></span> <span class='ocrx_word' id='word_1_136' title='bbox 1452 1086 1648 1129; x_wconf 87' lang='lat' dir='ltr'><strong>subintel-</strong></span> 
     </span>
     <span class='ocr_line' id='line_1_16' title="bbox 182 1144 1274 1202; baseline -0.001 -15"><span class='ocrx_word' id='word_1_137' title='bbox 182 1154 230 1193; x_wconf 89' lang='lat'><strong>15</strong></span> <span class='ocrx_word' id='word_1_138' title='bbox 245 1145 350 1188; x_wconf 89' lang='lat' dir='ltr'><strong>lecto</strong></span> <span class='ocrx_word' id='word_1_139' title='bbox 370 1151 464 1202; x_wconf 89' lang='lat' dir='ltr'><strong>post</strong></span> <span class='ocrx_word' id='word_1_140' title='bbox 484 1146 655 1187; x_wconf 90' lang='lat' dir='ltr'><strong>verbum</strong></span> <span class='ocrx_word' id='word_1_141' title='bbox 676 1146 802 1188; x_wconf 81' lang='lat' dir='ltr'><strong>velim</strong></span> <span class='ocrx_word' id='word_1_142' title='bbox 822 1144 971 1192; x_wconf 87' lang='lat' dir='ltr'><strong>dicere,</strong></span> <span class='ocrx_word' id='word_1_143' title='bbox 993 1145 1058 1187; x_wconf 89' lang='lat' dir='ltr'><strong>vel</strong></span> <span class='ocrx_word' id='word_1_144' title='bbox 1078 1151 1274 1187; x_wconf 85' lang='lat' dir='ltr'><strong>statuere.</strong></span> 
     </span>
    </p>

    <p class='ocr_par' dir='ltr' id='par_1_3' title="bbox 243 1202 1647 1374">
     <span class='ocr_line' id='line_1_17' title="bbox 302 1202 1647 1259; baseline -0.001 -15"><span class='ocrx_word' id='word_1_145' title='bbox 302 1203 348 1245; x_wconf 90' lang='lat' dir='ltr'><strong>P.</strong></span> <span class='ocrx_word' id='word_1_146' title='bbox 379 1215 469 1258; x_wconf 81' lang='lat'><strong>¹32.</strong></span> <span class='ocrx_word' id='word_1_147' title='bbox 502 1202 528 1244; x_wconf 93' lang='lat' dir='ltr'><strong>l.</strong></span> <span class='ocrx_word' id='word_1_148' title='bbox 564 1217 606 1255; x_wconf 89' lang='lat'><strong>4.</strong></span> <span class='ocrx_word' id='word_1_149' title='bbox 638 1203 735 1259; x_wconf 89' lang='lat' dir='ltr'><strong>quia</strong></span> <span class='ocrx_word' id='word_1_150' title='bbox 764 1217 846 1244; x_wconf 92' lang='lat' dir='ltr'><strong>non</strong></span> <span class='ocrx_word' id='word_1_151' title='bbox 876 1202 1050 1258; x_wconf 86' lang='lat' dir='ltr'><strong>invenit]</strong></span> <span class='ocrx_word' id='word_1_152' title='bbox 1089 1202 1317 1259; x_wconf 80' lang='lat' dir='ltr'><strong>Rescripsit</strong></span> <span class='ocrx_word' id='word_1_153' title='bbox 1352 1202 1474 1244; x_wconf 88' lang='lat' dir='ltr'><strong>docta</strong></span> <span class='ocrx_word' id='word_1_154' title='bbox 1503 1216 1647 1244; x_wconf 82' lang='lat' dir='ltr'><strong>manus</strong></span> 
     </span>
     <span class='ocr_line' id='line_1_18' title="bbox 243 1259 1646 1317; baseline -0.001 -15"><span class='ocrx_word' id='word_1_155' title='bbox 243 1261 428 1303; x_wconf 76' lang='lat' dir='ltr'><strong>inveniet</strong></span> <span class='ocrx_word' id='word_1_156' title='bbox 463 1260 518 1303; x_wconf 86' lang='lat' dir='ltr'><strong>ad</strong></span> <span class='ocrx_word' id='word_1_157' title='bbox 553 1275 668 1302; x_wconf 89' lang='lat' dir='ltr'><strong>oram</strong></span> <span class='ocrx_word' id='word_1_158' title='bbox 705 1260 802 1302; x_wconf 91' lang='lat' dir='ltr'><strong>edit.</strong></span> <span class='ocrx_word' id='word_1_159' title='bbox 834 1260 1029 1317; x_wconf 87' lang='lat' dir='ltr'><strong>principis</strong></span> <span class='ocrx_word' id='word_1_160' title='bbox 1062 1275 1189 1317; x_wconf 90' lang='lat' dir='ltr'><strong>penes</strong></span> <span class='ocrx_word' id='word_1_161' title='bbox 1219 1260 1382 1302; x_wconf 90' lang='lat' dir='ltr'><strong>Novum</strong></span> <span class='ocrx_word' id='word_1_162' title='bbox 1417 1259 1646 1316; x_wconf 87' lang='lat' dir='ltr'><strong>Collegium</strong></span> 
     </span>
     <span class='ocr_line' id='line_1_19' title="bbox 243 1317 1411 1374; baseline -0.001 -15"><span class='ocrx_word' id='word_1_163' title='bbox 243 1317 355 1374; x_wconf 89' lang='lat' dir='ltr'><strong>apud</strong></span> <span class='ocrx_word' id='word_1_164' title='bbox 377 1317 596 1363; x_wconf 78' lang='lat' dir='ltr'><strong>Oxonium,</strong></span> <span class='ocrx_word' id='word_1_165' title='bbox 618 1318 729 1374; x_wconf 90' lang='lat' dir='ltr'><strong>quod</strong></span> <span class='ocrx_word' id='word_1_166' title='bbox 750 1324 921 1374; x_wconf 89' lang='lat' dir='ltr'><strong>propter</strong></span> <span class='ocrx_word' id='word_1_167' title='bbox 941 1317 1156 1374; x_wconf 88' lang='lat' dir='ltr'><strong>sequentia</strong></span> <span class='ocrx_word' id='word_1_168' title='bbox 1177 1317 1243 1359; x_wconf 80' lang='lat' dir='ltr'><strong>hic</strong></span> <span class='ocrx_word' id='word_1_169' title='bbox 1263 1317 1411 1374; x_wconf 87' lang='lat' dir='ltr'><strong>placet.</strong></span> 
     </span>
    </p>

    <p class='ocr_par' dir='ltr' id='par_1_4' title="bbox 303 1372 1645 1440">
     <span class='ocr_line' id='line_1_20' title="bbox 303 1372 1645 1440; baseline 0 -24"><span class='ocrx_word' id='word_1_170' title='bbox 303 1374 407 1418; x_wconf 90' lang='lat' dir='ltr'><strong>Ibid.</strong></span> <span class='ocrx_word' id='word_1_171' title='bbox 431 1375 457 1418; x_wconf 89' lang='lat' dir='ltr'><strong>l.</strong></span> <span class='ocrx_word' id='word_1_172' title='bbox 482 1387 549 1416; x_wconf 91' lang='lat'><strong>20.</strong></span> <span class='ocrx_word' id='word_1_173' title='bbox 578 1375 712 1417; x_wconf 89' lang='lat' dir='ltr'><strong>Nemo</strong></span> <span class='ocrx_word' id='word_1_174' title='bbox 739 1375 836 1417; x_wconf 88' lang='lat' dir='ltr'><strong>inde</strong></span> <span class='ocrx_word' id='word_1_175' title='bbox 865 1375 970 1417; x_wconf 88' lang='lat' dir='ltr'><strong>strui</strong></span> <span class='ocrx_word' id='word_1_176' title='bbox 993 1381 1134 1440; x_wconf 85' lang='lat' dir='ltr'><strong>potest</strong></span> <span class='ocrx_word' id='word_1_177' title='bbox 1161 1375 1271 1417; x_wconf 91' lang='lat' dir='ltr'><strong>unde</strong></span> <span class='ocrx_word' id='word_1_178' title='bbox 1299 1372 1550 1428; x_wconf 84' lang='lat' dir='ltr'><strong>destruitur]</strong></span> <span class='ocrx_word' id='word_1_179' title='bbox 1572 1375 1645 1416; x_wconf 79' lang='lat' dir='ltr'><strong>In-</strong></span> 
     </span>
    </p>

    <p class='ocr_par' dir='ltr' id='par_1_5' title="bbox 181 1431 1646 1720">
     <span class='ocr_line' id='line_1_21' title="bbox 181 1431 1645 1489; baseline 0.001 -17"><span class='ocrx_word' id='word_1_180' title='bbox 181 1446 230 1471; x_wconf 90' lang='lat'><strong>20</strong></span> <span class='ocrx_word' id='word_1_181' title='bbox 243 1434 356 1475; x_wconf 77' lang='lat' dir='ltr'><strong>strui</strong></span> <span class='ocrx_word' id='word_1_182' title='bbox 385 1432 520 1489; x_wconf 86' lang='lat' dir='ltr'><strong>posuit</strong></span> <span class='ocrx_word' id='word_1_183' title='bbox 549 1432 768 1489; x_wconf 68' lang='lat' dir='ltr'><strong>Rigalffius,</strong></span> <span class='ocrx_word' id='word_1_184' title='bbox 797 1432 908 1488; x_wconf 92' lang='lat' dir='ltr'><strong>quod</strong></span> <span class='ocrx_word' id='word_1_185' title='bbox 935 1433 1100 1488; x_wconf 80' lang='lat' dir='ltr'><strong>quidem</strong></span> <span class='ocrx_word' id='word_1_186' title='bbox 1128 1432 1369 1488; x_wconf 85' lang='lat' dir='ltr'><strong>praestabat</strong></span> <span class='ocrx_word' id='word_1_187' title='bbox 1393 1431 1491 1474; x_wconf 85' lang='lat' dir='ltr'><strong>edit.</strong></span> <span class='ocrx_word' id='word_1_188' title='bbox 1515 1432 1645 1474; x_wconf 86' lang='lat' dir='ltr'><strong>Paris.</strong></span> 
     </span>
     <span class='ocr_line' id='line_1_22' title="bbox 245 1489 1646 1547; baseline -0.001 -15"><span class='ocrx_word' id='word_1_189' title='bbox 245 1489 367 1542; x_wconf 86' lang='lat' dir='ltr'><strong>2nda‚</strong></span> <span class='ocrx_word' id='word_1_190' title='bbox 389 1495 445 1539; x_wconf 90' lang='lat' dir='ltr'><strong>et,</strong></span> <span class='ocrx_word' id='word_1_191' title='bbox 466 1490 675 1532; x_wconf 87' lang='lat' dir='ltr'><strong>referente</strong></span> <span class='ocrx_word' id='word_1_192' title='bbox 696 1490 891 1538; x_wconf 79' lang='lat' dir='ltr'><strong>Pamelio,</strong></span> <span class='ocrx_word' id='word_1_193' title='bbox 913 1490 1006 1532; x_wconf 89' lang='lat' dir='ltr'><strong>MS.</strong></span> <span class='ocrx_word' id='word_1_194' title='bbox 1025 1490 1126 1532; x_wconf 86' lang='lat' dir='ltr'><strong>Cod.</strong></span> <span class='ocrx_word' id='word_1_195' title='bbox 1146 1489 1422 1547; x_wconf 87' lang='lat' dir='ltr'><strong>Anglicanus;</strong></span> <span class='ocrx_word' id='word_1_196' title='bbox 1454 1489 1527 1531; x_wconf 87' lang='lat' dir='ltr'><strong>sed</strong></span> <span class='ocrx_word' id='word_1_197' title='bbox 1548 1504 1646 1531; x_wconf 88' lang='lat' dir='ltr'><strong>vere</strong></span> 
     </span>
     <span class='ocr_line' id='line_1_23' title="bbox 243 1547 1644 1604; baseline 0.001 -16"><span class='ocrx_word' id='word_1_198' title='bbox 243 1547 583 1597; x_wconf 88' lang='lat' dir='ltr'><strong>Tertullianeum‚</strong></span> <span class='ocrx_word' id='word_1_199' title='bbox 604 1547 663 1590; x_wconf 90' lang='lat' dir='ltr'><strong>ait</strong></span> <span class='ocrx_word' id='word_1_200' title='bbox 687 1547 768 1599; x_wconf 90' lang='lat' dir='ltr'><strong>ille,</strong></span> <span class='ocrx_word' id='word_1_201' title='bbox 789 1554 852 1590; x_wconf 89' lang='lat' dir='ltr'><strong>est</strong></span> <span class='ocrx_word' id='word_1_202' title='bbox 871 1549 997 1590; x_wconf 77' lang='lat' dir='ltr'><strong>strui.</strong></span> <span class='ocrx_word' id='word_1_203' title='bbox 1020 1547 1088 1590; x_wconf 89' lang='lat' dir='ltr'><strong>Sic</strong></span> <span class='ocrx_word' id='word_1_204' title='bbox 1109 1548 1151 1589; x_wconf 91' lang='lat' dir='ltr'><strong>in</strong></span> <span class='ocrx_word' id='word_1_205' title='bbox 1172 1562 1262 1604; x_wconf 84' lang='lat' dir='ltr'><strong>cap.</strong></span> <span class='ocrx_word' id='word_1_206' title='bbox 1284 1561 1295 1588; x_wconf 82' lang='grc' dir='ltr'>ι</span> <span class='ocrx_word' id='word_1_207' title='bbox 1305 1561 1344 1603; x_wconf 84' lang='lat'><strong>3.</strong></span> <span class='ocrx_word' id='word_1_208' title='bbox 1409 1547 1500 1589; x_wconf 88' lang='lat' dir='ltr'><strong>Hoc</strong></span> <span class='ocrx_word' id='word_1_209' title='bbox 1521 1547 1644 1589; x_wconf 85' lang='lat' dir='ltr'><strong>etiam</strong></span> 
     </span>
     <span class='ocr_line' id='line_1_24' title="bbox 242 1604 1645 1662; baseline 0.001 -16"><span class='ocrx_word' id='word_1_210' title='bbox 242 1604 398 1647; x_wconf 88' lang='lat' dir='ltr'><strong>invenit</strong></span> <span class='ocrx_word' id='word_1_211' title='bbox 417 1604 460 1647; x_wconf 92' lang='lat' dir='ltr'><strong>in</strong></span> <span class='ocrx_word' id='word_1_212' title='bbox 482 1605 572 1647; x_wconf 87' lang='lat' dir='ltr'><strong>MS.</strong></span> <span class='ocrx_word' id='word_1_213' title='bbox 594 1619 668 1647; x_wconf 90' lang='lat' dir='ltr'><strong>suo</strong></span> <span class='ocrx_word' id='word_1_214' title='bbox 690 1605 958 1654; x_wconf 87' lang='lat' dir='ltr'><strong>Wouwerius,</strong></span> <span class='ocrx_word' id='word_1_215' title='bbox 979 1606 1211 1662; x_wconf 84' lang='lat' dir='ltr'><strong>probatque</strong></span> <span class='ocrx_word' id='word_1_216' title='bbox 1231 1605 1332 1662; x_wconf 87' lang='lat' dir='ltr'><strong>ipse,</strong></span> <span class='ocrx_word' id='word_1_217' title='bbox 1353 1610 1498 1647; x_wconf 85' lang='lat' dir='ltr'><strong>contra</strong></span> <span class='ocrx_word' id='word_1_218' title='bbox 1521 1619 1645 1661; x_wconf 86' lang='lat' dir='ltr'><strong>quam</strong></span> 
     </span>
     <span class='ocr_line' id='line_1_25' title="bbox 242 1662 1644 1720; baseline -0.001 -15"><span class='ocrx_word' id='word_1_219' title='bbox 242 1662 485 1706; x_wconf 86' lang='lat' dir='ltr'><strong>adnotatum</strong></span> <span class='ocrx_word' id='word_1_220' title='bbox 521 1669 585 1705; x_wconf 88' lang='lat' dir='ltr'><strong>est</strong></span> <span class='ocrx_word' id='word_1_221' title='bbox 623 1662 666 1704; x_wconf 91' lang='lat' dir='ltr'><strong>in</strong></span> <span class='ocrx_word' id='word_1_222' title='bbox 700 1662 798 1705; x_wconf 91' lang='lat' dir='ltr'><strong>edit.</strong></span> <span class='ocrx_word' id='word_1_223' title='bbox 836 1663 1022 1705; x_wconf 88' lang='lat' dir='ltr'><strong>Halensi.</strong></span> <span class='ocrx_word' id='word_1_224' title='bbox 1097 1664 1237 1720; x_wconf 85' lang='lat' dir='ltr'><strong>Atque</strong></span> <span class='ocrx_word' id='word_1_225' title='bbox 1278 1663 1379 1704; x_wconf 87' lang='lat' dir='ltr'><strong>haec</strong></span> <span class='ocrx_word' id='word_1_226' title='bbox 1420 1662 1644 1704; x_wconf 89' lang='lat' dir='ltr'><strong>editionum</strong></span> 
     </span>
    </p>

    <p class='ocr_par' dir='ltr' id='par_1_6' title="bbox 180 1719 1538 1777">
     <span class='ocr_line' id='line_1_26' title="bbox 180 1719 1538 1777; baseline -0.001 -14"><span class='ocrx_word' id='word_1_227' title='bbox 180 1726 229 1765; x_wconf 83' lang='lat'><strong>25</strong></span> <span class='ocrx_word' id='word_1_228' title='bbox 245 1719 436 1763; x_wconf 81' lang='lat' dir='ltr'><strong>Rhenani</strong></span> <span class='ocrx_word' id='word_1_229' title='bbox 456 1726 500 1762; x_wconf 90' lang='lat' dir='ltr'><strong>et</strong></span> <span class='ocrx_word' id='word_1_230' title='bbox 520 1720 650 1762; x_wconf 88' lang='lat' dir='ltr'><strong>Paris.</strong></span> <span class='ocrx_word' id='word_1_231' title='bbox 673 1720 830 1777; x_wconf 87' lang='lat' dir='ltr'><strong>primae</strong></span> <span class='ocrx_word' id='word_1_232' title='bbox 850 1720 971 1762; x_wconf 90' lang='lat' dir='ltr'><strong>lectio</strong></span> <span class='ocrx_word' id='word_1_233' title='bbox 990 1735 1016 1763; x_wconf 88' lang='lat' dir='ltr'><strong>a</strong></span> <span class='ocrx_word' id='word_1_234' title='bbox 1035 1735 1101 1763; x_wconf 90' lang='lat' dir='ltr'><strong>me</strong></span> <span class='ocrx_word' id='word_1_235' title='bbox 1122 1735 1230 1763; x_wconf 91' lang='lat' dir='ltr'><strong>nunc</strong></span> <span class='ocrx_word' id='word_1_236' title='bbox 1250 1726 1444 1763; x_wconf 83' lang='lat' dir='ltr'><strong>revocata</strong></span> <span class='ocrx_word' id='word_1_237' title='bbox 1463 1726 1538 1762; x_wconf 88' lang='lat' dir='ltr'><strong>est.</strong></span> 
     </span>
    </p>

    <p class='ocr_par' dir='ltr' id='par_1_7' title="bbox 241 1777 1646 2007">
     <span class='ocr_line' id='line_1_27' title="bbox 303 1777 1646 1834; baseline 0 -14"><span class='ocrx_word' id='word_1_238' title='bbox 303 1777 409 1820; x_wconf 90' lang='lat' dir='ltr'><strong>Ibid.</strong></span> <span class='ocrx_word' id='word_1_239' title='bbox 431 1778 458 1820; x_wconf 92' lang='lat' dir='ltr'><strong>l.</strong></span> <span class='ocrx_word' id='word_1_240' title='bbox 479 1791 548 1833; x_wconf 84' lang='lat'><strong>30.</strong></span> <span class='ocrx_word' id='word_1_241' title='bbox 578 1778 789 1832; x_wconf 89' lang='lat' dir='ltr'><strong>emissum]</strong></span> <span class='ocrx_word' id='word_1_242' title='bbox 823 1778 890 1820; x_wconf 87' lang='lat' dir='ltr'><strong>Sic</strong></span> <span class='ocrx_word' id='word_1_243' title='bbox 920 1778 1015 1820; x_wconf 91' lang='lat' dir='ltr'><strong>libri</strong></span> <span class='ocrx_word' id='word_1_244' title='bbox 1045 1778 1145 1820; x_wconf 89' lang='lat' dir='ltr'><strong>editi</strong></span> <span class='ocrx_word' id='word_1_245' title='bbox 1175 1785 1273 1820; x_wconf 87' lang='lat' dir='ltr'><strong>ante</strong></span> <span class='ocrx_word' id='word_1_246' title='bbox 1304 1778 1547 1834; x_wconf 87' lang='lat' dir='ltr'><strong>Rigaltium,</strong></span> <span class='ocrx_word' id='word_1_247' title='bbox 1576 1778 1646 1834; x_wconf 89' lang='lat' dir='ltr'><strong>qui</strong></span> 
     </span>
     <span class='ocr_line' id='line_1_28' title="bbox 242 1834 1646 1892; baseline 0.001 -16"><span class='ocrx_word' id='word_1_248' title='bbox 242 1834 285 1876; x_wconf 89' lang='lat' dir='ltr'><strong>in</strong></span> <span class='ocrx_word' id='word_1_249' title='bbox 318 1834 452 1878; x_wconf 87' lang='lat' dir='ltr'><strong>altera</strong></span> <span class='ocrx_word' id='word_1_250' title='bbox 486 1850 560 1877; x_wconf 87' lang='lat' dir='ltr'><strong>sua</strong></span> <span class='ocrx_word' id='word_1_251' title='bbox 599 1835 779 1878; x_wconf 88' lang='lat' dir='ltr'><strong>editione</strong></span> <span class='ocrx_word' id='word_1_252' title='bbox 818 1837 1048 1878; x_wconf 71' lang='lat' dir='ltr'><strong>dmnismm</strong></span> <span class='ocrx_word' id='word_1_253' title='bbox 1086 1836 1235 1892; x_wconf 86' lang='lat' dir='ltr'><strong>posuit.</strong></span> <span class='ocrx_word' id='word_1_254' title='bbox 1308 1836 1440 1877; x_wconf 83' lang='lat' dir='ltr'><strong>Recte</strong></span> <span class='ocrx_word' id='word_1_255' title='bbox 1481 1850 1646 1877; x_wconf 86' lang='lat' dir='ltr'><strong>revoca-</strong></span> 
     </span>
     <span class='ocr_line' id='line_1_29' title="bbox 243 1892 1643 1949; baseline 0.001 -15"><span class='ocrx_word' id='word_1_256' title='bbox 243 1898 393 1935; x_wconf 90' lang='lat' dir='ltr'><strong>verunt</strong></span> <span class='ocrx_word' id='word_1_257' title='bbox 421 1892 639 1949; x_wconf 87' lang='lat' dir='ltr'><strong>pristinam</strong></span> <span class='ocrx_word' id='word_1_258' title='bbox 668 1892 884 1935; x_wconf 88' lang='lat' dir='ltr'><strong>lectionem</strong></span> <span class='ocrx_word' id='word_1_259' title='bbox 915 1893 977 1934; x_wconf 90' lang='lat' dir='ltr'><strong>Lu</strong></span> <span class='ocrx_word' id='word_1_260' title='bbox 1008 1908 1058 1935; x_wconf 90' lang='lat' dir='ltr'><strong>us</strong></span> <span class='ocrx_word' id='word_1_261' title='bbox 1088 1899 1131 1936; x_wconf 91' lang='lat' dir='ltr'><strong>et</strong></span> <span class='ocrx_word' id='word_1_262' title='bbox 1161 1893 1418 1942; x_wconf 85' lang='lat' dir='ltr'><strong>Thomasius,</strong></span> <span class='ocrx_word' id='word_1_263' title='bbox 1451 1907 1554 1948; x_wconf 89' lang='lat' dir='ltr'><strong>quos</strong></span> <span class='ocrx_word' id='word_1_264' title='bbox 1583 1908 1643 1935; x_wconf 87' lang='lat' dir='ltr'><strong>se-</strong></span> 
     </span>
     <span class='ocr_line' id='line_1_30' title="bbox 241 1949 1644 2007; baseline -0.001 -15"><span class='ocrx_word' id='word_1_265' title='bbox 241 1955 359 1992; x_wconf 89' lang='lat' dir='ltr'><strong>cutus</strong></span> <span class='ocrx_word' id='word_1_266' title='bbox 379 1964 481 1992; x_wconf 89' lang='lat' dir='ltr'><strong>sum.</strong></span> <span class='ocrx_word' id='word_1_267' title='bbox 543 1953 736 1993; x_wconf 77' lang='lat' dir='ltr'><strong>Ceterum</strong></span> <span class='ocrx_word' id='word_1_268' title='bbox 759 1956 896 1998; x_wconf 83' lang='lat' dir='ltr'><strong>exstat</strong></span> <span class='ocrx_word' id='word_1_269' title='bbox 914 1950 957 1992; x_wconf 91' lang='lat' dir='ltr'><strong>in</strong></span> <span class='ocrx_word' id='word_1_270' title='bbox 992 1950 1047 1992; x_wconf 95' lang='lat' dir='ltr'><strong>ib.</strong></span> <span class='ocrx_word' id='word_1_271' title='bbox 1066 1951 1118 1992; x_wconf 92' lang='lat' dir='ltr'><strong>de</strong></span> <span class='ocrx_word' id='word_1_272' title='bbox 1135 1950 1254 2007; x_wconf 88' lang='lat' dir='ltr'><strong>Virg.</strong></span> <span class='ocrx_word' id='word_1_273' title='bbox 1272 1949 1484 2002; x_wconf 83' lang='lat' dir='ltr'><strong>Velandis,</strong></span> <span class='ocrx_word' id='word_1_274' title='bbox 1500 1965 1588 2007; x_wconf 88' lang='lat' dir='ltr'><strong>cap.</strong></span> <span class='ocrx_word' id='word_1_275' title='bbox 1608 1964 1623 1991; x_wconf 90' lang='lat'>1</span> <span class='ocrx_word' id='word_1_276' title='bbox 1635 1983 1644 1999; x_wconf 95' lang='lat'><strong>,</strong></span> 
     </span>
    </p>

    <p class='ocr_par' dir='ltr' id='par_1_8' title="bbox 179 2007 1645 2122">
     <span class='ocr_line' id='line_1_31' title="bbox 179 2007 1645 2065; baseline -0.001 -14"><span class='ocrx_word' id='word_1_277' title='bbox 179 2018 230 2053; x_wconf 87' lang='lat'><strong>30</strong></span> <span class='ocrx_word' id='word_1_278' title='bbox 241 2007 323 2050; x_wconf 84' lang='lat' dir='ltr'><strong>alia</strong></span> <span class='ocrx_word' id='word_1_279' title='bbox 341 2007 438 2050; x_wconf 81' lang='lat' dir='ltr'><strong>fidei</strong></span> <span class='ocrx_word' id='word_1_280' title='bbox 464 2007 622 2065; x_wconf 85' lang='lat' dir='ltr'><strong>regula,</strong></span> <span class='ocrx_word' id='word_1_281' title='bbox 644 2022 717 2050; x_wconf 90' lang='lat' dir='ltr'><strong>seu</strong></span> <span class='ocrx_word' id='word_1_282' title='bbox 736 2008 925 2057; x_wconf 84' lang='lat' dir='ltr'><strong>formula,</strong></span> <span class='ocrx_word' id='word_1_283' title='bbox 949 2008 1203 2064; x_wconf 89' lang='lat' dir='ltr'><strong>Symbolum,</strong></span> <span class='ocrx_word' id='word_1_284' title='bbox 1225 2008 1336 2064; x_wconf 93' lang='lat' dir='ltr'><strong>quod</strong></span> <span class='ocrx_word' id='word_1_285' title='bbox 1364 2007 1514 2050; x_wconf 90' lang='lat' dir='ltr'><strong>dicitur</strong></span> <span class='ocrx_word' id='word_1_286' title='bbox 1534 2008 1645 2064; x_wconf 84' lang='lat' dir='ltr'><strong>Apo-</strong></span> 
     </span>
     <span class='ocr_line' id='line_1_32' title="bbox 241 2064 1140 2122; baseline 0.001 -16"><span class='ocrx_word' id='word_1_287' title='bbox 241 2064 443 2117; x_wconf 89' lang='lat' dir='ltr'><strong>stolicum,</strong></span> <span class='ocrx_word' id='word_1_288' title='bbox 463 2065 552 2107; x_wconf 87' lang='lat' dir='ltr'><strong>fere</strong></span> <span class='ocrx_word' id='word_1_289' title='bbox 572 2065 715 2108; x_wconf 93' lang='lat' dir='ltr'><strong>iisdem</strong></span> <span class='ocrx_word' id='word_1_290' title='bbox 736 2065 872 2107; x_wconf 88' lang='lat' dir='ltr'><strong>verbis</strong></span> <span class='ocrx_word' id='word_1_291' title='bbox 893 2065 1140 2122; x_wconf 85' lang='lat' dir='ltr'><strong>exprimens.</strong></span> 
     </span>
    </p>

    <p class='ocr_par' dir='ltr' id='par_1_9' title="bbox 240 2122 1645 2294">
     <span class='ocr_line' id='line_1_33' title="bbox 299 2122 1643 2180; baseline 0.001 -16"><span class='ocrx_word' id='word_1_292' title='bbox 299 2123 348 2164; x_wconf 90' lang='lat' dir='ltr'><strong>P.</strong></span> <span class='ocrx_word' id='word_1_293' title='bbox 374 2136 386 2163; x_wconf 90' lang='lat'>1</span> <span class='ocrx_word' id='word_1_294' title='bbox 396 2135 421 2178; x_wconf 87' lang='lat'>3</span> <span class='ocrx_word' id='word_1_295' title='bbox 425 2136 466 2179; x_wconf 84' lang='lat'><strong>3.</strong></span> <span class='ocrx_word' id='word_1_296' title='bbox 484 2123 510 2166; x_wconf 90' lang='lat' dir='ltr'><strong>l.</strong></span> <span class='ocrx_word' id='word_1_297' title='bbox 526 2135 565 2167; x_wconf 87' lang='lat'><strong>2.</strong></span> <span class='ocrx_word' id='word_1_298' title='bbox 588 2122 720 2180; x_wconf 90' lang='lat' dir='ltr'><strong>egisse</strong></span> <span class='ocrx_word' id='word_1_299' title='bbox 735 2123 763 2166; x_wconf 87' lang='lat' dir='ltr'><strong>J</strong></span> <span class='ocrx_word' id='word_1_300' title='bbox 766 2137 879 2165; x_wconf 86' lang='lat' dir='ltr'><strong>esum</strong></span> <span class='ocrx_word' id='word_1_301' title='bbox 897 2123 1125 2180; x_wconf 85' lang='lat' dir='ltr'><strong>Christum]</strong></span> <span class='ocrx_word' id='word_1_302' title='bbox 1142 2123 1284 2166; x_wconf 84' lang='lat' dir='ltr'><strong>Habet</strong></span> <span class='ocrx_word' id='word_1_303' title='bbox 1301 2123 1581 2165; x_wconf 87' lang='lat' dir='ltr'><strong>Tertullianus</strong></span> <span class='ocrx_word' id='word_1_304' title='bbox 1602 2123 1643 2165; x_wconf 90' lang='lat' dir='ltr'><strong>in</strong></span> 
     </span>
     <span class='ocr_line' id='line_1_34' title="bbox 240 2179 1643 2237; baseline 0.001 -15"><span class='ocrx_word' id='word_1_305' title='bbox 240 2179 456 2237; x_wconf 84' lang='lat' dir='ltr'><strong>Apologia,</strong></span> <span class='ocrx_word' id='word_1_306' title='bbox 470 2195 559 2237; x_wconf 88' lang='lat' dir='ltr'><strong>cap.</strong></span> <span class='ocrx_word' id='word_1_307' title='bbox 570 2193 590 2223; x_wconf 88' lang='lat'>2</span> <span class='ocrx_word' id='word_1_308' title='bbox 600 2193 618 2221; x_wconf 92' lang='lat'>1</span> <span class='ocrx_word' id='word_1_309' title='bbox 628 2212 638 2230; x_wconf 94' lang='lat'><strong>,</strong></span> <span class='ocrx_word' id='word_1_310' title='bbox 648 2188 658 2202; x_wconf 87' lang='lat'>‘</span> <span class='ocrx_word' id='word_1_311' title='bbox 668 2195 759 2222; x_wconf 93' lang='lat' dir='ltr'><strong>cum</strong></span> <span class='ocrx_word' id='word_1_312' title='bbox 773 2180 979 2237; x_wconf 84' lang='lat' dir='ltr'><strong>discipulis</strong></span> <span class='ocrx_word' id='word_1_313' title='bbox 987 2180 1230 2237; x_wconf 85' lang='lat' dir='ltr'><strong>quibusdam</strong></span> <span class='ocrx_word' id='word_1_314' title='bbox 1243 2182 1407 2237; x_wconf 76' lang='lat' dir='ltr'><strong>eyit,&#39;et</strong></span> <span class='ocrx_word' id='word_1_315' title='bbox 1413 2180 1524 2230; x_wconf 88' lang='lat' dir='ltr'><strong>alibi,</strong></span> <span class='ocrx_word' id='word_1_316' title='bbox 1534 2181 1643 2237; x_wconf 83' lang='lat' dir='ltr'><strong>[adv.</strong></span> 
     </span>
     <span class='ocr_line' id='line_1_35' title="bbox 242 2237 1645 2294; baseline 0.001 -14"><span class='ocrx_word' id='word_1_317' title='bbox 242 2237 440 2280; x_wconf 84' lang='lat' dir='ltr'><strong>Marcion.</strong></span> <span class='ocrx_word' id='word_1_318' title='bbox 457 2252 500 2280; x_wconf 93' lang='lat'><strong>11.</strong></span> <span class='ocrx_word' id='word_1_319' title='bbox 522 2251 536 2279; x_wconf 92' lang='lat'>1</span> <span class='ocrx_word' id='word_1_320' title='bbox 546 2238 607 2294; x_wconf 89' lang='lat'><strong>6.]</strong></span> <span class='ocrx_word' id='word_1_321' title='bbox 630 2244 640 2261; x_wconf 85' lang='lat'>‘</span> <span class='ocrx_word' id='word_1_322' title='bbox 654 2239 793 2280; x_wconf 82' lang='lat' dir='ltr'><strong>Deum</strong></span> <span class='ocrx_word' id='word_1_323' title='bbox 807 2237 930 2280; x_wconf 89' lang='lat' dir='ltr'><strong>etiam</strong></span> <span class='ocrx_word' id='word_1_324' title='bbox 947 2238 989 2280; x_wconf 90' lang='lat' dir='ltr'><strong>in</strong></span> <span class='ocrx_word' id='word_1_325' title='bbox 1005 2238 1128 2280; x_wconf 89' lang='lat' dir='ltr'><strong>terris</strong></span> <span class='ocrx_word' id='word_1_326' title='bbox 1143 2240 1300 2294; x_wconf 63' lang='lat' dir='ltr'><strong>eyisse!</strong></span> <span class='ocrx_word' id='word_1_327' title='bbox 1360 2238 1466 2280; x_wconf 90' lang='lat' dir='ltr'><strong>Illud</strong></span> <span class='ocrx_word' id='word_1_328' title='bbox 1484 2238 1645 2282; x_wconf 83' lang='lat' dir='ltr'><strong>interea</strong></span> 
     </span>
    </p>

    <p class='ocr_par' dir='ltr' id='par_1_10' title="bbox 177 2295 1583 2353">
     <span class='ocr_line' id='line_1_36' title="bbox 177 2295 1583 2353; baseline -0.001 -12"><span class='ocrx_word' id='word_1_329' title='bbox 177 2303 228 2341; x_wconf 88' lang='grc'><strong>35</strong></span> <span class='ocrx_word' id='word_1_330' title='bbox 240 2297 288 2338; x_wconf 77' lang='lat' dir='ltr'><strong>in</strong></span> <span class='ocrx_word' id='word_1_331' title='bbox 307 2296 440 2338; x_wconf 76' lang='lat' dir='ltr'><strong>coelos</strong></span> <span class='ocrx_word' id='word_1_332' title='bbox 459 2303 648 2351; x_wconf 80' lang='lat' dir='ltr'><strong>ereptum</strong></span> <span class='ocrx_word' id='word_1_333' title='bbox 667 2295 729 2338; x_wconf 88' lang='lat' dir='ltr'><strong>bis</strong></span> <span class='ocrx_word' id='word_1_334' title='bbox 749 2309 913 2352; x_wconf 90' lang='lat' dir='ltr'><strong>quoque</strong></span> <span class='ocrx_word' id='word_1_335' title='bbox 933 2295 1042 2338; x_wconf 87' lang='lat' dir='ltr'><strong>infra</strong></span> <span class='ocrx_word' id='word_1_336' title='bbox 1061 2296 1238 2353; x_wconf 88' lang='lat' dir='ltr'><strong>positum</strong></span> <span class='ocrx_word' id='word_1_337' title='bbox 1259 2302 1323 2338; x_wconf 88' lang='lat' dir='ltr'><strong>est</strong></span> <span class='ocrx_word' id='word_1_338' title='bbox 1342 2296 1385 2338; x_wconf 88' lang='lat' dir='ltr'><strong>in</strong></span> <span class='ocrx_word' id='word_1_339' title='bbox 1405 2310 1496 2352; x_wconf 90' lang='lat' dir='ltr'><strong>cap.</strong></span> <span class='ocrx_word' id='word_1_340' title='bbox 1515 2309 1583 2348; x_wconf 71' lang='lat'><strong>24,</strong></span> 
     </span>
    </p>

    <p class='ocr_par' dir='ltr' id='par_1_11' title="bbox 240 2352 1643 2582">
     <span class='ocr_line' id='line_1_37' title="bbox 300 2352 1643 2419; baseline 0 -24"><span class='ocrx_word' id='word_1_341' title='bbox 300 2352 404 2395; x_wconf 89' lang='lat' dir='ltr'><strong>Ibid.</strong></span> <span class='ocrx_word' id='word_1_342' title='bbox 421 2352 447 2395; x_wconf 93' lang='lat' dir='ltr'><strong>l.</strong></span> <span class='ocrx_word' id='word_1_343' title='bbox 473 2366 533 2405; x_wconf 76' lang='lat'><strong>19.</strong></span> <span class='ocrx_word' id='word_1_344' title='bbox 556 2353 700 2395; x_wconf 91' lang='lat' dir='ltr'><strong>doctor</strong></span> <span class='ocrx_word' id='word_1_345' title='bbox 727 2353 863 2410; x_wconf 86' lang='lat' dir='ltr'><strong>gratia</strong></span> <span class='ocrx_word' id='word_1_346' title='bbox 889 2353 1083 2396; x_wconf 84' lang='lat' dir='ltr'><strong>scientiae</strong></span> <span class='ocrx_word' id='word_1_347' title='bbox 1104 2353 1300 2419; x_wconf 86' lang='lat' dir='ltr'><strong>donatus]</strong></span> <span class='ocrx_word' id='word_1_348' title='bbox 1324 2354 1522 2396; x_wconf 87' lang='lat' dir='ltr'><strong>Notatum</strong></span> <span class='ocrx_word' id='word_1_349' title='bbox 1545 2353 1643 2395; x_wconf 85' lang='lat' dir='ltr'><strong>viris</strong></span> 
     </span>
     <span class='ocr_line' id='line_1_38' title="bbox 241 2410 1642 2468; baseline 0 -16"><span class='ocrx_word' id='word_1_350' title='bbox 241 2410 371 2452; x_wconf 89' lang='lat' dir='ltr'><strong>doctis</strong></span> <span class='ocrx_word' id='word_1_351' title='bbox 400 2410 603 2467; x_wconf 90' lang='lat' dir='ltr'><strong>duplicem</strong></span> <span class='ocrx_word' id='word_1_352' title='bbox 634 2425 683 2452; x_wconf 92' lang='lat' dir='ltr'><strong>eo</strong></span> <span class='ocrx_word' id='word_1_353' title='bbox 721 2411 808 2453; x_wconf 89' lang='lat' dir='ltr'><strong>loco</strong></span> <span class='ocrx_word' id='word_1_354' title='bbox 843 2425 869 2454; x_wconf 92' lang='lat' dir='ltr'><strong>a</strong></span> <span class='ocrx_word' id='word_1_355' title='bbox 904 2411 1160 2454; x_wconf 89' lang='lat' dir='ltr'><strong>Tertulliano</strong></span> <span class='ocrx_word' id='word_1_356' title='bbox 1195 2411 1392 2468; x_wconf 78' lang='lat' dir='ltr'><strong>distingui</strong></span> <span class='ocrx_word' id='word_1_357' title='bbox 1427 2411 1642 2453; x_wconf 85' lang='lat' dir='ltr'><strong>doctorum</strong></span> 
     </span>
     <span class='ocr_line' id='line_1_39' title="bbox 240 2467 1642 2526; baseline 0.001 -17"><span class='ocrx_word' id='word_1_358' title='bbox 240 2467 440 2519; x_wconf 90' lang='lat' dir='ltr'><strong>ordinem,</strong></span> <span class='ocrx_word' id='word_1_359' title='bbox 476 2483 601 2510; x_wconf 91' lang='lat' dir='ltr'><strong>unum</strong></span> <span class='ocrx_word' id='word_1_360' title='bbox 631 2482 789 2519; x_wconf 91' lang='lat' dir='ltr'><strong>eorum,</strong></span> <span class='ocrx_word' id='word_1_361' title='bbox 825 2468 896 2524; x_wconf 90' lang='lat' dir='ltr'><strong>qui</strong></span> <span class='ocrx_word' id='word_1_362' title='bbox 925 2469 1096 2511; x_wconf 88' lang='lat' dir='ltr'><strong>scientia</strong></span> <span class='ocrx_word' id='word_1_363' title='bbox 1125 2468 1294 2511; x_wconf 88' lang='lat' dir='ltr'><strong>coelitus</strong></span> <span class='ocrx_word' id='word_1_364' title='bbox 1329 2469 1507 2510; x_wconf 88' lang='lat' dir='ltr'><strong>demissa</strong></span> <span class='ocrx_word' id='word_1_365' title='bbox 1540 2483 1642 2526; x_wconf 92' lang='lat' dir='ltr'><strong>gau-</strong></span> 
     </span>
     <span class='ocr_line' id='line_1_40' title="bbox 241 2524 1641 2582; baseline 0.001 -16"><span class='ocrx_word' id='word_1_366' title='bbox 241 2524 364 2574; x_wconf 89' lang='lat' dir='ltr'><strong>dent;</strong></span> <span class='ocrx_word' id='word_1_367' title='bbox 409 2525 586 2568; x_wconf 83' lang='lat' dir='ltr'><strong>alterum</strong></span> <span class='ocrx_word' id='word_1_368' title='bbox 621 2540 777 2574; x_wconf 88' lang='lat' dir='ltr'><strong>eorum,</strong></span> <span class='ocrx_word' id='word_1_369' title='bbox 809 2525 880 2582; x_wconf 91' lang='lat' dir='ltr'><strong>qui</strong></span> <span class='ocrx_word' id='word_1_370' title='bbox 913 2526 1147 2569; x_wconf 86' lang='lat' dir='ltr'><strong>litterarum</strong></span> <span class='ocrx_word' id='word_1_371' title='bbox 1182 2526 1379 2568; x_wconf 86' lang='lat' dir='ltr'><strong>exercitio</strong></span> <span class='ocrx_word' id='word_1_372' title='bbox 1414 2526 1526 2568; x_wconf 88' lang='lat' dir='ltr'><strong>illam</strong></span> <span class='ocrx_word' id='word_1_373' title='bbox 1564 2526 1641 2568; x_wconf 89' lang='lat' dir='ltr'><strong>sibi</strong></span> 
     </span>
    </p>

    <p class='ocr_par' dir='ltr' id='par_1_12' title="bbox 177 2582 1282 2638">
     <span class='ocr_line' id='line_1_41' title="bbox 177 2582 1282 2638; baseline -0.002 -11"><span class='ocrx_word' id='word_1_374' title='bbox 177 2593 228 2627; x_wconf 90' lang='lat'><strong>40</strong></span> <span class='ocrx_word' id='word_1_375' title='bbox 240 2587 492 2638; x_wconf 86' lang='lat' dir='ltr'><strong>comparant.</strong></span> <span class='ocrx_word' id='word_1_376' title='bbox 553 2582 778 2626; x_wconf 82' lang='lat' dir='ltr'><strong>Adnotatio</strong></span> <span class='ocrx_word' id='word_1_377' title='bbox 797 2584 852 2627; x_wconf 88' lang='lat' dir='ltr'><strong>ad</strong></span> <span class='ocrx_word' id='word_1_378' title='bbox 873 2583 1163 2626; x_wconf 87' lang='lat' dir='ltr'><strong>THOMASII</strong></span> <span class='ocrx_word' id='word_1_379' title='bbox 1183 2584 1282 2626; x_wconf 85' lang='lat' dir='ltr'><strong>edit.</strong></span> 
     </span>
    </p>

    <p class='ocr_par' dir='ltr' id='par_1_13' title="bbox 240 2639 1641 2870">
     <span class='ocr_line' id='line_1_42' title="bbox 298 2639 1641 2697; baseline 0.001 -16"><span class='ocrx_word' id='word_1_380' title='bbox 298 2640 403 2682; x_wconf 87' lang='lat' dir='ltr'><strong>Ibid.</strong></span> <span class='ocrx_word' id='word_1_381' title='bbox 426 2639 451 2681; x_wconf 88' lang='lat' dir='ltr'><strong>l.</strong></span> <span class='ocrx_word' id='word_1_382' title='bbox 470 2653 534 2682; x_wconf 82' lang='lat'><strong>20.</strong></span> <span class='ocrx_word' id='word_1_383' title='bbox 555 2639 681 2696; x_wconf 87' lang='lat' dir='ltr'><strong>aliqui</strong></span> <span class='ocrx_word' id='word_1_384' title='bbox 700 2645 849 2690; x_wconf 79' lang='lat' dir='ltr'><strong>tecum,</strong></span> <span class='ocrx_word' id='word_1_385' title='bbox 869 2641 1066 2683; x_wconf 90' lang='lat' dir='ltr'><strong>curiosius</strong></span> <span class='ocrx_word' id='word_1_386' title='bbox 1085 2647 1237 2690; x_wconf 84' lang='lat' dir='ltr'><strong>tamen,</strong></span> <span class='ocrx_word' id='word_1_387' title='bbox 1259 2640 1479 2697; x_wconf 87' lang='lat' dir='ltr'><strong>quaerens]</strong></span> <span class='ocrx_word' id='word_1_388' title='bbox 1499 2639 1583 2683; x_wconf 93' lang='lat' dir='ltr'><strong>Vu]</strong></span> <span class='ocrx_word' id='word_1_389' title='bbox 1617 2655 1641 2682; x_wconf 95' lang='lat' dir='ltr'><strong>o</strong></span> 
     </span>
     <span class='ocr_line' id='line_1_43' title="bbox 240 2697 1638 2754; baseline 0.001 -15"><span class='ocrx_word' id='word_1_390' title='bbox 240 2697 393 2754; x_wconf 90' lang='lat' dir='ltr'><strong>legitur</strong></span> <span class='ocrx_word' id='word_1_391' title='bbox 413 2699 620 2747; x_wconf 68' lang='lat' dir='ltr'><strong>curiam,</strong></span> <span class='ocrx_word' id='word_1_392' title='bbox 641 2703 684 2740; x_wconf 91' lang='lat' dir='ltr'><strong>et</strong></span> <span class='ocrx_word' id='word_1_393' title='bbox 702 2697 906 2754; x_wconf 86' lang='lat' dir='ltr'><strong>repetitur</strong></span> <span class='ocrx_word' id='word_1_394' title='bbox 927 2706 1061 2741; x_wconf 82' lang='lat' dir='ltr'><strong>tecum</strong></span> <span class='ocrx_word' id='word_1_395' title='bbox 1080 2704 1178 2740; x_wconf 84' lang='lat' dir='ltr'><strong>ante</strong></span> <span class='ocrx_word' id='word_1_396' title='bbox 1199 2707 1340 2741; x_wconf 84' lang='lat' dir='ltr'><strong>tamen</strong></span> <span class='ocrx_word' id='word_1_397' title='bbox 1352 2714 1368 2747; x_wconf 91' lang='lat'><strong><em>;</em></strong></span> <span class='ocrx_word' id='word_1_398' title='bbox 1399 2698 1476 2740; x_wconf 90' lang='lat' dir='ltr'><strong>hoc</strong></span> <span class='ocrx_word' id='word_1_399' title='bbox 1504 2713 1570 2740; x_wconf 91' lang='lat' dir='ltr'><strong>mo</strong></span> <span class='ocrx_word' id='word_1_400' title='bbox 1601 2713 1638 2746; x_wconf 94' lang='lat' dir='ltr'><strong>o,</strong></span> 
     </span>
     <span class='ocr_line' id='line_1_44' title="bbox 240 2755 1639 2812; baseline 0 -15"><span class='ocrx_word' id='word_1_401' title='bbox 240 2755 383 2811; x_wconf 80' lang='lat' dir='ltr'><strong>aliqui</strong></span> <span class='ocrx_word' id='word_1_402' title='bbox 397 2763 531 2797; x_wconf 80' lang='lat' dir='ltr'><strong>tecum</strong></span> <span class='ocrx_word' id='word_1_403' title='bbox 547 2756 754 2805; x_wconf 70' lang='lat' dir='ltr'><strong>curiosus,</strong></span> <span class='ocrx_word' id='word_1_404' title='bbox 771 2763 906 2798; x_wconf 78' lang='lat' dir='ltr'><strong>tecum</strong></span> <span class='ocrx_word' id='word_1_405' title='bbox 921 2763 1062 2798; x_wconf 80' lang='lat' dir='ltr'><strong>tamen</strong></span> <span class='ocrx_word' id='word_1_406' title='bbox 1081 2771 1310 2812; x_wconf 56' lang='lat' dir='ltr'><strong>quaeum&amp;</strong></span> <span class='ocrx_word' id='word_1_407' title='bbox 1330 2756 1402 2797; x_wconf 88' lang='lat' dir='ltr'><strong>sed</strong></span> <span class='ocrx_word' id='word_1_408' title='bbox 1423 2755 1639 2798; x_wconf 90' lang='lat' dir='ltr'><strong>lectionem</strong></span> 
     </span>
     <span class='ocr_line' id='line_1_45' title="bbox 241 2812 1638 2870; baseline 0.001 -16"><span class='ocrx_word' id='word_1_409' title='bbox 241 2826 372 2854; x_wconf 86' lang='lat' dir='ltr'><strong>meam</strong></span> <span class='ocrx_word' id='word_1_410' title='bbox 407 2812 606 2854; x_wconf 86' lang='lat' dir='ltr'><strong>exhibent</strong></span> <span class='ocrx_word' id='word_1_411' title='bbox 640 2812 757 2855; x_wconf 91' lang='lat' dir='ltr'><strong>editt.</strong></span> <span class='ocrx_word' id='word_1_412' title='bbox 794 2812 986 2855; x_wconf 86' lang='lat' dir='ltr'><strong>Rhenani</strong></span> <span class='ocrx_word' id='word_1_413' title='bbox 1020 2819 1064 2856; x_wconf 89' lang='lat' dir='ltr'><strong>et</strong></span> <span class='ocrx_word' id='word_1_414' title='bbox 1097 2814 1162 2855; x_wconf 88' lang='lat' dir='ltr'><strong>ed.</strong></span> <span class='ocrx_word' id='word_1_415' title='bbox 1191 2813 1321 2855; x_wconf 87' lang='lat' dir='ltr'><strong>Paris.</strong></span> <span class='ocrx_word' id='word_1_416' title='bbox 1359 2813 1516 2870; x_wconf 61' lang='lat' dir='ltr'><strong>primm</strong></span> <span class='ocrx_word' id='word_1_417' title='bbox 1563 2813 1638 2855; x_wconf 90' lang='lat' dir='ltr'><strong>nisi</strong></span> 
     </span>
    </p>

    <p class='ocr_par' dir='ltr' id='par_1_14' title="bbox 179 2870 1136 2926">
     <span class='ocr_line' id='line_1_46' title="bbox 179 2870 1136 2926; baseline 0.002 -15"><span class='ocrx_word' id='word_1_418' title='bbox 179 2879 228 2917; x_wconf 86' lang='lat'><strong>45</strong></span> <span class='ocrx_word' id='word_1_419' title='bbox 241 2870 349 2925; x_wconf 87' lang='lat' dir='ltr'><strong>quod</strong></span> <span class='ocrx_word' id='word_1_420' title='bbox 371 2871 556 2926; x_wconf 76' lang='lat' dir='ltr'><strong>aliquid,</strong></span> <span class='ocrx_word' id='word_1_421' title='bbox 578 2885 659 2912; x_wconf 88' lang='lat' dir='ltr'><strong>non</strong></span> <span class='ocrx_word' id='word_1_422' title='bbox 681 2871 836 2926; x_wconf 78' lang='lat' dir='ltr'><strong>aliqui,</strong></span> <span class='ocrx_word' id='word_1_423' title='bbox 858 2870 899 2912; x_wconf 88' lang='lat' dir='ltr'><strong>in</strong></span> <span class='ocrx_word' id='word_1_424' title='bbox 920 2871 968 2912; x_wconf 88' lang='lat' dir='ltr'><strong>iis</strong></span> <span class='ocrx_word' id='word_1_425' title='bbox 988 2876 1136 2913; x_wconf 87' lang='lat' dir='ltr'><strong>exstat.</strong></span> 
     </span>
    </p>

    <p class='ocr_par' dir='ltr' id='par_1_15' title="bbox 990 2941 1062 2972">
     <span class='ocr_line' id='line_1_47' title="bbox 990 2941 1062 2972; baseline 0.028 -2"><span class='ocrx_word' id='word_1_426' title='bbox 990 2941 1015 2970; x_wconf 93' lang='grc'><strong>0</strong></span> <span class='ocrx_word' id='word_1_427' title='bbox 1040 2941 1062 2972; x_wconf 79' lang='lat'><em>2</em></span> 
     </span>
    </p>
   </div>
  </div>
 </body>
</html>
