2034 3204
420 224 509 264 224
890 223 1360 266 ANNOTATIONES

480 329 529 371 P.
557 339 649 384 170.
671 329 698 370 l.
722 329 761 371 8.
783 329 927 371 eadem
949 327 1102 385 dicere]
1125 329 1264 377 Forte,
1286 329 1435 371 eadem
1457 329 1616 377 dicens,
1638 328 1715 369 nisi
1735 328 1826 384 quis

420 386 530 428 forte
543 386 656 436 velit,
671 388 898 442 eademque
913 387 1066 429 dicere.
1088 387 1115 429 J
1120 387 1204 429 UN
1208 386 1319 428 IUS.
1356 386 1423 427 Ita
1435 385 1663 427 Rhenanus
1677 387 1827 429 eadem

420 445 562 486 dicere
582 443 766 486 retinere
781 444 981 493 voluerat,
995 445 1121 486 verbo
1137 451 1316 486 conatus
1330 451 1391 485 est
1411 457 1462 484 ex
1482 443 1826 499 praecedentibus

422 501 655 543 subaudito.
716 501 920 557 Supplere
940 510 980 544 et
999 507 1097 543 ante
1121 502 1270 543 eadem
1289 501 1377 542 vult
1397 501 1631 542 Annotator
1650 501 1706 542 ad
1726 501 1824 543 edit.

422 559 668 600 Romanam.
731 559 815 601 Sed
835 559 1011 600 fortasse
1032 560 1180 600 eadem
1200 560 1345 600 dicens
1364 558 1682 614 praeferendum
1703 564 1780 601 est.
1839 570 1863 608 5

482 615 586 657 Ibid.
609 616 636 657 1.
662 629 721 667 ¹4·
744 616 787 656 in
807 629 973 657 earnem
994 629 1110 657 suam
1133 615 1272 671 lapsus
1292 614 1374 672 est]
1399 615 1597 672 Superius
1627 621 1827 658 annotata

421 672 515 715 vide
535 673 590 715 ad
611 672 856 714 Tertulliani
877 673 928 714 de
951 673 1137 714 Praescr.
1159 685 1250 728 cap.
1265 685 1334 728 30.

480 730 588 772 Ibid.
620 730 646 772 l.
676 731 737 772 16.
768 729 938 772 infinitis
972 729 1251 786 superioribus
1285 729 1493 786 partibus]
1536 730 1698 786 Legere
1737 731 1826 773 vult

421 788 451 830 J
452 787 572 829 unius
606 788 781 842 infiniti.
842 786 985 829 Malim
1015 802 1218 844 reponere
1246 787 1290 828 in
1319 787 1504 841 infinitis
1534 789 1828 843 summ-ibus

414 845 636 900 partibus.
685 845 827 886 Habes
842 858 981 901 supra,
995 846 1043 887 in
1054 846 1233 888 summis
1247 852 1286 888 et
1301 845 1395 887 illis
1409 846 1825 900 infinitiepartibue,
1844 860 1892 887 10

423 916 471 943 ca
503 934 512 942 .
529 901 572 943 ii.
624 934 633 943 .
660 904 750 944 162.

472 916 634 1000 1ibidfl.
660 973 721 1014 ¹9·
751 959 843 1000 Hoc
863 958 952 1001 vult
982 958 1126 1015 videri]
1151 959 1208 1001 Le
1239 959 1390 1000 endum
1420 959 1533 1007 hinc,
1554 959 1621 1001 'vel
1650 961 1706 1002 ab
1735 961 1824 1003 hoc.

420 1016 584 1058 Junius.
644 1016 713 1058 An
732 1018 846 1065 huic,
867 1016 895 1057 i.
909 1030 944 1058 e.
968 1017 1024 1058 ab
1044 1017 1159 1059 hoc?
1188 1017 1218 1059 S
1260 1017 1437 1058 MLER.
1498 1016 1826 1060 Praeferendum

422 1073 602 1123 videtur,
624 1074 682 1115 ab
701 1075 790 1116 hoc.

480 1131 528 1172 P.
553 1144 601 1182 17
617 1144 648 1173 1.
670 1131 698 1173 l.
725 1145 760 1174 1.
791 1130 1023 1173 animarum
1053 1131 1233 1174 solarum
1264 1130 1363 1173 dicit
1393 1131 1585 1185 salutem]
1610 1132 1678 1173 An
1707 1134 1827 1176 docet
1843 1146 1890 1185 15

421 1203 499 1244 pro
520 1189 630 1231 dicit
650 1188 870 1246 legendum
888 1187 905 1230 ?

481 1245 587 1287 Ibid.
619 1246 644 1287 l.
670 1259 707 1288 2.
741 1245 942 1302 privatas]
976 1243 1220 1288 Esotericas.
1282 1246 1476 1288 Fortasse
1505 1245 1548 1287 in
1567 1246 1734 1289 vocibus
1764 1261 1827 1290 se·—

421 1303 655 1358 quentibus,
677 1305 752 1346 sed
771 1304 1166 1353 extraordinarias,
1187 1318 1264 1360 pro
1284 1305 1358 1346 sed
1378 1303 1639 1346 scribendum
1659 1312 1711 1346 et.

481 1360 587 1402 Ibid.
620 1361 646 1402 l.
676 1363 739 1403 16.
781 1361 888 1403 Sunt
927 1360 1035 1403 enim
1075 1360 1824 1418 qui—dicantur‚—pronuntientur.]

423 1418 468 1460 Si
507 1417 607 1474 quid
645 1419 777 1461 refert
815 1432 882 1460 me
925 1418 1004 1460 hoc
1041 1418 1198 1467 fecisse,
1239 1418 1428 1461 revocavi
1477 1433 1529 1460 ex
1579 1418 1826 1462 editionibus
1841 1433 1891 1459 20

422 1475 615 1517 Rhenani
646 1482 689 1518 et
716 1475 904 1518 Parisina
933 1482 1111 1532 utraque
1137 1477 1344 1518 dicantur
1363 1489 1440 1532 pro
1459 1477 1678 1526 dicuntur,
1700 1482 1744 1519 et
1773 1490 1826 1519 ex

420 1532 486 1574 ed.
510 1532 700 1575 Rhenani
721 1532 866 1575 ultima
885 1538 927 1575 et
948 1533 1137 1576 Parisina
1166 1539 1343 1590 utraque
1364 1532 1520 1588 (deficit
1548 1533 1656 1575 enim
1686 1534 1729 1576 in
1758 1535 1824 1577 ed.

420 1589 607 1655 principe
645 1590 824 1632 alterum
864 1590 1060 1633 orationis
1099 1591 1347 1646 membrum)
1373 1593 1710 1647 pronuntientur
1748 1606 1826 1649 pro

420 1647 641 1690 mdicativo
667 1649 1024 1704 pronuntiantur.
1087 1648 1250 1691 Primus
1281 1648 1486 1691 Pamelius
1512 1662 1565 1691 ex
1595 1649 1688 1692 MS.
1709 1649 1826 1692 Vati-

422 1718 525 1747 cano
546 1706 754 1747 dicuntur
773 1705 998 1748 substituit.
1841 1716 1890 1756 25

481 1762 587 1804 Ibid.
609 1762 634 1804 l.
660 1775 727 1805 20.
758 1768 802 1805 et
830 1776 1086 1805 communem
1117 1762 1282 1819 quidem
1314 1761 1446 1819 illam]
1479 1763 1630 1805 Melius
1663 1764 1828 1808 abesset

452 1819 628 1862 articula
653 1828 705 1869 ec,
726 1820 902 1862 fortasse
929 1834 981 1862 ex
1002 1820 1277 1885 praecedente
1297 1828 1337 1863 et
1361 1826 1465 1870 orta,
1487 1834 1594 1877 quae
1614 1820 1780 1877 quidem
1801 1836 1828 1864 a

423 1833 585 1919 grim-io
605 1876 648 1919 in
668 1877 849 1920 editione
869 1892 944 1920 sua
962 1877 1204 1935 Rigaltiana
1223 1883 1266 1920 et
1284 1892 1311 1920 a
1330 1878 1519 1920 Romano
1540 1878 1700 1921 editore
1720 1879 1826 1923 male

422 1934 573 1977 omissa
592 1940 668 1978 est.

483 1991 588 2034 Ibid.
610 1992 636 2034 l.
660 2004 727 2047 29.
751 1992 917 2035 Blastus
946 1992 1145 2034 accedens
1165 1992 1259 2049 δια]
1284 1991 1344 2036 Ut
1372 2005 1424 2035 ex
1448 1993 1621 2035 Irenaeo
1651 1999 1824 2044 constat,
1839 2010 1891 2047 30

424 2049 612 2092 Blastum
633 2063 846 2106 separasse
866 2063 910 2092 se
930 2050 984 2092 ab
1004 2049 1200 2099 Ecclesia,
1218 2049 1371 2106 quippe
1385 2063 1511 2106 quum
1532 2050 1641 2092 idem
1661 2057 1826 2094 sanctus

424 2106 552 2149 Pater
579 2106 794 2163 epistolam
824 2107 879 2149 ad
909 2121 1002 2149 eum
1033 2107 1191 2149 miserit
1220 2108 1286 2150 De
1318 2107 1546 2150 Schismate
1573 2107 1825 2165 inscriptam,

423 2163 483 2206 ita
518 2164 690 2206 vicissim
725 2179 778 2207 ex
815 2164 893 2207 hoc
932 2164 1020 2206 loco
1055 2178 1179 2207 causa
1212 2164 1385 2214 eruitur,
1418 2178 1492 2207 cur
1527 2164 1594 2208 hic
1627 2166 1750 2208 homo
1782 2181 1827 2209 se

423 2221 692 2278 separaverit.
758 2222 954 2264 Nondum
999 2236 1098 2264 vero
1143 2222 1313 2265 Asiatici
1360 2222 1724 2273 Quartadecimani
1773 2224 1826 2266 ob

423 2285 587 2335 tempus
620 2279 697 2321 sibi
732 2278 820 2321 fere
852 2278 1064 2345 proprium
1099 2279 1292 2321 servandi
1326 2279 1534 2336 paschatis
1568 2281 1621 2322 ab
1657 2280 1827 2323 ecclesia
1839 2293 1890 2333 35

423 2335 669 2379 schismatici
693 2336 867 2392 judicati
895 2342 1030 2379 erant.
1090 2337 1156 2379 De
1187 2337 1329 2379 Blasto
1359 2337 1501 2379 confer
1523 2337 1687 2380 Eusebii
1717 2338 1824 2381 Hist.

427 2392 535 2436 Eccl.
557 2407 597 2435 v.
624 2407 640 2435 ι
647 2406 689 2449 5,
713 2405 793 2442 203
836 2398 879 2436 et
909 2400 1049 2436 notam
1078 2407 1206 2450 supra
1234 2394 1288 2436 ad
1320 2394 1482 2437 Irenaei
1514 2394 1825 2451 Fragmentum,

425 2465 452 2507 p
483 2462 650 2562 {9172
672 2507 697 2550 l.
722 2520 762 2550 2.
794 2507 1004 2551 Christum
1036 2522 1112 2565 pro
1140 2508 1304 2551 nomine
1333 2508 1617 2565 adprehensus
1641 2510 1825 2567 negavit]

428 2564 630 2606 Editionis
676 2564 873 2622 principis
912 2565 1128 2608 lectionem
1169 2565 1370 2615 revocavi,
1410 2566 1465 2608 ad
1504 2579 1627 2622 quam
1669 2567 1826 2611 notavit
1840 2585 1891 2620 40

429 2622 665 2671 Rhenanus,
699 2630 708 2646 ‘
731 2637 808 2679 pro
839 2622 1014 2673 nomine,
1041 2623 1117 2666 hoc
1147 2629 1223 2676 est,
1244 2623 1297 2666 ob
1327 2622 1621 2680 professionem
1652 2625 1826 2668 nominis

425 2687 435 2702 ⁴
455 2678 705 2722 Christiani.'
765 2680 872 2723 Nam
904 2680 1014 2723 istud
1043 2682 1140 2734 ὑπὲρ
1170 2684 1240 2723 τοῦ
1270 2682 1477 2732 ὀνόματος,
1509 2681 1727 2725 subaudito
1756 2686 1826 2725 τοῦ

428 2739 613 2789 Χριστοῦ,
648 2737 810 2794 phrasis
843 2743 907 2780 est
941 2737 1210 2795 scriptoribus
1245 2737 1453 2782 veteribus
1492 2738 1682 2789 solennia
1719 2753 1826 2795 quae

424 2800 589 2851 sumpta
618 2808 670 2837 ex
702 2794 918 2853 Scriptura
954 2795 997 2839 S.
1030 2795 1205 2839 videtur.
1268 2795 1430 2839 Videsis
1463 2795 1673 2852 Reliquias
1709 2797 1823 2840 Sacr.
