2034 3204
409 229 476 270 IN
512 227 959 271 TERTULLIANI
990 228 1075 269 DE
1111 228 1462 271 ORATIONE.
1547 230 1633 271 183

291 335 339 376 Ρ.
361 347 451 388 114.
473 335 500 377 l.
518 347 584 379 21.
601 334 793 377 mulieres
813 348 961 376 vocare
981 339 1066 376 tam
1082 333 1267 384 feminas,
1283 334 1326 376 id
1347 340 1410 377 est
1429 338 1631 389 γυναῖκας,

232 406 356 448 quam
377 393 554 446 θηλείας]
584 393 724 444 Quam
738 393 948 448 fhminas,
970 391 1013 434 id
1041 397 1117 440 est,
1195 392 1276 435 tius
1295 406 1419 448 quam
1445 391 1631 434 feminas.

232 450 310 492 Est
328 449 496 506 elegans
515 449 558 492 in
578 450 773 492 Hebraeo
792 464 981 492 sermone
1007 449 1127 492 dicen
1157 449 1169 491 i
1191 449 1382 499 formula,
1403 455 1447 492 et
1472 449 1563 492 aliis
1590 449 1632 491 in

231 506 330 548 locis
360 521 387 549 a
416 507 671 550 Tertulliano
702 513 912 564 usurpata.
967 507 1297 550 MURATORI.
1359 507 1537 550 Videtur
1569 506 1633 549 vir

195 563 487 616 5doctissimus
513 565 578 607 vel
608 565 770 621 legisse,
794 565 858 608 vel
884 564 1025 623 legere
1052 565 1240 614 voluisse,
1262 580 1394 621 quam
1422 579 1499 622 pro
1527 573 1631 607 tam.

233 621 359 665 Certe
373 621 416 664 in
430 622 697 680 scriptoribus
714 622 897 672 Graecis,
913 637 1138 688 eorumque
1152 622 1439 671 imitatoribus,
1485 621 1634 665 lurima

231 679 421 736 exempla
439 680 562 737 hujus
580 680 774 723 idiotismi
794 685 952 723 extant.
1003 679 1133 738 [V1de
1153 679 1276 730 infra.
1298 695 1338 737 p.
1354 637 1484 738 4323

290 737 396 779 Ibid.
418 737 444 780 l.
464 750 530 793 25.
551 737 825 796 contingitur]
850 737 1024 795 Corrige
1044 740 1294 782 continetur.

291 794 395 837 Ibid.
430 795 457 838 l.
487 809 557 851 30.
587 796 692 838 sicut
731 810 807 838 nec
841 795 904 838 vir
944 810 1019 838 nec
1059 794 1243 853 velandi]
1285 796 1465 852 Propter
1505 795 1634 838 verba

173 868 220 894 10
232 852 446 909 sequentia
484 853 706 911 legendum
747 853 921 903 videtur,
956 855 1069 896 sicut
1108 868 1182 897 nec
1217 854 1299 903 vir,
1330 868 1405 896 nec
1443 854 1632 902 investis,

231 911 451 953 velandus.

290 968 337 1010 P.
360 979 453 1023 115.
476 968 502 1010 l.
525 982 564 1023 9.
595 975 638 1011 et
658 968 887 1026 virginitati
917 968 1132 1012 defunctas
1161 966 1535 1025 concupiscentiae]
1562 967 1635 1010 Ait

231 1025 501 1075 Muratorius,
522 1026 590 1068 hic
609 1026 686 1069 sibi
705 1027 877 1068 verbum
897 1026 1063 1083 aliquod
1089 1026 1316 1069 desiderari
1337 1025 1480 1075 videri,
1502 1025 1636 1082 cujus-

230 1082 342 1124 modi
372 1088 480 1126 esset
509 1085 628 1139 iyms
656 1085 859 1134 excitare,
888 1090 962 1126 aut
991 1084 1091 1140 quid
1123 1084 1266 1126 simile.
1343 1083 1428 1126 Sed
1459 1083 1635 1126 fortasse

172 1140 466 1198 15legendum‚
498 1149 538 1183 et
567 1141 805 1199 virginitate
834 1143 1061 1197 defimctas
1092 1143 1458 1198 concupiscentiae
1474 1143 1634 1197 fuisse.

231 1199 395 1253 Mayno
415 1200 629 1241 desiderio
635 1200 752 1255 fuit,
770 1198 813 1241 id
834 1199 1129 1242 Terentianum
1149 1205 1223 1242 est.

291 1255 396 1298 Ibid.
416 1256 443 1298 l.
471 1269 534 1312 13.
566 1257 677 1313 quod
707 1271 790 1298 non
817 1255 998 1314 virgines
1027 1257 1134 1299 solas
1165 1271 1292 1299 concu
1322 1255 1466 1313 ierint]
1500 1255 1635 1299 Parti-

232 1313 324 1355 cula
361 1328 458 1363 non,
501 1319 548 1356 ut
586 1320 700 1356 recte
739 1313 885 1356 statuit
924 1315 1193 1364 Muratorius‚
1235 1314 1287 1356 de
1304 1314 1413 1356 enda
1451 1314 1518 1356 hic
1557 1320 1633 1356 est.

231 1370 429 1413 Attamen
459 1371 534 1413 sub
551 1373 754 1426 filiarum
780 1372 999 1414 hominum
1024 1372 1144 1415 titulo
1166 1371 1459 1429 comprehendi
1486 1387 1513 1414 a
1533 1372 1636 1413 Ter-

169 1443 220 1469 20
230 1428 402 1471 tulliano
438 1427 594 1478 viduas,
631 1430 760 1472 verba
794 1443 890 1471 mox
930 1430 1146 1486 sequentia
1184 1430 1419 1472 ostendunt.
1499 1428 1636 1470 Aliter

228 1491 368 1528 autem
417 1500 507 1528 rem
555 1486 702 1529 statuit
739 1492 885 1529 auctor
924 1486 1012 1544 ipse
1056 1488 1099 1530 in
1147 1487 1254 1530 libro
1297 1488 1350 1530 de
1391 1486 1635 1544 Virginibus

230 1543 428 1587 Velandis
440 1543 527 1600 jam
544 1559 667 1601 saepe
682 1544 822 1595 allato,
839 1544 910 1587 ubi
929 1545 1000 1595 ait,
1017 1550 1028 1569 ⁶
1043 1560 1168 1602 quum
1185 1560 1287 1602 ergo
1303 1545 1406 1587 filias
1420 1544 1631 1587 hominum

231 1607 241 1624 ‘
263 1601 375 1652 dicit,
420 1601 637 1645 manifeste
685 1601 868 1659 virgines
913 1603 1137 1660 portendit,
1178 1618 1284 1660 quae
1333 1603 1470 1645 adhuc
1518 1602 1630 1659 apud

231 1665 242 1682 ‘
262 1664 457 1716 parentes
477 1659 804 1717 deputarentur.’
825 1675 914 1717 cap.
934 1671 973 1714 7.

167 1728 217 1768 25
289 1716 395 1760 Ibid.
417 1717 443 1760 l.
465 1730 529 1772 19.
552 1718 700 1774 Itaque
727 1721 891 1775 vacant]
918 1720 992 1760 Ita
1011 1719 1119 1774 quia
1146 1726 1318 1767 vacant,
1340 1717 1631 1774 corrigendum

230 1779 307 1824 est,
327 1780 375 1817 ut
395 1789 533 1832 supra,
553 1789 594 1832 p.
615 1789 708 1827 114,
729 1775 755 1818 l.
779 1778 817 1818 8.

287 1831 392 1874 Ibid.
413 1832 440 1874 l.
462 1846 531 1898 33.
557 1832 786 1890 virginibus
806 1847 970 1890 quoque
989 1833 1174 1890 injiciens
1194 1833 1490 1888 velamentum]
1516 1833 1633 1874 Haec

228 1903 322 1931 cum
365 1890 645 1947 superioribus
684 1890 890 1956 conjunxi,
931 1896 1157 1947 contraque
1198 1891 1371 1933 verbum
1415 1898 1636 1933 excusetur

229 1961 321 1989 cum
367 1948 656 2004 sequentibus3
699 1954 777 1990 etei
816 1948 938 1990 aliter
979 1948 1200 2006 dispositus
1243 1948 1310 1991 hic
1339 1949 1452 1991 locus
1491 1954 1555 1990 est
1590 1947 1634 1990 in

165 2019 218 2055 30
229 2004 346 2047 editt.
368 2005 655 2048 Muratoriana
673 2012 799 2063 atque
820 2006 1006 2048 Halensi.

287 2062 335 2104 P.
369 2065 461 2105 116.
502 2063 529 2106 1.
564 2076 604 2120 3.
643 2064 888 2119 texuerunt]
933 2063 1000 2106 Sic
1039 2064 1132 2107 MS.
1183 2064 1346 2106 Mavult
1377 2062 1633 2106 Muratorius

230 2127 435 2163 texerunt.

287 2177 393 2220 Ibid.
424 2178 451 2220 l.
481 2191 522 2231 4.
553 2178 659 2221 sicut
687 2183 877 2230 naturae,
908 2178 968 2221 ita
1002 2185 1046 2222 et
1084 2178 1323 2236 disciplinae
1358 2178 1483 2221 debet
1517 2184 1634 2221 actas

229 2249 319 2277 esse
352 2234 564 2293 munifica]
601 2236 669 2278 An
703 2235 966 2278 scribendum
1001 2238 1166 2279 natura
1205 2242 1249 2280 et
1283 2236 1519 2293 disciplina
1556 2251 1634 2293 pro

165 2299 216 2339 35
229 2300 415 2336 naturae
435 2299 478 2336 et
497 2295 758 2350 disciplinae
771 2294 795 2336 f
826 2294 947 2345 Quod
977 2295 1032 2337 ad
1062 2309 1203 2336 vocem
1233 2295 1440 2350 munifica
1468 2294 1632 2342 attinet,

229 2349 413 2393 Isidorus
454 2351 524 2394 lib.
564 2366 608 2394 x,
652 2351 771 2408 Orig.
803 2366 831 2393 a
866 2351 1097 2394 Forcellino
1134 2352 1177 2394 in
1213 2351 1448 2394 Latinitatis
1481 2351 1634 2394 Lexico

228 2407 432 2451 adductus
452 2409 495 2450 in
514 2423 555 2451 v.
577 2410 822 2464 Mumflcue,
842 2409 921 2452 hoc
941 2410 1094 2453 habet:
1126 2417 1136 2433 ‘
1159 2410 1380 2452 Munificus
1402 2410 1536 2453 dictus
1555 2416 1633 2458 est,

230 2471 241 2489 ‘
262 2465 360 2521 quia
378 2481 552 2508 munera
579 2466 710 2509 multa
737 2467 822 2516 dat,
843 2467 910 2509 vel
936 2468 1034 2524 quia
1059 2482 1207 2510 munus
1233 2482 1365 2518 suum,
1386 2467 1430 2509 id
1459 2473 1522 2510 est
1550 2467 1635 2509 offi-

229 2529 240 2546 ‘
262 2522 383 2572 cium,
417 2524 528 2580 quod
563 2524 702 2574 debet,
737 2524 964 2581 adimplet?
1034 2525 1214 2568 Videtur
1249 2539 1352 2591 ergo
1388 2524 1635 2568 Tertulliani

165 2580 341 2630 4olocus
361 2581 438 2623 hoc
458 2581 717 2639 significare3
747 2587 795 2624 ut
821 2582 915 2639 lege
942 2587 1130 2632 naturae,
1152 2582 1212 2625 ita
1239 2589 1282 2625 et
1307 2582 1496 2626 instituto
1517 2582 1635 2625 disci-

229 2638 365 2694 plinae
384 2644 500 2681 aetas
515 2639 659 2682 adulta
673 2639 799 2681 debet
818 2639 959 2682 munia
973 2655 1048 2682 sua
1062 2640 1246 2696 exsequi.
1281 2640 1492 2696 Sequitur,
1514 2647 1524 2664 ‘
1538 2655 1634 2682 nam

230 2703 240 2719 ‘
263 2701 307 2738 et
339 2696 535 2738 membris
574 2704 617 2739 et
656 2696 796 2738 officiis
829 2697 1070 2740 mulieribus
1108 2698 1407 2755 resignantur,'
1440 2699 1518 2741 hoc
1557 2704 1635 2749 est,

228 2753 468 2796 mulieribus
497 2769 639 2796 omnes
667 2753 945 2811 assignantur,
976 2755 1055 2807 vel,
1086 2755 1425 2798 adnumerantur.
1501 2757 1635 2798 Porro

226 2817 373 2854 auctor
407 2812 535 2854 habet
566 2811 610 2853 in
638 2811 708 2854 lib.
730 2825 757 2853 1.
787 2811 843 2854 ad
877 2813 1075 2863 Uxorem,
1098 2820 1107 2836 ‘
1129 2813 1277 2856 Carnis
1307 2813 1636 2872 concupiscentia

164 2879 214 2918 45
227 2869 376 2912 aetatis
396 2869 528 2912 officia
548 2868 762 2912 defendit?
783 2883 871 2927 cap.
888 2885 928 2924 4.
