2034 3204
394 246 461 289 IN
495 246 742 288 FIRMlL.
775 246 861 288 AD
897 246 1270 288 S.CYPR1AN.
1305 246 1506 288 EPIST.
1567 247 1653 291 259

247 353 394 406 πέμπει
429 354 504 396 διο.
579 353 786 411 Rigaltius
815 352 887 402 ait,
917 352 1139 410 legendum
1172 352 1348 402 videtur,
1380 354 1469 395 eive
1503 369 1654 395 sacra-

249 419 435 453 mentum
467 412 620 454 solitae
642 412 912 468 precationis
945 412 1126 467 offerret.
1199 411 1529 453 Sacramentum
1555 426 1656 466 pre-

247 470 436 511 cationis
475 468 586 520 dicit,
623 468 966 525 quemadmodum
1009 467 1301 516 Tertullianus,
1338 476 1656 510 sacramentum

249 527 472 568 orationis.
526 526 762 569 FELLUS.
815 525 1145 568 Eruditissimum
1162 525 1271 567 hune
1289 525 1420 567 virum
1442 525 1558 582 sequi
1579 539 1656 582 par

210 590 236 629 5
250 583 341 632 fuit,
363 583 427 624 cui
449 589 491 625 et
511 583 552 624 in
574 584 651 626 hac
678 599 725 626 re
751 583 1054 640 obtemperavit
1074 583 1373 632 Tillemontius,
1396 584 1523 625 Mem.
1547 583 1655 624 Ecel.

249 640 293 682 in
314 640 414 683 Vita
435 641 676 690 Firmiliani,
698 647 795 684 tom.
818 655 874 690 1v,
896 656 934 697 p.
956 653 1052 697 129.
1078 641 1143 683 ed.
1173 641 1343 682 Bruxel.
1406 641 1656 683 Particulam

249 697 379 755 igitur
400 698 648 754 negativam,
670 713 776 754 quae
804 698 846 740 in
870 704 987 741 textu
1010 698 1233 740 Baluziano
1261 713 1479 755 perperam
1510 698 1658 740 omissa

251 761 327 804 est,
361 756 499 798 verbis
538 756 744 812 praemisi,
780 771 907 812 quum
947 755 990 797 in
1029 771 1128 798 voce
1166 756 1438 798 antecedente
1473 757 1658 798 Domino

252 813 346 854 olim
387 814 584 870 absorpta
622 813 745 855 fuisse
785 814 928 856 eadem
972 813 1194 856 videretur.
1270 814 1567 856 Verumtamen
1607 814 1657 854 cl.

191 881 239 907 10
253 871 429 913 Marano
458 871 499 912 in
523 871 606 914 Vit.
629 886 705 914 sua
727 871 926 936 Cypriani
955 886 1006 913 ex
1033 871 1259 914 imitatione
1281 872 1534 914 Graecorum
1566 877 1660 913 orta

252 928 402 970 locutio
438 928 615 971 videtur.
675 929 716 970 Is
747 929 900 971 ibidem
931 943 1142 985 opponens
1171 944 1216 971 se
1247 929 1444 986 Rigaltio,
1475 929 1545 985 qui
1582 943 1660 985 pro

253 985 432 1035 vocibus,
463 988 554 1028 sine
587 995 857 1029 sacramento
891 988 1045 1029 solitae
1073 988 1436 1042 praedicationis,
1473 986 1661 1028 voluerat

252 1058 408 1100 ponere
427 1045 515 1086 sive
534 1052 852 1086 sacramentum
870 1045 1025 1086 solitae
1047 1046 1328 1100 precationis,
1351 1059 1401 1086 ex
1426 1044 1579 1086 Basilio
1600 1045 1659 1086 M.

253 1115 422 1142 monere
453 1102 605 1158 pergit,
641 1108 650 1125 ‘
674 1101 824 1143 Preces
856 1101 898 1142 in
930 1101 1127 1143 sacrificio
1163 1102 1252 1144 fieri
1285 1101 1429 1144 solitae
1461 1108 1661 1144 vocantur

194 1164 267 1208 15‘
290 1159 401 1214 apud
442 1159 565 1201 Basil.
600 1159 678 1215 Ep.
715 1158 830 1208 ccxli,
863 1160 1174 1210 ἑκκλησιαστικὸ.
1208 1161 1448 1214 κηρύγματα,
1481 1161 1662 1215 praedi·

257 1223 267 1240 ‘
288 1217 478 1258 cationes
497 1217 838 1259 ecclesiasticae!
869 1231 909 1272 p.
931 1216 1064 1258 cxviii.

316 1274 363 1315 P.
384 1286 479 1326 240.
502 1274 528 1315 l.
550 1286 615 1330 25.
638 1274 762 1330 Apud
782 1274 902 1330 quos]
932 1273 1190 1316 Haereticos.

315 1331 362 1372 P.
393 1343 489 1382 241.
524 1331 551 1373 l.
577 1343 617 1372 2,
655 1331 732 1373 nisi
772 1331 805 1372 si
845 1346 871 1373 a
908 1331 1074 1374 Christo
1116 1330 1316 1388 Spiritum
1352 1331 1507 1388 induit]
1546 1332 1661 1374 Haec

257 1387 421 1454 scripsit
449 1388 492 1430 in
522 1388 608 1430 loco
638 1389 730 1445 plus
760 1388 885 1430 semel
915 1395 1143 1430 memorato
1164 1389 1212 1430 cl,
1236 1389 1460 1431 Mar-anus:
1494 1397 1503 1412 ‘
1523 1390 1662 1440 Quum

195 1450 271 1487 20‘
291 1445 546 1488 existimaret
567 1445 828 1488 Firmilianus
857 1445 1116 1489 adversarios
1141 1461 1235 1488 suos
1266 1446 1308 1487 in
1329 1446 1532 1503 baptismo
1562 1447 1662 1488 foris

259 1510 269 1527 ‘
291 1504 344 1545 ab
368 1503 520 1546 adultis
545 1509 734 1560 suscepto
757 1503 914 1546 Christi
939 1504 1118 1561 gratiam
1146 1518 1385 1561 agnoscere,
1411 1504 1468 1546 sic
1499 1519 1569 1547 eos
1598 1519 1664 1546 re-

258 1567 268 1584 ‘
290 1560 408 1610 fellit,
443 1562 565 1603 Nam
598 1562 639 1604 ci
671 1576 756 1604 non
790 1562 1250 1618 „militur—Spiritus
1281 1563 1482 1604 Sanctus.
1551 1562 1664 1605 Illud

259 1623 271 1643 ‘
290 1619 380 1661 ‘nisi
409 1620 450 1661 εἰ
484 1634 514 1661 a
554 1620 724 1662 Christo
758 1620 975 1675 Spiritum
1007 1621 1168 1668 induit,
1200 1620 1309 1662 idem
1342 1620 1454 1661 valet
1487 1634 1535 1661 ae
1571 1627 1665 1676 post

260 1683 271 1700 ‘
294 1675 525 1726 Christum;
546 1691 622 1718 nee
642 1676 865 1733 probabilis
884 1683 947 1719 est
966 1677 1204 1733 conjectura
1221 1677 1392 1720 Cane-hii
1414 1684 1457 1719 et
1477 1678 1662 1726 Pamelii,

197 1740 271 1785 25‘
293 1733 363 1790 qui
402 1734 622 1788 legendum
657 1740 820 1791 putant,
857 1735 964 1777 Nisi
991 1737 1032 1777 si
1065 1750 1096 1776 a
1131 1736 1301 1778 Christo
1332 1736 1549 1791 Spiritum
1579 1751 1664 1777 non

261 1797 273 1816 ‘
293 1792 466 1833 induit)
538 1792 656 1842 Quae
691 1791 857 1834 Marani
896 1792 997 1834 mihi
1035 1792 1201 1848 quidem
1240 1793 1355 1835 haud
1393 1792 1664 1835 satisfaciunt.

263 1848 375 1900 Quid
396 1848 429 1890 si
449 1863 533 1891 non
552 1851 674 1891 ducit
697 1849 798 1891 latet
818 1850 860 1891 in
880 1864 978 1891 voce
998 1851 1144 1892 induit
1157 1850 1181 1892 f

320 1905 424 1948 Ibid.
447 1906 475 1948 l.
491 1918 558 1956 24.
580 1907 727 1962 Neque
747 1907 856 1948 enim
876 1907 1030 1949 multae
1051 1913 1147 1949 sunt
1166 1921 1340 1963 sponsae
1362 1906 1538 1963 Christi]
1562 1908 1666 1950 Ver-

263 1964 360 2005 bum
382 1971 481 2006 sum
501 1963 642 2006 addidi
661 1979 713 2005 ex
734 1963 961 2007 Bodleiano
980 1979 1028 2006 ae
1049 1964 1157 2006 Novi
1180 1964 1352 2022 Collegii
1373 1965 1510 2007 MSto.

198 2037 252 2074 30
324 2021 370 2062 P.
390 2033 486 2073 242.
507 2021 536 2062 l.
556 2034 622 2073 29.
648 2021 718 2064 Sic
749 2027 792 2064 et
820 2036 895 2064 nos
925 2021 1132 2078 similiter]
1166 2023 1345 2064 Textum
1377 2037 1552 2072 sacrum,
1584 2023 1668 2080 Cyn

265 2078 481 2135 prianique
505 2078 676 2121 Codices
697 2079 878 2136 quinque
899 2079 942 2121 in
962 2094 1050 2122 var.
1073 2080 1184 2122 lectt.
1206 2080 1303 2122 edit.
1333 2080 1470 2122 Oxou.
1492 2095 1667 2122 comme-

266 2142 448 2178 moratos
466 2142 645 2186 secutus,
666 2151 742 2179 nos
762 2152 837 2193 pro
858 2152 931 2180 vos
949 2137 1266 2194 imprimendum
1288 2138 1442 2180 curavi.

326 2194 374 2236 P.
406 2206 502 2248 243.
537 2193 564 2236 l.
598 2207 636 2236 2.
672 2195 983 2252 convertantur]
1020 2195 1086 2237 De
1126 2195 1278 2238 celebri
1317 2195 1557 2252 quaestione
1592 2194 1670 2236 hoc

267 2265 394 2294 unum
414 2252 614 2302 moneb03
644 2251 823 2294 existere
849 2259 1098 2310 argumenta
1127 2254 1180 2295 ab
1207 2253 1340 2296 altera
1366 2259 1488 2310 parte
1511 2259 1670 2308 tempo-

202 2323 255 2362 35
268 2308 383 2351 ribus
403 2308 482 2350 illis
507 2309 646 2359 allata,
668 2310 816 2365 quibus
836 2310 871 2351 F
873 2310 1065 2352 irmiliani
1091 2325 1340 2367 suorumque
1366 2310 1548 2354 rationes
1575 2325 1670 2352 con-

268 2366 490 2415 velluntur,
510 2372 554 2409 et
576 2367 801 2424 baptismus
820 2368 984 2410 nomine
1005 2369 1048 2411 S.
1066 2368 1282 2410 Trinitatis
1301 2383 1327 2411 a
1346 2369 1490 2425 quovis
1514 2368 1671 2410 admin-

269 2423 371 2466 istro
402 2424 633 2466 celebratus
661 2424 864 2474 firmatur,
892 2440 982 2467 cum
1013 2426 1124 2474 alibi,
1146 2431 1233 2468 tum
1265 2427 1308 2468 in
1337 2426 1671 2468 adnotationibus

272 2482 315 2524 S.
330 2481 552 2538 Augustini
571 2482 625 2524 ad
648 2482 991 2540 Carthaginiense
1012 2483 1231 2540 septimum
1254 2484 1493 2526 Concilium.
1555 2483 1672 2525 Ilaec

270 2539 313 2581 in
333 2539 449 2581 libris
472 2539 655 2596 ejusdem
674 2540 805 2596 pat-ris
825 2540 877 2582 de
898 2541 1110 2597 Baptismo
1131 2541 1213 2606 legi
1234 2548 1416 2598 possunt

206 2616 260 2650 40
331 2597 393 2638 lb.
414 2597 441 2638 l.
461 2607 527 2651 27.
548 2597 805 2640 manifestam
828 2598 1030 2654 Stephani
1050 2598 1282 2655 stultitiam]
1306 2600 1429 2640 Hunc
1450 2603 1562 2640 certe
1583 2598 1674 2639 Fir-

272 2653 461 2696 milianus
492 2654 658 2697 minime
689 2655 880 2712 opinatus
911 2662 974 2698 est
1005 2656 1130 2698 fuisse
1162 2656 1434 2698 universalem
1467 2655 1675 2698 Ecclesiae

271 2717 493 2769 pastorem,
515 2717 557 2754 et
577 2712 948 2755 controversiarum
967 2713 1221 2755 infallibilem
1235 2714 1430 2770 judicem,
1447 2714 1562 2769 cujus
1581 2727 1676 2770 per-

273 2784 414 2811 sonam
435 2775 478 2811 et
501 2769 779 2812 definitionem
803 2776 889 2812 tam
919 2770 1136 2813 inciviliter
1165 2772 1374 2814 tractavit.
1437 2771 1675 2813 FELLUS.

275 2827 367 2869 Hoc
391 2827 564 2884 pulchre
592 2827 706 2877 vidit,
727 2833 775 2870 ut
799 2828 893 2870 olim
915 2829 1189 2886 Raymundus
1210 2829 1437 2878 Missorius‚
1458 2829 1516 2871 sie
1543 2843 1675 2884 nuper

211 2901 262 2940 45
275 2884 378 2927 alius
417 2899 580 2941 quoque
616 2886 828 2929 Romanae
867 2886 1161 2928 communionis
1197 2887 1401 2936 sacerdos,
1437 2887 1676 2943 Stephanus

946 2959 966 2985 s
984 2946 1012 2984 2
