1988 3216
680 229 721 271 S.
753 228 1138 271 HIPPOLYTUS.
1558 227 1614 270 47

255 334 275 364 ὓ
295 335 493 383 Eusebius,
514 347 568 374 v1.
596 348 656 384 22,
685 339 774 388 post
794 334 1000 386 Hippolyti
1029 337 1076 373 εἰς
1104 336 1164 381 τὴν
1181 334 1398 383 Ἐεαήμερον,
1424 346 1501 372 non
1530 334 1613 384 ejus

201 400 530 440 Commentarium
549 401 589 439 in
610 401 801 448 Exodum,
821 400 887 439 sed
907 402 955 438 εἷς
971 402 1014 438 τὸ
1037 401 1122 447 μετὰ
1140 401 1201 447 τὴν
1217 400 1427 449 Ἐξαῆμερον
1448 412 1614 438 comme-

200 470 326 505 morat
343 479 350 504 :
373 465 498 505 Rufin.
516 466 563 504 im.
579 466 848 508 Hewaemeron
862 471 895 504 et
913 478 959 504 ea
973 470 1170 516 quaepoet
1188 465 1457 504 Hwaemercm
1469 465 1614 515 compta

199 537 301 571 ewra.
361 530 437 570 Sed
458 530 722 582 Hieronymus
739 530 983 582 peculiariter
1004 530 1124 570 etiam
1143 530 1282 569 deinde
1300 530 1479 569 meminit
1498 529 1613 569 Com-

164 596 380 645 5mentarii
404 596 448 637 in
465 596 655 645 Genesim
686 600 726 637 et
747 596 929 648 quoniam
956 596 1068 647 plura
1097 595 1359 646 Hieronymus
1386 595 1530 646 scripta
1556 608 1615 635 re-

201 662 276 702 fert
302 674 401 713 quae
428 675 469 701 se
496 662 552 701 ait
580 661 776 713 reperisse,
804 666 845 701 et
876 662 925 702 de
957 661 1099 714 quibus
1127 661 1319 702 Eusebius
1344 661 1445 709 silet,
1476 661 1615 701 Hiero-

204 726 310 778 nymi
339 726 454 769 fidem
487 726 558 767 hac
590 726 631 767 in
663 731 774 778 parte
805 726 1020 767 sollicitam
1042 739 1119 767 non
1152 730 1211 766 est
1243 725 1339 766 adeo
1372 726 1413 765 in
1444 730 1612 778 promtu.
1668 745 1677 756 ·

202 791 437 843 Fragmenta
455 804 504 831 ex
524 791 822 832 Commentariis
846 791 887 831 in
911 791 1182 832 Hexaemeron
1206 796 1301 832 tom.
1324 802 1368 830 11.
1392 791 1492 843 Opp.
1516 792 1615 844 Hip-

201 856 331 909 polyti,
351 869 388 909 p.
414 869 474 895 22.
505 869 581 908 seq.
610 862 649 896 et
670 870 731 907 33.
760 870 836 909 seq.
898 856 1102 911 [Emodmm
1116 857 1372 898 substitutum
1400 857 1517 897 misae
1543 871 1615 909 pro

142 933 190 960 10
201 923 319 965 verbo
338 922 504 974 repetito
521 923 729 973 *Εξαὴμερον
746 928 883 965 censet«
893 923 940 964 el.
958 923 1173 980 vallarsius
1186 923 1229 963 in
1246 923 1338 963 edit.
1355 936 1427 963 sua
1442 922 1615 976 Operum

202 988 240 1027 S.
258 987 499 1039 Hieronymi.
558 987 669 1027 Nihil
687 988 749 1027 hic
767 988 895 1036 habet,
914 992 1017 1031 teste
1031 988 1178 1036 eodem,
1199 988 1332 1029 Codex
1352 987 1616 1043 Veronensis]

254 1060 272 1080 θ
291 1054 351 1092 Εἷς
368 1055 408 1090 τὸ
425 1051 532 1101 ᾆσμα.
588 1053 726 1092 Euseb.
750 1053 949 1105 Syncellus
969 1068 976 1093 ε
1008 1056 1056 1093 εἷς
1072 1056 1115 1092 τὰ
1133 1054 1285 1103 ᾅσματα.
1346 1053 1386 1092 N
1388 1053 1590 1105 icephorufl
1606 1068 1615 1092 ε

202 1120 250 1158 εἷς
262 1120 307 1156 ,τὸ
325 1116 423 1166 ᾆσμα
440 1123 507 1157 τῶν
530 1120 702 1168 donati-u.
764 1119 1043 1170 Fragmentum
1066 1120 1235 1160 servavit
1254 1120 1292 1159 S.
1310 1119 1539 1159 Anastasius
1558 1118 1617 1158 Si-

203 1183 318 1231 nnita,
339 1183 573 1233 Quam-241·

142 1253 191 1294 15
257 1246 272 1276 f
292 1248 451 1293 Hieron.
468 1247 584 1300 praef.
599 1249 639 1288 in
655 1249 886 1291 Zachariam.
920 1254 929 1270 ‘
944 1250 1185 1302 Hippolytus
1197 1264 1350 1302 quoque
1369 1250 1491 1289 edidit
1503 1250 1617 1290 Com-

205 1316 215 1333 ‘
230 1313 464 1357 montarioa'
521 1314 765 1365 Nicephorum
785 1325 839 1352 ιν.
859 1327 921 1362 31-
943 1317 991 1354 εἷς
1009 1318 1190 1364 Ζαχαρίαν.

259 1389 281 1418 g
310 1378 460 1419 Mentio
480 1379 854 1419 Commentariorum
875 1381 914 1419 in
937 1381 1106 1420 Psalmos
1132 1382 1172 1420 in
1192 1382 1376 1421 laterculo
1402 1395 1617 1422 marmoreo

204 1443 270 1495 qui
294 1443 440 1483 Canoni
470 1445 640 1484 Paschali
673 1445 911 1497 Hippolyteo
940 1446 1144 1498 adjunctus
1173 1446 1323 1498 legitur.
1386 1447 1618 1499 Fragmenta

204 1521 254 1548 ex
271 1508 407 1549 iisdem
426 1509 514 1549 dedi
529 1514 622 1549 tom.
642 1522 667 1548 1.
685 1510 858 1562 Operum
874 1510 1032 1562 Hippol.
1050 1524 1086 1562 p.
1106 1512 1182 1560 269
1202 1524 1278 1562 seq.
1339 1509 1500 1564 [Itidem
1515 1512 1618 1563 apud

143 1587 193 1613 20
207 1573 465 1626 Hippolytum
486 1575 754 1615 Fabricianum
773 1581 928 1615 exstant
947 1576 1108 1616 notitiae
1128 1576 1505 1616 Commentariorum
1524 1577 1617 1629 ejus,

205 1639 271 1691 qui
300 1639 362 1679 hic
390 1641 439 1679 ab
463 1640 703 1692 Hieronymo
732 1645 1006 1689 memorantur,
1027 1641 1066 1680 in
1091 1641 1256 1690 Esaiam,
1278 1642 1491 1690 Danielem,
1512 1643 1618 1694 Apo-

205 1704 386 1757 calypsin,
417 1705 696 1753 Ecclesiastem,
716 1706 763 1744 de
793 1706 884 1744 Saul
914 1712 953 1744 et
982 1706 1221 1757 Pythonissa‚
1245 1707 1336 1753 sive,
1357 1709 1405 1746 αἰ·
1429 1709 1490 1754 τὴν
1514 1710 1616 1757 ε’γγα.

206 1769 420 1825 στρίμυθον.]

259 1834 280 1863 ¹⁵
311 1835 388 1875 Hie
410 1836 507 1876 liber
528 1836 576 1875 de
595 1836 837 1876 Antichristo
856 1836 1006 1888 integer
1025 1843 1153 1877 exstat
1175 1838 1215 1876 in
1235 1838 1358 1878 lucem
1379 1838 1551 1889 prolatus
1569 1838 1618 1877 ab

144 1912 194 1951 25
206 1900 347 1953 insigni
365 1901 449 1941 viro
464 1901 697 1954 Marquardo
713 1902 842 1942 Gudio
862 1916 870 1941 ε
899 1916 1025 1954 quem,
1045 1909 1198 1954 praeter
1218 1903 1410 1951 Photium,
1425 1904 1507 1942 cod.
1528 1916 1617 1950 202,

206 1966 382 2018 legerunt
405 1971 539 2006 auctor
564 1967 731 2007 Catenae
757 1967 797 2005 in
815 1967 957 2006 Jerem.
981 1968 1071 2006 xvii.
1092 1981 1107 2005 1
1120 1981 1151 2015 1,
1168 1967 1344 2007 Andreas
1363 1968 1619 2008 Caesariensis

206 2032 254 2071 ad
274 2030 545 2084 Apocalypsin,
565 2032 716 2084 aliique,
736 2037 781 2071 ut
799 2032 847 2070 ad
867 2032 976 2071 illum
996 2032 1137 2071 librum
1158 2033 1298 2072 notavi.

260 2095 271 2123 ἰ
288 2099 367 2146 περὶ
385 2098 606 2137 ἀναστάσεως
624 2100 678 2135 καὶ
702 2098 909 2146 ἀφθαρσίας.
968 2096 1118 2136 Mentio
1143 2097 1182 2135 in
1208 2098 1392 2137 laterculo
1412 2098 1618 2150 Hippolyti

208 2173 422 2200 marmoreo
442 2166 481 2201 et
499 2162 601 2213 apud
621 2162 869 2201 Anastasium
890 2161 1088 2210 Sinaitam,
1109 2163 1175 2214 qui
1201 2163 1460 2215 fragmentum
1479 2164 1619 2204 exinde

143 2238 196 2275 3ο
207 2225 319 2265 affert
337 2226 378 2264 in
399 2226 577 2278 Hodego,
597 2240 633 2278 p,
653 2228 742 2276 356.

263 2289 284 2318 k
315 2290 452 2330 Euseb.
484 2303 538 2330 v1.
565 2304 625 2331 22.
655 2294 742 2342 πρὸς
770 2293 961 2340 Μαρκίωνα.
1021 2292 1264 2344 Nicephorus
1292 2305 1346 2332 1v.
1370 2307 1432 2343 31.
1463 2295 1618 2344 ἆντιῤῥη-

207 2357 300 2393 τικὸν
310 2358 398 2405 πρὸς
411 2358 594 2406 Μαρκίωνα
611 2357 790 2409 appellat.
851 2357 982 2396 Etiam
1001 2370 1024 2396 a
1038 2357 1280 2398 Theodoreto
1300 2359 1364 2398 lib.
1381 2371 1406 2398 1.
1423 2360 1472 2398 de
1490 2360 1620 2400 haere-

206 2421 294 2460 ticis
312 2421 450 2461 fabulis
470 2423 708 2475 Hippolytus
726 2423 906 2462 laudatur
930 2422 1032 2462 inter
1061 2437 1126 2463 eos
1150 2426 1216 2477 qui
1237 2425 1473 2465 Marcionem
1495 2428 1621 2476 ἄριστα

208 2488 263 2524 καὶ
290 2490 481 2536 σοφώτατα
507 2489 764 2528 confutarunt.
823 2488 1035 2539 Syncellus,
1055 2502 1091 2540 p.
1115 2493 1206 2539 358,
1232 2491 1287 2530 ait
1312 2491 1507 2542 scripsisse
1534 2495 1621 2541 πρὸς

145 2559 196 2599 35
209 2554 393 2601 Μαρκίωνα
411 2555 464 2591 καὶ
483 2556 543 2593 τὰς
560 2557 683 2594 λοιπὰς
700 2556 857 2604 αἱρέσεις.

262 2615 272 2644 ¹
300 2617 489 2657 Eusebius
521 2619 714 2658 diversum
750 2633 774 2658 a
806 2620 961 2660 Canone
1000 2621 1169 2660 Paschali
1207 2634 1303 2672 opus
1346 2627 1622 2661 commemorat

211 2682 418 2734 Hippolyti
446 2686 525 2734 περὶ
552 2689 614 2722 τοῦ
642 2688 783 2734 Πάσχα,
813 2687 917 2737 quod
947 2686 1109 2725 Rufinus
1137 2686 1177 2724 in
1205 2699 1274 2724 sua
1302 2687 1486 2734 versione,
1515 2687 1621 2726 velut

210 2747 314 2787 idem
341 2760 423 2788 esse
451 2754 569 2797 ratus,
599 2750 739 2790 omisit.
800 2751 876 2790 Sed
906 2752 1047 2790 rectius
1077 2751 1348 2803 Hieronymus,
1379 2752 1622 2804 Nicephorus

211 2816 251 2852 et
269 2812 334 2852 alii
348 2813 522 2865 juniores
541 2815 698 2854 Eusebii
717 2815 833 2855 fidem
852 2816 984 2856 secuti.
1044 2817 1321 2868 Fragmentum
1340 2831 1389 2856 ex
1407 2818 1506 2855 libro
1523 2818 1621 2869 Hip-

150 2897 200 2932 40
212 2879 336 2931 polyti
360 2879 408 2918 de
432 2880 614 2920 Paschate
639 2886 833 2920 servatum
858 2882 898 2920 in
925 2882 1116 2922 Chronico
1141 2882 1321 2930 Paschali,
1342 2897 1377 2934 p.
1397 2884 1431 2921 6.
1454 2889 1492 2922 ct
1518 2883 1622 2921 aliud
1650 2910 1658 2916 .
