1988 3216
529 266 762 308 CONTRA
800 265 1102 308 HAERESIM
1138 265 1330 308 NOETI.

1574 265 1632 307 63

230 373 422 443 Πατέρα
460 379 637 441 γνῶναι
675 374 808 444 δύνῃ·
871 373 948 426 διὰ
985 374 1080 444 γὰρ
1124 376 1210 439 τῆς
1253 372 1430 429 εἰκόνος
1468 374 1632 438 ὁμοίας

223 459 562 529 τυγχανούσης
582 461 854 526 εὕγνωστος
878 461 904 512 ὁ
925 457 1097 527 Πατὴρ
1122 459 1315 526 γίνεται.
1385 462 1444 511 Εἰ
1471 457 1519 510 δὲ
1543 456 1633 523 τὴν

225 543 398 608 εἰκόνα,
427 546 528 611 ἥτις
553 546 686 599 ἔστιν
711 547 737 598 ὁ
761 544 894 610 Υἱὸς,
918 546 1003 598 οὐκ
1027 544 1189 612 ἔγνως,
1214 548 1318 600 πῶς
1342 546 1454 596 ἰδεῖν
1479 542 1633 599 θέλεις

225 627 310 682 τὸν
338 630 533 699 Πατέρα
554 653 568 694 3
603 629 719 683 Ὅτι
743 632 871 684 ταῦτ’
894 632 1043 687 οὕτως
1066 630 1173 699 ἔχει,
1192 628 1254 683 τὰ
1278 630 1538 695 ἐπικείμενα
1563 631 1633 699 τῷ

189 736 212 775 5
226 716 473 786 κεφαλαίῳ
503 719 579 769 καὶ
606 718 882 782 ὑποκείμενα
907 714 1125 780 ἀπολύει,
1159 714 1279 791 [fors.
1307 713 1517 787 ἐπιλύει]
1546 713 1633 768 τὸν

224 802 530 869 προκείμενον
546 801 666 855 Υἰὸν
682 801 1047 869 ἀπεσταλμένον
1060 800 1193 870 παρὰ
1210 800 1404 870 Πατρὸς
1420 803 1497 853 καὶ
1509 800 1632 870 πρὸς

229 886 424 955 Πατερα
447 886 762 956 πορευόμενον
787 888 1100 953 σημαίνονται
1131 887 1240 962 [cor.
1261 885 1613 960 σημαίνοντα]

299 969 360 1038 η’.
407 972 588 1024 Πολλα
627 973 675 1026 δὲ
713 976 790 1025 καὶ
828 974 978 1042 ἕτερα,
1006 967 1202 1039 μᾶλλον
1228 972 1275 1026 δε
1304 971 1464 1026 πάντα
1499 974 1633 1026 ἐστὶν

223 1063 556 1126 μαρτυροῦντα
586 1082 646 1127 τῃ
673 1060 885 1129 ἀληθεία.

966 1058 1212 1126 Ἀνάγκην
1235 1059 1319 1111 οὖν
1344 1059 1437 1129 ἔχει
1462 1081 1539 1110 και
1564 1082 1632 1124 μη

166 1164 212 1188 ιο
224 1141 380 1194 θέλων
430 1143 684 1209 ὁμολογεῖν
731 1143 925 1211 Πατέρα
965 1141 1092 1195 Θεὸν
1131 1142 1512 1213 παντοκράτορα,
1555 1145 1633 1196 καὶ

226 1226 445 1295 Χριστὸν
481 1228 676 1293 Ἰησοῦν
713 1226 834 1281 Υὶὸν
873 1232 999 1280 Θεοῦ
1039 1228 1165 1282 Θεὸν
1202 1229 1457 1298 ἄνθρωπον
1494 1227 1630 1295 γενό·

224 1335 385 1378 μενον,
415 1311 452 1383 ᾧ
478 1311 637 1366 πάντα
665 1311 837 1382 Πατὴρ
862 1312 1062 1382 ὑπέταξε
1097 1313 1330 1382 παρεκτὸς
1353 1315 1522 1367 ἑαυτοῦ
1555 1316 1632 1367 καί

228 1397 506 1463 Πνεύματος
556 1399 710 1464 ἁγίου,
753 1401 829 1450 καὶ
867 1398 1064 1454 τούτους
1100 1397 1214 1451 εἰναι
1257 1401 1405 1455 οὕτως
1448 1398 1631 1472 [legebat

223 1485 372 1541 ὅντως
386 1485 626 1558 Turrianus]
651 1485 774 1552 τρία.

856 1487 914 1536 Εἰ
941 1483 989 1535 δὲ
1012 1483 1238 1545 βούλεται
1263 1488 1428 1549 μαθεῖν
1445 1491 1550 1543 πῶς
1567 1486 1632 1544 εἷς

165 1586 210 1625 ¹5
225 1571 348 1628 Θεὸς
373 1572 717 1634 ἀποδείκνυται,
745 1566 1022 1637 γινωσκέτω
1056 1570 1126 1622 ὅτι
1164 1572 1250 1635 μία
1289 1569 1484 1637 δύναμις
1521 1571 1631 1625 τού-

220 1680 325 1721 του,
354 1656 432 1709 καί
470 1656 590 1710 ὅσον
615 1656 702 1721 μὲν
734 1654 856 1708 κατὰ
890 1654 978 1721 τὴν
1012 1655 1228 1720 δύναμιν,
1255 1654 1319 1711 εἷς
1355 1657 1458 1710 ἐστι
1486 1657 1627 1723 Θεὸς,

222 1743 342 1796 ὅσον
368 1742 417 1795 δὲ
457 1740 577 1795 κατὰ
613 1739 702 1806 τὴν
728 1743 1012 1806 οἰκονομίαν,
1035 1740 1200 1811 τριχὴς
1229 1741 1338 1816 [cor.
1364 1742 1569 1818 τριχῶς]
1599 1745 1629 1810 ἡ

220 1825 456 1896 ἐπίδειξις,
498 1830 559 1882 ὡς
614 1827 814 1896 ὕστερον
865 1826 1259 1896 ἀποδειχθήσεται
1307 1829 1629 1882 ἀποδιδόντων

220 1914 354 1980 ἡμῶν
372 1914 477 1980 περὶ
502 1913 725 1978 ἀληθείας
750 1912 918 1978 λόγον.

220 2066 318 2100 trem
335 2073 572 2111 cognoscere.
602 2059 675 2097 Per
688 2059 894 2109 imaginem

221 2115 323 2153 enim
361 2128 457 2165 quae
495 2113 630 2151 similis
668 2119 736 2159 est,
767 2118 895 2164 potest

220 2169 329 2207 facile
349 2169 463 2207 Pater
482 2167 669 2218 cognosci.
716 2167 783 2205 Sin
804 2181 895 2205 vero

220 2223 439 2274 imaginem,
459 2236 557 2274 quae
582 2227 639 2260 est
665 2222 797 2268 Filius,
817 2235 894 2259 non

220 2277 444 2328 cognovisti,
457 2276 650 2328 quomodo
664 2276 722 2314 vis
742 2275 895 2314 Patrem

220 2332 381 2370 videre?
419 2331 533 2380 Quod
562 2336 692 2369 autem
719 2330 812 2368 haec
841 2330 896 2369 ita

220 2386 309 2434 sint,
340 2399 437 2437 quae
474 2386 513 2423 in
552 2385 635 2436 ipso
669 2385 793 2436 capite
830 2385 895 2422 ad-

214 2441 318 2492 jecta
333 2446 372 2479 et
391 2440 561 2490 subjecta
573 2445 674 2487 sunt,
690 2439 894 2490 explicant,

220 2507 318 2546 quae
345 2494 572 2546 significant,
594 2494 736 2532 Filium
755 2507 895 2544 propo-

219 2550 367 2587 eitum*
398 2549 562 2591 mmm
590 2562 664 2587 esse
691 2562 718 2587 a
744 2546 895 2587 Patreb

221 2609 260 2642 et
279 2604 334 2642 ad
350 2604 510 2641 Patrem
528 2603 584 2640 ire
593 2610 618 2640 ⁰.

276 2656 394 2696 VIII.
422 2657 548 2696 Multa
571 2657 656 2704 alia,
676 2657 796 2695 immo
815 2670 896 2695 om-

221 2712 285 2751 nia
312 2711 400 2750 huic
418 2711 572 2750 veritati
600 2711 893 2762 adstipulantur.

221 2766 387 2805 Necesse
417 2779 508 2816 ergo
542 2771 611 2812 est,
644 2770 689 2804 ut
721 2765 896 2816 quamvis

221 2820 328 2867 nolit,
348 2820 576 2858 confiteatur
596 2819 749 2858 Patrem
770 2820 895 2858 Deum

266 2931 279 2945 ⁸
296 2918 392 2955 Rom.
409 2924 454 2954 iii.
473 2933 521 2961 25.

593 2922 608 2943 ὓ
630 2923 709 2954 Joh.
725 2934 755 2954 v,
777 2933 826 2962 30.
855 2923 919 2954 viii.
942 2923 988 2955 ¹6.
1007 2924 1054 2954 18.
1070 2925 1127 2955 ὰο.

982 1916 1149 1965 Ταῦτα
1174 1912 1259 1978 μὲν
1289 1915 1388 1974 οὖν,
1406 1916 1626 1985 ἀδελφοὶ,

951 2058 1267 2110 omnipotentem,
1288 2066 1326 2098 et
1346 2059 1544 2099 Christum
1564 2061 1588 2098 J
1592 2075 1630 2099 e-

951 2126 1036 2150 sum
1058 2113 1200 2151 Filium
1225 2114 1309 2161 Dei,
1331 2114 1458 2152 Deum
1484 2114 1627 2153 factum

950 2167 1156 2214 hominem,
1177 2168 1238 2206 cui
1257 2169 1386 2206 onmia
1406 2168 1521 2207 Pater
1539 2170 1627 2207 sub-

945 2222 1040 2272 jecit
1077 2227 1230 2273 praeter
1266 2236 1317 2269 se,
1356 2229 1395 2262 et
1438 2222 1627 2274 Spiritum

951 2276 1135 2314 Sanctum
1151 2291 1162 2324 ;
1192 2283 1230 2316 et
1249 2277 1319 2315 hos
1338 2291 1419 2316 esse
1434 2291 1522 2316 vere
1536 2284 1625 2317 tres.

951 2330 1065 2379 Quod
1094 2331 1126 2369 si
1146 2332 1229 2370 vult
1248 2332 1344 2370 scire
1363 2333 1556 2383 quomodo
1586 2346 1628 2370 u-

951 2398 1022 2422 nus
1061 2385 1167 2423 Deus
1204 2386 1501 2434 demonstratur,
1533 2388 1629 2426 sciat

951 2452 1067 2478 unam
1087 2454 1167 2478 esse
1186 2440 1372 2479 virtutem
1391 2441 1471 2479 sive
1494 2447 1629 2492 poten-

950 2494 1045 2532 tiam
1064 2494 1178 2545 hujus
1194 2508 1205 2542 3
1234 2500 1273 2533 et
1284 2500 1473 2546 quantum
1491 2496 1540 2533 ad
1553 2496 1628 2534 vir-

950 2554 1076 2588 tutem
1094 2549 1272 2600 pertinet,
1292 2563 1392 2588 unus
1414 2556 1472 2588 est
1493 2550 1598 2588 Deus
1616 2564 1628 2598 5

951 2609 1139 2654 quantum
1182 2617 1272 2642 vero
1323 2604 1372 2642 ad
1423 2604 1627 2644 incarnati-

951 2671 1064 2696 onem
1089 2657 1269 2708 pertinet,
1289 2658 1404 2697 tertia
1423 2664 1482 2697 est
1501 2664 1627 2698 osten-

951 2712 1019 2758 sio,
1057 2717 1101 2750 ut
1129 2712 1244 2762 paulo
1276 2717 1364 2763 post
1394 2713 1626 2760 docebimus,

950 2779 1070 2817 quum
1082 2766 1286 2805 reddemus
1298 2767 1486 2806 rationem
1501 2768 1548 2806 de
1563 2782 1626 2806 ve-

950 2821 1075 2859 ritate.
1102 2820 1210 2859 Haec
1221 2821 1351 2871 igitur,
1363 2821 1510 2870 fmtres,
1524 2823 1626 2860 dicta

1203 2931 1216 2945 ⁴·
1241 2924 1292 2956 111.
1313 2925 1379 2956 xiii.
1399 2935 1424 2956 1.
1444 2926 1508 2957 xiv.
1532 2936 1578 2957 ιι.
