2034 3204
0 1723 9 1743 ,ς
0 1407 10 1711 „ms-fa-ffJ—WW„
0 1364 4 1389 -‹
0 1336 3 1348 —
0 1283 5 1326 ww<
0 1246 3 1271 -ν
0 1220 2 1233 v
0 1175 3 1207 -ν
0 1141 2 1151 ἡ
0 1105 2 1122 V
0 1085 3 1094 v
0 1036 4 1055 ν-

401 253 463 294 IN
495 252 536 295 S.
562 251 725 294 CYPR.
760 252 837 293 DE
873 251 1111 293 IDOLOR.
1136 251 1448 293 VANITATE.
1568 252 1651 293 333

248 364 417 401 teranus
443 364 486 402 et
506 357 706 400 vetustior
735 371 787 400 ex
816 356 1050 399 Drurianis.
1113 355 1276 398 Retulit
1307 355 1472 398 interim
1505 356 1654 399 Mabil-

248 416 393 466 Ionius,
423 415 464 458 in
498 415 653 458 Itinere
691 429 765 458 suo
797 414 940 458 Italico
974 429 1014 471 p.
1040 426 1109 470 23,
1139 413 1262 456 istum
1299 413 1491 456 Codicem
1524 414 1653 456 Vero-

249 488 414 516 ncnsom
436 473 669 515 ma'usculis
688 472 818 516 literis
838 478 935 515 ante
955 486 1085 514 annos
1104 471 1215 513 mille
1235 470 1432 527 scriptum
1452 471 1592 513 fuisse.

306 531 353 573 P.
378 541 474 585 271.
495 488 523 574 l).
547 533 613 572 26.
634 530 707 573 sed
734 539 949 587 acceptum
969 536 1132 587 tempus
1152 534 1267 571 certo
1288 529 1369 571 fine
1389 528 1645 585 custodiunt]

209 595 232 634 5
248 587 466 638 Videlicet,
486 593 650 644 tempus
680 587 758 630 sibi
783 587 1050 645 assignatum,
1071 586 1154 629 fine
1173 586 1256 629 fixo
1283 600 1332 629 ac
1361 586 1651 639 determinato,

245 659 378 702 regna
398 646 588 688 Romana
608 645 774 688 habent.

304 703 410 745 Ibid.
432 703 457 745 l.
482 705 551 745 28.
583 708 627 745 et
655 703 732 745 sub
757 703 904 768 jugum
936 701 1081 744 missus
1110 701 1189 757 est]
1214 710 1254 746 et
1283 702 1434 744 victus.
1496 702 1652 744 Addidi

245 759 355 803 istud
385 775 437 802 ex
467 759 573 802 libro
596 760 787 803 Fuxensi.
849 759 1075 802 Audaciam
1105 759 1226 802 istam
1256 758 1358 802 mihi
1386 759 1485 802 fecit
1515 759 1652 801 Minu-

245 817 343 867 cius,
374 818 486 874 apud
516 832 638 874 quern
668 817 728 860 ita
757 817 926 874 legitur,
955 818 1191 860 Mancinus
1219 818 1468 872 reliyicmem
1499 819 1649 866 tenuit,

184 891 232 917 10
245 883 284 918 et
303 877 380 918 sub
399 877 571 931 eiynum
590 877 746 918 missus
765 884 826 918 est
845 884 885 918 et
904 877 1088 918 deditus.
1152 875 1236 917 Pro
1255 889 1304 917 eo
1321 874 1430 930 quod
1446 874 1651 917 Minucius

244 932 350 975 dixit
387 934 560 976 deditus
593 932 698 975 liber
735 932 935 975 Fuxensis
975 933 1101 975 habet
1140 934 1290 975 victus.
1339 933 1649 976 BALUZIUS.

244 991 387 1033 Verba
407 991 509 1033 haec
530 990 707 1047 neglexi,
722 1005 828 1047 quae
849 990 937 1032 sine
956 990 1105 1033 idonea
1120 1004 1243 1032 causa
1261 990 1405 1033 addita
1419 996 1557 1033 sunta
1570 991 1651 1034 Ba-

243 1047 362 1098 luzi0‚
384 1062 572 1104 quaeque
601 1048 763 1091 interea
792 1054 960 1105 praeter
980 1048 1068 1104 ejus
1095 1055 1275 1091 mentem
1303 1048 1344 1090 in
1372 1047 1551 1090 editione
1578 1048 1650 1091 illa

243 1112 434 1162 postuma
455 1106 612 1149 Baluzii
634 1112 727 1163 post
748 1121 866 1148 voces
886 1114 924 1149 et
945 1115 1098 1162 captus
1117 1114 1178 1148 est
1198 1106 1333 1148 locata
1353 1111 1463 1147 sunt.

182 1172 230 1212 15
302 1163 409 1206 Ibid.
430 1163 456 1206 l.
478 1176 547 1219 32.
568 1170 612 1206 et
631 1179 680 1206 eo
702 1163 861 1207 facilius
887 1170 930 1206 et
957 1163 1169 1220 navigavit
1193 1170 1236 1206 et
1257 1162 1373 1220 vicit]
1398 1163 1648 1206 particulam

243 1228 283 1264 et
302 1220 344 1263 in
366 1220 591 1264 Oxoniensi
611 1221 781 1278 aliisque
802 1221 919 1264 editt.
942 1220 1108 1263 vocibus
1134 1236 1180 1264 eo
1197 1222 1391 1276 facilius
1420 1220 1646 1277 praefixam

243 1278 430 1327 restitui;
471 1279 615 1321 eadem
646 1293 745 1321 vero
775 1278 978 1335 particula
1006 1284 1105 1321 ante
1135 1279 1307 1321 verbum
1342 1281 1573 1334 naviyam't
1604 1279 1646 1321 in

242 1335 386 1378 iisdem
406 1335 522 1378 libris
541 1336 690 1379 omissa
715 1343 789 1379 est.
853 1336 1044 1392 Utroque
1072 1336 1160 1378 loco
1187 1351 1278 1378 enm
1303 1335 1484 1379 servavit
1505 1336 1646 1379 Codex

242 1393 352 1436 Novi
375 1394 488 1436 Colle
520 1393 559 1444 ii,
581 1408 703 1450 quem
735 1393 897 1436 nomino
927 1394 1176 1444 secundum
1210 1393 1351 1435 itidem
1383 1394 1477 1436 MS.
1499 1394 1646 1451 Drury

180 1467 230 1494 20
242 1451 447 1494 recentior
477 1409 574 1501 iil&
615 1451 688 1494 sed
723 1451 876 1494 omittit
909 1451 1152 1508 particulam
1189 1456 1287 1494 ante
1320 1453 1550 1508 naviqavit
1579 1466 1647 1494 ve-

242 1508 392 1552 tustior
411 1508 499 1564 ejus
519 1509 612 1551 MS.
633 1508 754 1552 aliter
774 1523 897 1565 quam
919 1509 1013 1552 MS.
1035 1509 1264 1550 Meerman.

300 1566 348 1608 P.
373 1576 469 1621 272.
490 1566 517 1608 l.
537 1579 572 1608 1.
594 1566 765 1610 stultum
785 1571 829 1609 et
848 1566 1068 1623 prodigum
1089 1567 1253 1624 vulgus]
1276 1567 1517 1609 Credulum.
1581 1567 1647 1609 Ita

241 1623 502 1666 scribendum
538 1638 627 1666 esse
660 1623 888 1667 arbitratus
922 1639 1025 1674 suin,
1051 1623 1150 1680 quin
1182 1625 1242 1666 ita
1274 1623 1471 1680 scriptum
1508 1624 1646 1667 inveni

241 1680 285 1724 in
304 1681 674 1732 tribus'codicibus,
696 1687 739 1725 et
758 1681 800 1724 in
822 1681 1002 1725 editione
1022 1696 1129 1738 quae
1149 1681 1300 1724 dicitur
1318 1681 1476 1731 Gravii,
1498 1697 1574 1739 pro
1595 1698 1646 1725 eo

179 1752 228 1792 25
242 1738 353 1795 quod
382 1738 581 1782 editiones
610 1745 653 1783 et
682 1739 849 1796 quidam
879 1739 974 1782 libri
1004 1745 1166 1782 veteres
1198 1739 1366 1788 habent,
1392 1742 1644 1796 prodiqum.

242 1796 381 1839 Etiam
400 1796 504 1839 falsa
522 1796 642 1839 lectio
663 1796 758 1840 libri
773 1796 1025 1840 Turonensis
1039 1796 1104 1856 [et
1122 1796 1377 1863 Corbiensis]
1391 1811 1499 1853 quae
1519 1798 1646 1840 habet

242 1854 466 1904 crudelem,
497 1853 677 1897 ostendit
710 1855 831 1897 istam
867 1869 956 1897 esse
986 1869 1141 1897 veram.
1202 1854 1542 1911 Vulgatlssimum
1581 1862 1646 1898 est

242 1910 416 1954 inveniri
435 1910 676 1967 frequenter
695 1911 739 1954 in
754 1912 963 1954 veteribus
982 1911 1098 1955 libris
1118 1912 1412 1969 Manuscriptis
1431 1915 1645 1957 crudelem

241 1983 318 2025 pro
331 1969 502 2012 credulo
517 1974 561 2011 et
575 1983 599 2012 e
614 1983 823 2019 converso,
837 1970 1136 2013 credulitatem
1147 1969 1272 2013 etiam
1285 1984 1362 2026 pro
1374 1972 1644 2021 crudelitate,

177 2044 229 2081 30
242 2031 285 2069 et
304 2041 328 2068 e
348 2040 558 2074 converso,
579 2032 627 2070 ut
645 2026 784 2069 monui
797 2027 886 2082 jam
906 2041 1002 2084 pag.
1017 2028 1116 2083 483.
1169 2027 1280 2070 Vide
1298 2033 1396 2070 tom.
1415 2040 1440 2071 2
1461 2028 1505 2071 in
1521 2029 1644 2086 Capi-

241 2084 449 2132 tuhzrium,
463 2098 559 2141 pag.
579 2097 595 2124 1
607 2097 623 2125 1
637 2097 700 2140 19.
723 2084 1030 2127 BALUZIUS.
1062 2085 1180 2127 Haec
1192 2085 1399 2136 Baluzius‚
1412 2086 1481 2142 qui
1495 2090 1644 2132 credu-

242 2142 342 2191 lum,
351 2141 567 2184 lectionem
576 2141 740 2198 quidem
748 2141 985 2192 faciliorem,
993 2142 1232 2199 praeposuit
1239 2142 1361 2186 alteri
1369 2143 1532 2187 lectioni
1539 2161 1644 2202 pro-

240 2200 405 2255 diyum,
418 2213 540 2255 quam
561 2205 776 2256 praestant
795 2199 995 2242 editiones
1011 2215 1152 2242 omnes
1170 2206 1340 2257 praeter
1357 2201 1499 2244 Gravii
1515 2202 1642 2253 illam,

241 2270 462 2312 omnesque
482 2257 570 2299 fere
594 2256 688 2299 libri
714 2257 993 2314 manuscripti.
1053 2258 1111 2300 Et
1130 2273 1249 2300 voces
1269 2258 1510 2315 conjunctae
1534 2260 1644 2304 infra

176 2323 227 2364 35
242 2314 446 2363 videntur,
465 2314 630 2357 Cuncta
643 2316 836 2371 prodiqa
855 2323 895 2359 et
913 2316 1062 2364 stulta.
1076 2315 1210 2372 inquit
1232 2316 1480 2373 Cyprianus,
1497 2320 1643 2375 volup-

242 2372 701 2427 tatumftustrantium
712 2374 953 2429 depereunt,
963 2373 1028 2415 De
1036 2373 1114 2430 Op.
1124 2380 1167 2416 et
1180 2373 1382 2416 Eleemos.
1396 2389 1486 2432 cap.
1499 2389 1516 2417 1
1525 2378 1565 2419 6.
1592 2377 1643 2419 In

243 2428 393 2472 Codice
421 2434 560 2472 autem
592 2444 683 2472 meo
718 2444 852 2487 nuper
882 2430 1152 2474 Tewaterano
1187 2433 1457 2475 incredulum
1491 2440 1642 2477 exstat.

240 2487 472 2529 Perdicum.
486 2486 651 2544 quidem
666 2502 743 2544 pro
753 2489 988 2544 prodiqum
1002 2489 1200 2545 scriptum
1216 2489 1312 2531 olim
1327 2489 1453 2533 fuisse
1469 2491 1642 2547 conjecit

241 2543 475 2602 Rigaltius;
506 2550 549 2587 et
569 2545 698 2587 habes
716 2545 760 2589 in
779 2546 925 2588 eodem
945 2546 1079 2603 capite
1098 2561 1195 2590 cum
1216 2548 1380 2603 populo
1399 2548 1642 2605 perditionis

176 2620 228 2654 40
241 2616 295 2644 ac
315 2602 478 2651 mortis,
492 2602 565 2644 sed
584 2602 722 2644 malim
742 2618 766 2646 e
797 2617 821 2645 o
842 2617 919 2668 pro
930 2605 1167 2660 prodiqum
1183 2618 1386 2660 reponere
1399 2608 1641 2661 proditum.

243 2658 388 2702 Cicero
427 2658 471 2701 in
511 2659 642 2716 Epist.
677 2660 732 2702 ad
805 2666 949 2703 ttlcum
982 2675 1042 2710 111,
1083 2674 1091 2701 ι
1101 2674 1144 2716 5,
1179 2667 1189 2684 ‘
1212 2662 1305 2718 Ego
1346 2663 1547 2718 prodituS,
1579 2664 1642 2707 in-

240 2716 400 2766 ductus,
414 2716 621 2774 conjectus
640 2717 683 2759 in
702 2717 919 2760 fraudem!
975 2718 1086 2761 Vide
1103 2719 1321 2762 Foreellini
1338 2720 1477 2764 Lexic.
1500 2721 1543 2764 in
1559 2736 1601 2764 v.

300 2774 405 2816 Ibid.
436 2774 463 2816 l.
492 2788 552 2816 10.
585 2775 811 2831 Hostanes]
839 2775 996 2818 Plinius
1023 2776 1091 2818 lib.
1114 2790 1210 2818 xxx
1237 2777 1346 2820 Hist.
1368 2779 1466 2822 Nat.
1487 2793 1577 2836 cap.
1601 2793 1640 2830 2,

241 2838 251 2856 ‘
271 2832 447 2880 Primus,
470 2832 581 2888 quod
608 2839 756 2885 exstet,
777 2839 825 2876 ut
853 2833 1042 2889 equidem
1074 2833 1249 2887 invenio,
1270 2842 1569 2880 commentatus
1589 2838 1642 2881 de
