2034 3204
431 227 759 270 EPISTOLA
796 227 881 269 AD
916 228 958 270 S.
982 228 1388 270 CYI’RIANUM.
1525 231 1606 270 241

210 336 295 396 qui
320 352 349 382 a
371 336 564 384 Christo
599 338 771 385 missus
805 345 891 393 est,
915 345 962 384 et
995 338 1176 384 frustra
1210 339 1279 384 illi
1306 340 1514 386 venienti
1549 342 1609 385 ad

213 414 539 473 accipiendum
575 416 808 475 Spiritum
843 431 1013 462 manus
1048 415 1338 475 imponitur;
1379 417 1472 462 nisi
1508 418 1546 462 si
1583 432 1612 462 a

213 491 408 537 Christo
455 492 689 552 Spiritum
734 493 907 547 induit,
954 491 1110 554 [sors.
1159 507 1253 537 non
1300 492 1448 547 ducit,
1510 490 1611 537 Vid.

215 568 410 629 notaria]
434 576 489 615 ut
512 572 639 629 apud
664 571 923 617 haereticos
947 570 1010 616 sit
1037 569 1231 630 quidem
1256 569 1495 624 Christus,
1519 585 1614 615 non

175 656 200 693 5
215 646 278 692 sit
301 653 461 692 autem
486 647 582 693 illic
608 648 815 707 Spiritus
840 646 1057 695 Sanctus.

283 723 372 769 IX.
410 724 732 771 Decurramus
767 741 878 772 vero
913 724 1119 771 breviter
1152 731 1201 770 et
1234 732 1391 770 cetera
1423 738 1546 783 quae
1587 737 1801 789 auqeretici

214 801 348 847 vobis
371 802 556 861 copiose
580 810 628 848 et
661 803 931 863 plenissime
959 802 1087 848 dicta
1110 809 1235 856 sunt,
1260 801 1517 848 festinante
1541 801 1615 845 vel
1628 782 1829 861 ffiffigssffiss

214 878 422 924 maxime
447 881 506 924 ad
532 895 614 925 vos
636 880 919 942 Rogatiano,
938 879 1153 925 Diacono
1170 878 1416 924 carissimo
1439 883 1614 922 nostro.
1626 869 1713 954 ἓὲῒὲ
1715 870 1803 944 Γῌζθ

215 953 445 1014 Sequitur
470 957 598 1002 enim
623 958 754 1012 illud,
779 958 906 1017 quod
932 956 1258 1019 interrogandi
1288 963 1401 1002 sunt
1428 971 1457 1000 a
1480 953 1615 1000 nobis
1630 967 1784 1032 ffigtpos·

154 1051 202 1076 ιο
214 1032 298 1092 qui
333 1033 592 1080 haereticos
627 1035 903 1090 defendunt,
936 1041 1098 1081 utrum
1133 1036 1320 1080 carnale
1355 1033 1419 1078 sit
1453 1047 1618 1078 eorum
1713 1026 1718 1031 ’

216 1109 465 1169 baptisma,
485 1127 546 1157 an
571 1112 800 1172 spiritale.
848 1112 899 1157 Si
924 1112 1051 1157 enim
1070 1112 1258 1157 carnale
1276 1119 1362 1163 est,
1382 1109 1504 1155 nihil
1527 1108 1619 1154 dif-

214 1186 376 1233 ferunt
410 1204 439 1234 a
461 1187 492 1233 J
496 1191 754 1235 udaeorum
791 1189 1041 1249 baptismo,
1065 1204 1161 1248 quo
1195 1188 1262 1234 sic
1294 1187 1366 1232 illi
1398 1192 1618 1240 utuntur,

214 1272 270 1310 ut
303 1280 359 1310 eo
388 1271 616 1325 tanquam
645 1266 885 1312 communi
916 1271 965 1311 et
988 1266 1176 1328 vulgari
1208 1267 1397 1310 lavacro
1427 1271 1618 1309 tantum

215 1344 376 1388 sordes
404 1345 637 1389 laventur.
709 1344 793 1389 Sin
829 1350 989 1389 autem
1025 1343 1239 1403 spiritale
1270 1348 1357 1396 est,
1381 1343 1619 1401 quomodo

155 1431 201 1469 15
215 1421 343 1479 apud
368 1420 472 1466 illos
501 1437 602 1466 esse
627 1421 865 1480 baptisma
895 1420 1108 1480 spiritale
1143 1426 1316 1480 potest,
1342 1420 1470 1479 apud
1499 1434 1618 1478 quos

215 1497 424 1556 Spiritus
443 1498 645 1544 Sanctus
664 1515 759 1544 non
783 1498 892 1544 est?
931 1497 1003 1544 Ac
1028 1514 1112 1558 per
1135 1498 1239 1551 hoc,
1264 1512 1389 1557 aqua
1406 1512 1502 1557 qua
1526 1496 1620 1542 tin-

214 1581 398 1636 guntur
427 1577 668 1622 lavacrum
697 1582 769 1622 est
804 1576 899 1621 illis
928 1577 1116 1621 carnale
1149 1581 1352 1628 tantum,
1379 1590 1472 1620 non
1506 1574 1620 1633 bap-

215 1652 346 1698 tismi
370 1660 733 1700 sacramentum.
782 1654 922 1707 Quod
947 1653 987 1698 si
1011 1653 1250 1713 baptisma
1272 1652 1619 1698 haereticorum

215 1729 390 1776 habere
424 1737 579 1790 potest
614 1730 1020 1792 regenerationem
1062 1732 1295 1776 secundae
1336 1729 1619 1779 nativitatis.

152 1827 203 1852 20
217 1822 311 1852 non
352 1807 594 1863 haeretici,
636 1810 717 1854 sed
758 1807 845 1854 filii
880 1808 972 1853 Dei
1012 1807 1320 1867 computandi
1367 1813 1494 1861 sunt,
1535 1806 1619 1866 qui

217 1886 344 1944 apud
390 1885 496 1930 illos
543 1886 865 1945 baptizantur.
952 1885 1171 1930 Secunda
1215 1884 1343 1930 enim
1391 1884 1619 1930 nativitas

216 1978 339 2022 quae
362 1968 435 2008 est
466 1962 515 2007 in
545 1962 783 2022 baptismo
811 1962 932 2008 filios
968 1962 1059 2008 Dei
1091 1968 1302 2024 generat.
1372 1962 1423 2007 Si
1458 1971 1619 2008 autem

216 2055 390 2100 sponsa
413 2040 596 2086 Christi
631 2056 728 2086 una
761 2047 848 2094 est,
872 2055 995 2100 quae
1030 2046 1102 2085 est
1127 2039 1343 2085 Ecclesia
1373 2039 1619 2091 catholica,

216 2117 321 2177 ipsa
351 2124 424 2162 est
455 2132 576 2176 quae
608 2118 709 2162 sola
739 2124 936 2178 generat
960 2117 1052 2163 Dei
1077 2115 1214 2162 filios.
1288 2116 1459 2176 Neque
1490 2116 1619 2162 enim

152 2214 202 2252 ²5
217 2196 395 2240 multae
424 2200 536 2239 sunt
565 2209 763 2253 sponsae
787 2194 984 2247 Christi,
1009 2210 1158 2254 quum
1190 2193 1318 2239 dicat
1341 2192 1618 2253 Apostolus,

215 2270 457 2333 Despondi
497 2286 573 2317 vos
614 2272 698 2317 uni
742 2270 859 2325 viro,
895 2271 1117 2335 virginem
1165 2276 1337 2317 castam
1384 2268 1835 2334 assi-qnarmcomia.

218 2347 418 2397 Christo.
499 2347 574 2402 Et,
606 2348 754 2402 Audi,
772 2348 898 2411 filia,
934 2355 975 2395 et
1010 2348 1127 2403 vide,
1164 2354 1206 2394 et
1244 2346 1419 2394 inclina
1459 2363 1616 2393 aurem
1632 2359 1834 2391 Ps.x1v.10.

216 2430 354 2479 tuam,
382 2431 424 2472 et
457 2424 715 2472 obliviscere
743 2425 907 2487 populi
942 2425 1022 2479 tui,
1056 2425 1165 2487 quia
1200 2423 1476 2470 desideravit
1511 2423 1618 2470 Rem

216 2503 406 2565 speciem
440 2508 577 2549 tuam.
630 2504 710 2556 Et,
743 2502 869 2556 Veni,
894 2519 1075 2566 sponsa,
1105 2502 1161 2548 de
1182 2500 1380 2556 Libano,
1405 2501 1616 2548 advenies
1628 2510 1727 2542 Cant·
1746 2511 1833 2542 iv.8.

151 2594 202 2630 30
217 2586 258 2626 et
283 2578 586 2641 pertransibis
619 2595 648 2626 a
677 2581 915 2642 principio
930 2580 1065 2642 fidei.
1137 2580 1219 2634 Et,
1243 2578 1486 2643 Inyressus
1515 2596 1613 2626 sum
1630 2596 1727 2627 Cant.
1747 2607 1778 2627 v.
1798 2605 1823 2627 ι.

217 2657 268 2702 in
286 2654 468 2702 hortum
493 2671 655 2712 meum,
673 2671 807 2702 soror
829 2671 941 2711 mea,
959 2671 1143 2718 sponsa.
1213 2655 1448 2702 Videmus
1471 2671 1617 2702 unam

216 2749 467 2794 personam
502 2733 680 2793 ubique
714 2734 928 2794 proponi,
965 2733 1080 2792 quia
1113 2739 1160 2778 et
1194 2747 1368 2792 sponsa
1401 2739 1474 2778 est
1507 2748 1617 2778 una.

218 2811 330 2856 Non
365 2816 436 2857 est
474 2816 632 2856 autem
676 2827 773 2857 una
810 2810 1055 2856 nobiscum
1098 2810 1444 2856 haereticorum
1480 2826 1620 2871 syna-

276 2904 371 2933 vol„
394 2905 420 2932 1.
1072 2905 1100 2932 R
