2034 3204
390 257 476 297 428
668 254 829 297 LECT.
862 254 1356 297 TERTULLIANEAE
1388 253 1513 297 MSS.

390 366 491 414 liqna
523 364 639 402 libelli
677 365 724 402 de
758 364 874 402 Cultu
913 363 1064 401 Foemi-
1121 369 1210 408 stat,
1233 364 1433 412 desumpta
1452 375 1535 400 esse
1554 375 1601 400 ex
1626 362 1698 399 hoc
1719 361 1794 398 Co-

391 432 538 462 narum,
580 432 661 461 seu,
700 419 748 456 de
790 418 935 455 Habitu
976 418 1065 455 Mu·
1121 418 1203 455 dice
1232 418 1348 455 verba
1375 417 1568 467 superiora
1587 429 1609 454 a
1631 415 1796 466 Rigaltio

390 474 537 517 lierum,
564 486 644 522 cap.
665 485 691 522 9
717 485 835 522 usque
863 472 911 509 ad
940 473 1064 521 operis
1120 472 1210 509 olim
1229 472 1404 509 adducta.

390 528 520 566 finem.
580 527 680 564 Hinc
698 528 780 576 jam
797 526 951 564 tandem
972 539 1062 563 con-

450 684 527 726 Est
557 697 656 726 vero
686 682 914 725 notandum
948 681 1000 724 de
1036 681 1160 724 MSto
1193 680 1302 723 dicto
1331 679 1563 738 Agobardi,
1595 693 1720 731 nunc,
1753 683 1801 720 ut

391 752 502 801 olim,
527 752 570 794 in
599 752 858 794 Bibliotheca
887 750 1023 808 Regia
1055 749 1221 792 Parisiis
1251 754 1428 797 servato,
1458 747 1686 805 Rigaltium
1714 753 1800 790 tam

391 836 515 877 saepe
545 836 594 863 eo
625 835 742 863 usum
768 835 857 862 esse
887 819 930 861 in
957 819 1201 862 adornanda
1232 818 1411 861 editione
1440 832 1516 860 sua
1542 816 1800 864 Tertulliani,

391 896 439 932 ut
475 889 660 931 recensio
692 889 991 946 Agobardiana
1025 887 1103 930 dici
1143 887 1215 929 illa
1251 887 1340 929 fere
1382 891 1603 936 mereatur,
1638 885 1693 927 ad
1727 885 1803 927 hos

391 958 538 1000 saltem
558 958 685 1000 libros
706 957 818 1014 quod
841 957 1004 1006 attinet,
1027 956 1079 998 de
1102 955 1316 1006 Oratione,
1338 961 1382 997 et
1401 955 1453 997 de
1474 954 1803 1011 Praescriptione

392 1026 622 1083 inscriptos.
675 1027 725 1068 In
744 1026 894 1069 Codice
915 1026 1047 1068 altero
1069 1023 1339 1082 Lugdunensi
1359 1025 1628 1075 Batavorum,
1650 1023 1702 1066 de
1722 1038 1804 1080 quo

393 1095 483 1153 agit
501 1095 544 1137 in
566 1094 828 1137 Praefatione
849 1094 904 1137 ad
931 1093 1177 1136 Tertulliani
1202 1093 1240 1134 A
1246 1092 1520 1150 pologeticum
1548 1092 1802 1134 Havercam-

394 1179 482 1221 pus,
505 1164 609 1207 liber
630 1165 683 1207 de
706 1165 906 1207 Oratione
927 1163 1199 1206 desideratur.

395 1401 454 1442 In
481 1401 744 1443 Tertulliani
763 1401 815 1442 de
835 1400 1189 1455 Praescriptione
1209 1399 1541 1440 Haereticorum
1571 1397 1682 1440 libro
1701 1397 1806 1440 Lec-

455 1471 589 1512 tione-3
608 1470 839 1511 nonnullae
857 1469 1028 1511 Codicis
1040 1469 1335 1510 Bibliothecae
1349 1467 1652 1523 Luydunensis
1666 1468 1807 1509 Bata-

455 1552 617 1588 vorum,
638 1535 799 1580 addita
819 1538 998 1579 subinde
1023 1537 1194 1579 Codicis
1214 1536 1444 1591 Aqobardi
1463 1536 1698 1591 scriptura.

454 1657 641 1699 P.122,1.
664 1669 721 1706 15,
743 1668 813 1693 nec
834 1667 928 1692 esse.

458 1712 497 1748 P.
513 1711 598 1754 1¹26,
619 1711 644 1748 l.
659 1723 698 1760 9,
719 1710 927 1759 objurgans
948 1714 987 1746 et
1006 1709 1073 1746 do-

398 1779 501 1806 cens.

1186 1653 1226 1690 P.
1249 1674 1300 1681 -
1321 1653 1348 1691 l.
1368 1666 1428 1697 2¹,
1458 1653 1593 1703 prima,
1623 1666 1699 1690 non
1729 1653 1805 1703 pri-

1131 1720 1226 1751 mae,
1247 1715 1286 1746 et
1311 1721 1395 1751 una,
1422 1721 1498 1744 non
1523 1720 1651 1750 unam,
1674 1707 1807 1745 Codex

1131 1762 1258 1811 Agob.
1273 1768 1384 1811 prout
1402 1762 1560 1804 videtur,
1577 1775 1690 1811 quum
1707 1762 1811 1799 nulla

459 1822 500 1859 P.
516 1832 529 1856 1
541 1820 604 1863 28,
622 1819 647 1856 l.
665 1830 722 1866 19,
739 1818 858 1855 Abest
872 1818 945 1855 hoc
959 1829 1076 1853 mem-

399 1877 509 1913 brum
530 1873 723 1916 orationis,
736 1879 774 1910 et
790 1871 966 1909 haeretici

400 1928 669 1967 curiositatem.
717 1927 794 1964 Sed
814 1926 1002 1963 invenisse
1023 1926 1076 1962 vi-

401 1985 513 2022 detur
530 1982 844 2031 scrupulositatem
873 1981 911 2018 in
936 1980 1078 2017 Codice

402 2036 598 2087 Agobardi
630 2035 834 2085 Ingenuus,
867 2047 979 2084 quam
1009 2047 1078 2071 vo-

402 2106 482 2131 cem
504 2091 622 2129 habes
642 2096 679 2127 et
699 2090 805 2127 initio
825 2102 908 2138 cap.
926 2099 990 2138 27.

460 2147 500 2184 P.
519 2158 602 2194 129,
622 2144 646 2181 l.
668 2157 725 2186 12.
747 2143 921 2193 pulsabit.

460 2202 502 2238 P.
526 2211 612 2248 ¹30·
646 2198 672 2235 l.
699 2210 732 2239 2.
764 2198 905 2247 expetit
943 2209 1078 2235 sensus

405 2252 899 2302 ——interpretationibus.

460 2309 502 2347 P.
538 2329 590 2336 —
628 2307 650 2344 l.
695 2306 754 2350 28,
794 2306 972 2356 quamdiu
1011 2318 1080 2356 pro

405 2362 559 2414 quando
580 2361 675 2399 Cod.
694 2360 892 2411 Agobard.

464 2418 504 2455 l’.
528 2427 614 2465 131,
652 2415 678 2453 l.
707 2425 765 2465 ¹5·
803 2421 842 2452 et
879 2413 991 2452 velim
1030 2413 1084 2451 sic

405 2483 590 2521 nusquam
629 2469 748 2519 quasi.
807 2469 866 2507 Ita
908 2474 947 2507 et
995 2467 1083 2505 MS.

407 2524 601 2575 Agobard.
623 2523 689 2562 aed
714 2525 748 2561 εἰ
769 2535 950 2572 nunquam
970 2534 1077 2572 prue-

406 2587 523 2618 stans.
581 2578 642 2616 Ab
688 2578 762 2616 hoc
808 2577 950 2615 Codice
1002 2577 1077 2626 Ag.

406 2635 515 2672 abest
534 2646 606 2670 πο.

463 2688 504 2726 P.
522 2700 530 2725 1
542 2698 605 2736 34,
625 2686 648 2724 1.
670 2698 702 2730 ι,
723 2685 983 2736 quodcunque.

464 2742 502 2779 1‘.
525 2761 576 2770 -
597 2740 622 2779 l.
647 2752 710 2790 32,
738 2739 964 2779 admittendi
991 2737 1082 2776 MS.

409 2794 604 2845 Agobard.

466 2850 606 2897 l’.13(›.
628 2849 653 2887 Ι.
671 2848 708 2892 6.
729 2852 912 2886 statutum
934 2852 1050 2885 certe.

466 2904 502 2941 l’¹
523 2916 531 2940 1
542 2915 606 2952 37,
628 2903 651 2941 1.
671 2915 703 2946 2.
724 2901 954 2952 regrediens.

1133 1816 1295 1853 varietas
1322 1816 1494 1854 lectionis
1513 1821 1811 1854 commemorata

1133 1870 1258 1908 fuerit.
1316 1872 1443 1920 Atque
1481 1871 1583 1913 illud,
1626 1872 1711 1907 dum
1757 1875 1810 1908 est

1134 1925 1223 1966 illis,
1271 1937 1481 1974 agnoscere
1522 1925 1673 1962 videtur
1719 1923 1809 1963 MS.

1134 1979 1344 2028 Agobardi.
1376 1979 1528 2017 Primae
1539 1985 1706 2028 praestat
1722 1978 1810 2016 MS.

1134 2034 1243 2071 alter.

1191 2088 1231 2125 P.
1255 2087 1344 2136 138,
1379 2087 1401 2124 l.
1438 2098 1473 2136 7,
1507 2087 1545 2124 id
1583 2087 1664 2125 sine
1697 2086 1812 2125 dubio

1133 2147 1319 2185 tenentes,
1359 2141 1447 2179 MS.
1479 2142 1554 2191 Ag.
1588 2147 1626 2179 et
1655 2154 1687 2179 s·
1717 2141 1754 2179 d.
1781 2147 1810 2179 t.

1135 2195 1224 2234 MS.
1247 2196 1354 2234 alter.

1191 2250 1230 2287 P.
1252 2271 1304 2279 —
1324 2250 1348 2287 l.
1370 2262 1426 2293 ιο,
1447 2250 1639 2299 reliquam.

1195 2304 1234 2342 l’.
1265 2325 1318 2332 —
1351 2304 1376 2342 l.
1410 2304 1467 2348 16,
1515 2303 1629 2347 nulla,
1678 2303 1811 2342 Codex

1139 2365 1311 2408 uterque.

1195 2412 1326 2451 P.-1.
1343 2424 1363 2450 2
1369 2423 1489 2461 3‚qua
1505 2424 1654 2449 sursum
1667 2423 1811 2449 rursus.

1196 2466 1236 2504 P.
1253 2478 1339 2515 139,
1366 2466 1392 2504 l.
1412 2477 1475 2514 23,
1504 2466 1688 2515 Spiritum
1703 2478 1811 2503 sanc-

1135 2526 1228 2564 tum,
1248 2520 1379 2558 Codex
1401 2526 1570 2570 uterque.

1191 2575 1231 2613 P.
1260 2586 1344 2623 140,
1384 2574 1410 2612 l.
1450 2586 1505 2624 ¹3·
1552 2574 1695 2624 atquin,
1741 2586 1814 2612 non

1136 2642 1239 2679 quin.

1193 2682 1379 2730 P.141,1.
1397 2694 1460 2732 27.
1482 2682 1548 2721 sed
1575 2695 1651 2720 non
1671 2681 1812 2720 onmia.

1191 2737 1232 2775 P.
1252 2759 1306 2765 —
1326 2737 1349 2775 l.
1370 2749 1435 2787 32.
1451 2742 1531 2775 tmn
1561 2737 1599 2775 id
1627 2742 1752 2775 actum
1775 2741 1815 2774 et

1138 2791 1304 2829 ulterius.

1195 2845 1236 2883 P.
1251 2857 1337 2894 142.
1357 2845 1380 2883 1.
1403 2856 1461 2894 ¹5·
1482 2850 1625 2884 monet.

1196 2900 1238 2939 Ρ.
1258 2921 1311 2929 -
1331 2899 1356 2937 l.
1372 2899 1436 2943 26,
1458 2898 1575 2938 taciti.
