2034 3204
387 711 451 778 S.
491 711 939 776 CAECILII
1004 707 1502 775 CYPRIANI

872 860 1018 889 LIBER

462 972 549 1020 DE
585 972 804 1020 OPERE
840 972 920 1020 ET
956 969 1427 1020 ELEEMOSYNIS.

242 1284 281 1330 1.
319 1251 604 1330 MULTA
627 1291 675 1330 et
699 1298 872 1346 magna
895 1289 1020 1336 sunt,
1036 1283 1207 1328 fratres
1231 1281 1477 1333 carissimi,
1504 1281 1641 1326 bene·
1654 1295 1750 1346 inter
1763 1305 1844 1370 {³33⁶

204 1361 347 1410 5ficia
381 1362 556 1415 divina,
580 1362 755 1421 quibus
790 1362 839 1406 in
875 1363 1076 1406 salutem
1113 1367 1325 1406 nostram
1355 1359 1446 1404 Dei
1481 1349 1865 1414 Patrisssff‡20§}.e-

240 1446 288 1485 et
312 1440 495 1486 Christi
530 1441 664 1501 larga
699 1446 746 1484 et
782 1439 969 1498 copiosa
1005 1437 1255 1483 clementia
1285 1443 1331 1482 et
1361 1443 1556 1496 operata
1580 1437 1643 1483 sit
1656 1426 1843 1511 Qffiffouss

239 1523 287 1563 et
332 1532 516 1577 semper
561 1523 798 1576 operetur,
844 1516 971 1576 quod
1017 1514 1353 1561 conservandis
1400 1530 1453 1560 ac
1492 1513 1642 1559 vivifi·
1654 1513 1864 1588 ἓὲξὲῑῖἒξῗῑ

237 1594 399 1640 caudis
435 1594 571 1640 nobis
609 1594 753 1639 Pater
791 1592 969 1638 Filium
1006 1592 1154 1647 misit,
1191 1598 1245 1638 ut
1290 1607 1510 1652 reparare
1557 1600 1771 1637 nosfacere-

237 1678 410 1732 posset,
434 1673 655 1732 quodque
682 1670 835 1717 Filius
868 1670 1042 1717 missus
1071 1686 1171 1715 esse
1203 1676 1250 1715 et
1281 1670 1491 1715 hominis
1516 1670 1642 1715 filius

179 1770 225 1795 ιο
238 1748 340 1795 fieri
366 1748 518 1795 voluit
542 1755 596 1795 ut
619 1764 704 1794 nos
730 1748 821 1794 Dei
847 1748 966 1794 filios
991 1747 1179 1793 faceret.
1253 1747 1543 1793 Humiliavit
1575 1763 1640 1800 se,

238 1832 293 1872 ut
316 1828 546 1886 populum
569 1825 654 1885 qui
686 1825 818 1886 prius
845 1825 1035 1886 jacebat
1059 1824 1275 1886 erigeret.
1346 1824 1641 1870 Vulneratus

237 1909 322 1956 est,
341 1909 396 1949 ut
419 1904 616 1950 vulnera
640 1909 803 1948 nostra
827 1909 1027 1948 curaret.
1099 1901 1320 1955 Servivit,
1335 1908 1391 1947 ut
1415 1903 1475 1947 ad
1499 1902 1641 1947 liber-

237 1986 384 2026 tatern
408 1980 666 2026 servientes
688 1980 972 2026 extraheret.
1045 1979 1175 2024 Mori
1198 1979 1441 2033 sustinuit,
1466 1986 1522 2025 ut
1554 1979 1642 2025 im-

238 2058 576 2104 mortalitatem
600 2057 882 2103 mortalibus
906 2056 1163 2102 exhiberet.
1206 2056 1366 2102 Multa
1387 2057 1503 2102 haec
1527 2063 1640 2102 sunt

177 2144 222 2183 15
237 2142 284 2180 et
307 2151 482 2197 magna
505 2135 696 2181 divinae
720 2134 1071 2180 misericordiae
1095 2150 1306 2180 munera.
1367 2134 1459 2180 Sed
1483 2134 1639 2181 adhuc

235 2213 390 2272 qualis
425 2213 726 2273 providentia
748 2212 831 2259 illa
854 2219 901 2258 et
925 2218 1105 2272 quanta
1128 2212 1379 2258 clementia
1402 2219 1485 2265 est,
1511 2214 1637 2272 quod

235 2291 370 2337 nobis
394 2290 592 2336 salutari
625 2290 808 2336 ratione
837 2289 1138 2349 prospicitur,
1164 2295 1216 2335 ut
1242 2289 1425 2334 homini
1450 2290 1533 2349 qui
1567 2305 1639 2334 re-

235 2369 455 2428 demptus
489 2374 574 2421 est,
610 2368 892 2413 reservando
925 2367 1112 2426 plenius
1147 2367 1452 2412 consulatur!
1509 2367 1635 2412 Nam

234 2458 383 2502 quum
408 2443 646 2490 Dominus
680 2444 939 2491 adveniens
974 2448 1188 2489 sanasset
1222 2442 1306 2487 illa
1328 2457 1449 2502 quae
1473 2442 1634 2487 Adam

173 2537 222 2562 20
234 2526 508 2580 portaverat
531 2522 744 2576 vulnera,
769 2526 816 2566 et
839 2536 1022 2566 venena
1056 2519 1288 2579 serpentis
1325 2518 1525 2578 antiqua
1555 2534 1636 2564 cu-

233 2604 398 2651 rasset,
421 2599 574 2659 legem
608 2597 740 2643 dedit
771 2612 902 2650 sano,
926 2603 972 2642 et
1007 2596 1247 2656 praecepit
1282 2612 1340 2641 ne
1375 2598 1504 2641 ultra
1531 2597 1634 2657 jam
1647 2614 1850 2656 Joan.v.14.

232 2679 459 2735 peccaret,
484 2689 543 2719 ne
565 2673 681 2733 quid
716 2673 930 2733 peccanti
964 2673 1161 2735 gravius
1196 2672 1420 2718 eveniret.
1491 2673 1637 2719 Coar-

234 2752 323 2798 tati
359 2766 546 2798 eramus
581 2758 628 2796 et
662 2750 712 2796 in
749 2756 1006 2812 angustum
1043 2749 1339 2796 innocentiae
1373 2750 1635 2810 praescrip-

233 2829 361 2875 tione
395 2829 616 2875 conclusi.
690 2828 789 2873 Nec
832 2828 1026 2873 haberet
1062 2827 1177 2887 quid
1216 2827 1496 2890 fragilitatis
1542 2829 1633 2874 hu-
