1988 3216
361 187 418 228 62

359 295 546 365 ἔχοντες
570 294 657 347 τὸν
676 294 796 348 Υἱὸν
815 295 1054 364 ἤρνηνται.

863 189 904 230 S.
936 187 1255 231 HIPPOLYTI

1136 299 1196 349 Εἰ
1223 295 1271 347 δὲ
1295 297 1372 347 καὶ
1400 296 1646 348 Φίλιππον
1664 297 1767 348 ἐπε-

358 383 517 452 ρωτᾷν
537 380 656 454 [fors.
676 380 1012 453 ἐπερωτῶντα]
1042 383 1148 449 περὶ
1176 379 1387 449 Πατρὸς,
1405 380 1661 440 βούλοιντο
1686 380 1764 432 λε’-

358 488 473 531 γειν,
503 474 517 497 ‘
528 465 713 539 ,Δεῖξον
731 467 843 532 ἡμῖν
860 464 945 518 τὸν
966 465 1177 534 Πατέρα,
1206 467 1284 518 καὶ
1309 467 1443 535 ἀρκεῖ
1463 466 1604 531 ἡμῖν·’
1643 465 1766 534 πρὸς

361 551 379 570 ἢ
466 553 479 568 2
610 552 622 570 Ι
726 553 737 567 9
849 549 862 568 Ι
1064 550 1077 567 Ι
1447 557 1467 567 Α
1669 551 1679 567 l

359 575 414 603 ov
451 555 678 620 απεκριθη
718 575 744 603 ο
786 555 974 619 Κυριος,
1014 558 1191 618 λεγων·
1260 560 1273 582 ‘
1299 555 1553 603 Τοσουτον
1590 575 1766 621 χρονον

362 645 375 668 6
453 636 502 688 ’ὅ
542 639 554 653 ἲ
608 641 629 651 Α
716 640 727 654 2
883 637 895 655 Ι
1147 637 1162 655 Χ
1242 636 1253 652 )
1331 638 1354 655 2
1494 634 1509 651 Ῐ
1700 637 1712 653 C

402 659 460 702 με
531 660 662 702 υμων
690 659 798 701 ειμι,
826 640 1057 700 Φιλιππε,
1086 659 1163 687 και
1202 659 1287 688 ουκ
1323 659 1533 703 εγνωκας
1566 659 1656 702 με;
1718 640 1804 690 05

362 730 376 752 ‘
400 721 618 790 ἑωρακὼς
641 719 721 787 ἐμὲ
745 720 919 789 ἑώρακε
943 719 1028 773 τὸν
1045 720 1255 790 Πατέρα.
1337 723 1415 773 Οὐ
1438 722 1672 778 πιστεύεις
1698 722 1769 775 ὅτι

363 816 376 838 ‘
403 807 497 874 ἐγὼ
527 809 578 859 ἐν
604 809 671 877 τῷ
701 809 873 874 Πατρὶ,
901 807 978 858 καὶ
1005 808 1031 858 ὁ
1058 805 1231 875 Πατὴρ
1259 808 1310 858 ἐν
1334 807 1441 871 ε’μοί
1469 808 1604 859 ἐστιν
1622 807 1655 871 ;’
1692 809 1770 860 καὶ

358 891 555 944 θέλουσι
600 891 775 958 λέγειν,
823 891 900 944 διὰ
941 890 1111 944 τούτου
1153 891 1468 959 κρατύνεσθαι
1513 890 1568 944 τὸ
1613 892 1771 959 δόγμα

359 979 534 1042 αὐτῶν,
565 979 921 1044 ὁμολογοῦντος
952 978 1098 1029 αὑτοῦ
1127 974 1294 1029 ἑαυτὸν
1332 975 1544 1045 Πατέρα,
1573 976 1768 1043 γνώτω·-

359 1086 458 1115 σαν
483 1063 555 1116 ὅτι
587 1060 823 1129 μέγιστον
847 1063 1029 1118 ἑαυτοῖς
1052 1063 1316 1127 ἐναντίωμα
1336 1063 1662 1132 ἐπιφέρουσιν,
1693 1061 1769 1115 ὑπ’
1787 1087 1836 1112 10

360 1149 505 1201 αὑτοῦ
543 1154 628 1201 τοῦ
672 1151 819 1217 ῥητοῦ
862 1147 1181 1218 ἐλεγχόμενοι.

1265 1152 1369 1200 Τοῦ
1412 1146 1509 1216 γὰρ
1549 1151 1772 1216 Χριστοῦ

358 1232 527 1286 ἑαυτὸν
568 1235 618 1285 ἐν
657 1237 811 1286 πᾶσιν
851 1233 971 1285 Υἱὸν
1010 1233 1224 1289 εἰπόντος
1268 1235 1344 1285 καὶ
1386 1231 1644 1301 δείξαντος,
1688 1234 1772 1286 οὐκ

371 1319 382 1335 2
429 1317 443 1335 Ι
724 1319 734 1335 2
777 1316 789 1336 ἱ
1064 1317 1078 1335 Ι
1217 1316 1236 1336 ’λ
1284 1320 1296 1335 2
1387 1319 1399 1337 Ι
1551 1316 1564 1334 x
1671 1317 1685 1335 Ι

358 1341 654 1385 επεγνωσαν,
684 1320 789 1372 ουδε
824 1322 1187 1381 καταλαβεσθαι
1212 1342 1242 1384 η
1268 1341 1481 1371 ατενισαι
1512 1342 1600 1384 την
1627 1320 1769 1371 δυνα-

359 1427 440 1469 μιν
464 1403 780 1470 ἐδυνήθησαν.

866 1406 962 1457 Καὶ
998 1410 1139 1457 τοῦτο
1163 1402 1230 1470 μὴ
1254 1402 1484 1473 χωρήσας
1510 1405 1770 1469 Φίλιππος,

361 1490 463 1542 καθ’
492 1489 518 1543 ὃ
542 1488 603 1555 ἧν
628 1492 754 1554 ἰδεῖν,
782 1487 868 1542 τὸν
897 1489 1091 1557 Πατέρα
1127 1488 1267 1558 ἠξίου
1291 1488 1505 1552 βλέπειν·
1558 1489 1679 1558 πρὸς
1717 1489 1771 1542 ὃν
1787 1504 1834 1543 15

361 1577 388 1628 ὁ
416 1574 593 1644 Κύριος
617 1574 726 1646 ἔφη·
772 1583 784 1605 ‘
803 1575 1033 1639 Φίλιππε,
1056 1580 1292 1628 τοσοῦτον
1316 1572 1491 1645 χρόνον
1515 1576 1615 1641 μεθ’
1638 1577 1770 1641 ὑμῶν

364 1671 378 1693 ‘
407 1664 516 1726 εἰμι,
545 1662 623 1712 καὶ
648 1662 733 1713 οὐκ
759 1658 970 1728 ἔγνωκάς
1005 1683 1063 1726 με
1079 1683 1093 1724 ;
1134 1661 1199 1713 ‘O
1225 1658 1444 1728 ἑωρακὼς
1472 1658 1566 1726 ἐμὲ,
1595 1659 1770 1729 ἑώρακε

366 1757 379 1778 ‘
408 1745 493 1800 τὸν
511 1747 738 1815 Πατέρα]
797 1745 1073 1810 Τουτέστιν,
1088 1749 1126 1797 εἱ
1141 1746 1219 1812 ἐμὲ
1234 1745 1460 1814 ἑώρακας,
1485 1746 1540 1799 δι’
1558 1747 1672 1812 ἐμοῦ
1687 1745 1770 1799 τὸν

364 1946 440 1971 non
460 1932 614 1980 habeut,
628 1932 770 1971 Filium
790 1937 1037 1984 negaverunt.

365 1987 405 2026 Si
444 1993 574 2026 autem
612 1987 732 2026 velint
770 1987 906 2035 dicere,
937 1987 1040 2038 quod

366 2042 566 2093 Philippus
585 2042 632 2080 de
647 2042 759 2081 Patre
779 2042 1038 2093 interrogans:

364 2103 381 2124 ¹
395 2096 566 2143 Ostende,
587 2096 724 2147 inquit,
750 2096 858 2134 nobis
883 2097 1043 2134 Patrem

366 2157 399 2189 ec
422 2150 561 2201 &afficit
588 2151 698 2189 nobis
715 2165 727 2189 :
758 2150 817 2189 cui
844 2150 1043 2202 respondit

368 2205 558 2243 Dominus
577 2205 778 2256 inquiens:
813 2205 939 2243 Tanto
953 2211 1042 2243 tem-

362 2273 455 2309 pore
491 2259 683 2297 vobimmn
719 2273 816 2306 mum,
852 2259 1041 2310 Philippus,

366 2320 399 2351 ec
440 2327 522 2351 mm
563 2314 770 2362 comminui
807 2315 905 2351 ww?
966 2313 1044 2361 Qui

366 2367 464 2406 vidit
482 2382 551 2414 nm,
571 2367 669 2406 vidit
687 2374 720 2405 ει
740 2368 907 2406 Patrmn.
950 2367 1044 2405 Non

365 2422 488 2461 credis
499 2436 594 2473 qma
605 2435 669 2473 ⁶9⁰
680 2422 725 2460 in
742 2422 869 2469 Patre,
885 2428 918 2459 et
926 2422 1045 2459 Pater

366 2477 411 2515 in
447 2490 506 2515 me
535 2479 622 2515 est?
667 2475 719 2515 Et
748 2476 884 2515 voiunt
916 2475 1041 2514 dicere

366 2530 468 2582 quod
499 2530 559 2570 his
587 2531 713 2570 verbis
741 2544 873 2570 eorum
902 2530 1043 2582 dogma

366 2585 625 2633 confirmatur,
655 2585 737 2637 ipso
767 2585 973 2624 confitente
1002 2598 1042 2622 se

367 2652 447 2677 ease
479 2640 657 2687 Pati-enm
685 2640 807 2679 sciant
835 2639 1042 2678 maximam

369 2694 662 2744 repugnantiam
702 2694 739 2733 in
778 2707 818 2733 nc
852 2694 954 2745 ipsos
988 2692 1043 2732 in-

1097 1932 1246 1978 ducere,
1291 1932 1491 1983 Scriptura
1537 1945 1602 1971 eos
1644 1932 1772 1971 redar-

1096 1991 1237 2037 guente
1266 1991 1304 2025 et
1333 1986 1591 2026 convincente.
1641 1986 1771 2035 Quum

1097 2041 1199 2079 enim
1231 2040 1408 2080 Christus
1446 2041 1484 2078 in
1524 2040 1702 2079 omnibus
1731 2054 1772 2079 se

1099 2095 1241 2133 Filium
1270 2095 1431 2134 dixisset
1460 2100 1499 2134 et
1518 2095 1773 2135 demonstras-

1097 2155 1166 2197 set,
1215 2163 1291 2188 non
1338 2155 1467 2188 tamen
1515 2154 1774 2201 cognoverant

1098 2217 1197 2251 eum,
1227 2216 1350 2255 neque
1380 2204 1564 2243 virtutem
1601 2204 1683 2255 ejus
1716 2203 1773 2242 in-

1098 2258 1270 2309 telligere
1298 2264 1366 2297 aut
1385 2258 1526 2297 intueri
1553 2263 1770 2310 potuerant,

1099 2313 1151 2351 Et
1176 2312 1248 2351 hoc
1269 2312 1468 2363 Philippus
1491 2325 1610 2363 quum
1639 2325 1773 2363 capere

1099 2380 1173 2405 non
1222 2372 1361 2417 posset,
1399 2367 1524 2418 quoad
1563 2366 1692 2405 videre
1729 2366 1773 2404 li-

1099 2421 1219 2467 cebat,
1250 2420 1402 2459 volebat
1440 2420 1568 2459 videre
1607 2420 1770 2459 Patrem.

1097 2474 1168 2514 Cui
1198 2474 1387 2513 Dominus
1417 2474 1542 2513 dixit:
1583 2474 1772 2526 Philippa,

1097 2535 1205 2568 tanto
1246 2535 1407 2579 tempore
1447 2529 1638 2568 vobiscum
1673 2543 1771 2576 ωιτη,

1097 2591 1130 2622 et
1148 2598 1229 2622 non
1247 2584 1453 2634 σοφιουίειὶ
1471 2597 1529 2621 ww
1548 2586 1564 2622 ?
1594 2584 1662 2634 qm·
1675 2583 1774 2621 vidit

1099 2652 1167 2685 me,
1201 2638 1298 2676 vidit
1331 2639 1496 2676 l’acrmn.
1556 2637 1603 2675 Id
1641 2643 1710 2684 cst,
1741 2637 1771 2675 si

1100 2706 1161 2731 mo
1193 2692 1334 2737 vidisti,
1369 2706 1436 2743 poi·
1470 2705 1530 2731 me
1564 2698 1672 2743 potos
1706 2692 1772 2729 Pu-

943 2848 955 2865 ·
979 2843 1056 2875 Jnii.
1079 2843 1141 2874 xiv.
1164 2845 1191 2874 8.
