1950 3210
434 396 882 461 VETERUM
926 395 1494 462 TESTIMONIA

934 547 989 576 DE

589 643 876 687 EPISTOLA
917 645 960 688 S.
985 645 1332 690 POLYCARPI.

519 835 559 874 S.
583 836 763 875 Irenseus
781 836 866 874 adv.
889 836 1088 883 Haereses,
1107 835 1174 875 lib.
1189 847 1251 875 111.
1270 849 1352 888 esp.
1369 848 1406 885 3.

223 930 246 970 5
261 899 407 965 EST!
440 924 481 964 δὲ
513 923 576 964 καὶ
606 921 827 974 Ἐπιστολὴ
855 920 1120 975 Πολυκάρπου
1150 919 1246 975 πρὸς
1275 923 1570 974 Φιλιππησίους
1599 939 1666 976 γε-

258 991 474 1046 γραμμένη,
513 991 740 1043 ἱκανωτάτη,
775 992 816 1042 ἐξ
851 990 896 1043 ἧς
932 990 997 1032 καὶ
1029 989 1102 1031 τὸν
1137 992 1366 1045 χαρακτῆρα
1397 994 1464 1042 τῆς
1494 993 1665 1034 πίστεως

258 1061 391 1112 αὐτοῦ,
415 1061 478 1103 καὶ
506 1060 552 1102 τὸ
585 1059 760 1114 κήρυγμα
787 1063 855 1112 τῆς
885 1059 1086 1111 ἀληθείας,
1108 1061 1146 1102 οἰ
1171 1062 1428 1112 βουλόμενοι,
1452 1060 1516 1102 καὶ
1544 1066 1667 1114 φρον·

259 1129 431 1181 τίζοντες
460 1129 528 1181 τῆς
559 1131 709 1171 ἑαυτῶν
734 1129 940 1181 σωτηρίας,
963 1129 1149 1170 δύνανται
1170 1132 1326 1181 μαθεῖν.
1389 1133 1496 1172 Haec
1516 1133 1666 1172 Irenaei

259 1198 406 1237 Graeca
437 1198 569 1249 lingua
604 1197 771 1236 servavit
804 1197 1004 1244 Eusebius,
1035 1197 1138 1235 Hist.
1172 1197 1273 1235 Eecl.
1307 1209 1360 1235 1v.
1389 1210 1450 1245 14.
1481 1198 1546 1249 qui
1585 1198 1667 1249 ipse

199 1282 247 1308 10
259 1267 377 1315 addit,
387 1262 444 1304 “O
464 1263 512 1316 γε’
531 1279 592 1303 τοι
611 1262 875 1315 Πολύκαρπος
896 1262 940 1302 ἓν
955 1261 1000 1318 τῇ
1018 1261 1241 1317 δηλωθείσῃ
1262 1261 1360 1312 πρὸς
1375 1264 1668 1315 Φιλιππησίους

259 1332 378 1374 αὐτοῦ
398 1334 546 1389 γραφῇ,
569 1330 768 1385 φερομένῃ
790 1331 845 1374 εἷς
866 1333 992 1383 δεῦρο,
1015 1327 1201 1384 κέχρηταί
1225 1347 1305 1371 τισι
1332 1332 1561 1384 μαρτυρίαις
1589 1331 1668 1373 ἀπὸ

258 1403 326 1452 τῆς
347 1400 502 1452 Πέτρου
522 1399 715 1454 προτέρας
732 1397 990 1450 Ἐπιστολῆς.
1021 1411 1061 1454 p.
1082 1411 1103 1439 2
1106 1410 1162 1452 52
1185 1397 1250 1439 ed.
1275 1398 1449 1440 Burton.

703 1518 826 1557 Vetus
846 1517 997 1557 Irensei
1017 1517 1225 1570 Interpres.

315 1603 387 1641 Est
411 1607 540 1640 autem
566 1606 606 1640 et
628 1600 801 1652 Epistola
824 1600 935 1651 Poly·
989 1600 1098 1638 bium
1130 1601 1184 1639 sie
1216 1607 1366 1640 vertere
1425 1603 1526 1654 ergit
1558 1609 1669 1642 vetus

201 1671 247 1711 15
261 1657 364 1708 earpi
401 1657 450 1695 sd
488 1656 749 1707 Philippenses
781 1654 1189 1706 scripta,1nterpres
1208 1656 1395 1695 Rufinus:
1436 1657 1670 1708 Polycarpus

259 1711 562 1764 perfectissinm:
591 1724 640 1749 ex
672 1722 748 1760 qua
780 1714 820 1748 et
849 1710 935 1748 cha-
990 1723 1082 1748 vero
1123 1710 1164 1748 in
1207 1710 1291 1762 ipsa
1330 1711 1515 1762 Epistola,
1553 1726 1670 1763 quam

259 1771 446 1805 meterem
474 1765 562 1804 fidei
595 1765 688 1816 ejus,
719 1769 759 1803 et
787 1763 936 1814 praedi
991 1764 1040 1802 ad
1064 1764 1326 1816 Philippenses
1354 1766 1569 1817 scripserat,
1595 1767 1671 1806 uti-

259 1820 449 1860 eationem
477 1819 662 1867 veritatis,
689 1818 756 1870 qui
788 1818 938 1865 volunt,
990 1824 1056 1858 tur
1080 1819 1312 1859 testimoniis
1340 1820 1388 1859 de
1417 1821 1542 1872 prima
1566 1821 1670 1860 Petri

259 1880 300 1914 et
331 1888 462 1914 euram
494 1874 636 1912 habent
667 1886 758 1912 suae
791 1873 936 1919 salutis,
992 1873 1180 1924 Epistola.

199 1943 248 1970 20
260 1934 420 1981 possunt
450 1928 605 1967 discere.
670 1925 787 1981 [Dein
819 1927 937 1966 Euse-

312 2043 423 2081 Idem
443 2042 637 2090 Irenaeus,
659 2042 834 2093 Epistola
852 2042 902 2080 sd
921 2041 1135 2090 Florinum,
1153 2044 1256 2094 apud
1277 2043 1499 2092 Eusebium,
1520 2044 1623 2084 Hist-

623 2108 727 2147 Eeel.
747 2120 784 2147 v.
804 2121 866 2146 20.
902 2105 1019 2161 [Vide
1037 2107 1148 2156 infra,
1168 2122 1204 2160 p.
1224 2107 1306 2163 37.]

323 2186 398 2227 Καὶ
421 2186 465 2226 ἐκ
491 2189 569 2226 τῶν
588 2184 840 2227 Ἐπιστολῶν
868 2187 911 2228 δὲ
941 2188 1059 2229 αὐτοῦ
1081 2186 1317 2244 [Polycarpi]
1340 2187 1395 2228 ὧν
1423 2186 1671 2236 ἐπέστειλεν,

259 2254 345 2307 ἤτοι
360 2257 444 2298 ταῖς
465 2254 715 2308 γειτνιώσαις
736 2255 979 2308 ἐκκλησίαις,
1000 2258 1259 2310 ἐπιστηρίζων
1274 2255 1406 2304 αὐτὸς,
1420 2253 1444 2308 ἢ
1460 2259 1539 2298 τῶν
1556 2257 1674 2298 ἁδελ-

199 2341 219 2365 2
225 2338 247 2376 5
261 2327 349 2376 φῶν
370 2324 462 2373 τισὶ,
484 2325 680 2365 νουθετῶν
700 2323 840 2367 αὐτοὺς
861 2325 925 2368 καὶ
952 2327 1283 2380 προτρεπόμενος,
1306 2324 1468 2367 δύναται
1492 2334 1674 2379 φανερω-

261 2396 376 2444 θῆναι
401 2395 617 2451 [Polycarpi
637 2396 860 2452 sententis}

618 2511 778 2551 Eusebii
796 2518 910 2551 vetus
928 2512 1128 2564 Interpres
1146 2511 1320 2550 Rufinus.

317 2591 394 2630 Sed
413 2595 452 2630 et
470 2605 519 2630 ex
535 2591 720 2643 Epistolis
739 2592 831 2644 ejus,
844 2606 939 2644 quas
994 2606 1070 2641 eos,
1115 2597 1155 2632 et
1201 2593 1404 2632 cohortans
1451 2592 1500 2631 ad
1546 2591 1672 2640 fidem,

261 2645 423 2698 scripsit,
457 2646 518 2684 vel
555 2646 604 2684 ad
641 2645 786 2685 vicinas
822 2648 938 2686 ecele-
993 2652 1123 2699 potest
1151 2647 1341 2687 sententis
1369 2647 1452 2698 ejus
1477 2646 1675 2686 evidenter

198 2700 346 2748 sosias,
378 2701 440 2739 vel
473 2700 521 2738 sd
554 2700 702 2751 aliquos
731 2714 780 2739 ex
813 2701 940 2740 fratri-
994 2702 1159 2753 agnosci.

261 2755 343 2801 bus,
370 2767 615 2792 commonens
644 2759 683 2792 et
711 2754 939 2793 confirmans

1022 2822 1092 2852 132
