2034 3204
454 202 516 244 IN
549 201 820 244 CANONES
850 200 1095 243 NICAENI
1128 199 1403 243 CONCILII.
1548 200 1633 240 413

231 307 276 349 τὸ
296 310 469 362 πρᾶγμα.
509 309 627 352 Τινὲς
651 309 730 362 γὰρ
751 307 1014 361 ἐκφεύγοντες
1034 306 1079 347 τὸ
1100 306 1293 359 λέγεσθαι
1311 306 1402 358 περὶ
1424 306 1552 347 αὐτῶν
1571 306 1633 347 ὅτι

232 367 367 409 τόκους
385 365 654 418 λαμβάνουσι,
677 366 832 407 διδόασι
853 367 935 408 τοῖς
954 363 1166 422 χρῄζουσιν
1186 364 1364 416 ἀργύρια,
1387 363 1449 404 καὶ
1469 369 1633 416 συμφω-

233 426 348 464 νοῦσι
377 425 625 476 συμμερίζειν
645 422 777 466 αὐτοῖς
807 421 850 463 τὸ
882 420 1028 474 κέρδος·
1066 421 1130 463 καὶ
1159 421 1205 462 οὐ
1234 423 1443 464 δανειστὰς
1474 421 1634 464 ἑαυτοὺς

233 480 342 522 ἀλλὰ
371 480 657 534 συγκοινωνοὺς
685 478 935 532 ὀνομάζουσι,
956 480 1019 521 καὶ
1047 479 1181 531 ζημίας
1209 477 1263 530 μὴ
1292 478 1406 520 ὄντες
1436 478 1631 525 κοινωνοὶ.

194 541 218 580 5
233 538 297 579 ἐπὶ
316 539 369 593 τῷ
392 537 515 590 κέρδει
533 538 641 593 μόνῳ
663 539 981 590 κοινοπραγοῦσι.
1043 537 1203 578 Usuras
1223 534 1392 600 exigere
1412 535 1634 591 prohiben-

230 599 301 636 tur
341 594 477 636 clerici
514 595 682 637 Canone
720 608 784 635 xx
811 594 1066 650 Apostolico,
1101 599 1144 636 et
1180 593 1436 635 Laodicenae
1473 592 1633 650 Synodi

233 651 401 694 Canone
430 666 486 702 lv,
518 652 797 708 Trullanoque
827 665 872 693 Χ.
933 651 1051 694 Idem
1090 650 1202 694 laicis
1232 650 1404 692 vetitum
1445 656 1509 692 est
1542 649 1633 692 aliis

233 709 480 752 Canonibus.

721 806 942 849 CANON
982 805 1146 848 XVIII.

171 884 219 910 10
290 881 336 923 P.
350 881 448 935 381.
469 880 496 923 l.
511 882 573 924 16.
594 886 718 924 ταῦτα
737 881 824 937 οὖν]
851 884 985 923 Ταῦτα
1003 881 1078 933 μὲν
1098 880 1170 921 οὖν
1192 879 1386 929 Concilia,
1407 878 1482 921 sed
1501 879 1631 921 refra-

230 938 424 995 gantibus
463 937 610 982 ceteris
646 939 859 981 Canonum
897 937 1212 981 Collectionibus
1251 951 1343 979 cum
1383 936 1505 979 editis
1543 943 1633 979 tum

230 995 310 1038 scri
341 996 405 1039 tis.

289 1011 339 1096 Pii
359 1056 456 1111 382.
477 1054 504 1096 l.
526 1067 566 1110 3.
587 1056 781 1105 καθῆσθαι
801 1055 845 1096 ἐν
863 1053 972 1109 μέσῳ
993 1056 1071 1095 τῶν
1094 1051 1410 1108 Πρεσβυτέρων]
1444 1051 1524 1094 Hic
1545 1052 1634 1109 qui-

231 1111 326 1154 dem
366 1111 643 1154 Diaconorum
684 1126 774 1152 cum
815 1110 1079 1167 Presbyteris
1117 1125 1329 1153 consessus
1374 1109 1632 1167 prohibetur.

171 1174 218 1213 15
233 1169 364 1211 Porro
384 1170 529 1211 sedere
550 1168 779 1211 Diaconum
799 1183 937 1211 coram
959 1168 1215 1226 Presbytero
1236 1168 1392 1225 injussu
1412 1167 1500 1224 ejus
1521 1173 1635 1210 vetat

232 1226 453 1269 Laodiceni
479 1226 648 1270 Concilii
673 1226 816 1269 Canon
837 1226 1064 1269 vicesimus.
1129 1226 1386 1268 Conveniens
1416 1225 1526 1268 istud
1557 1232 1633 1275 est,

232 1285 374 1326 κείσθω
395 1286 439 1327 δὲ
458 1284 583 1337 μέσος
603 1286 624 1325 ὁ
644 1287 713 1325 τοῦ
724 1285 969 1326 Ἐπισκόπου
985 1285 1140 1337 θρόνος·
1167 1282 1256 1337 παρ’
1273 1283 1439 1336 ἑκάτερα
1455 1284 1497 1324 δὲ
1515 1283 1634 1325 αὐτοῦ

232 1341 445 1392 καθιζέσθω
466 1342 511 1384 τὸ
530 1342 843 1396 Πρεσβυτερίον,
863 1342 926 1383 καὶ
946 1343 984 1383 οἱ
1005 1342 1196 1383 Διάκονοι
1216 1340 1551 1395 περιστάσθωσαν
1571 1341 1633 1383 εὗ-

232 1403 395 1444 σταλεῖς
415 1402 483 1451 τῆς
503 1400 689 1442 πλείονος
709 1400 886 1450 ἐσθῆτος.
923 1398 1144 1441 Constitut.
1167 1399 1315 1455 Apost.
1339 1399 1396 1447 ΙΙ,
1417 1410 1487 1453 57.
1550 1398 1634 1440 Diu

168 1470 218 1496 20
230 1461 368 1499 tamen
389 1462 533 1513 postea
552 1456 665 1498 haud
685 1456 924 1498 emendatos
946 1455 1222 1498 Diaconorum
1244 1471 1380 1498 mores
1395 1455 1518 1497 fuisse
1539 1471 1635 1512 pro·

230 1514 301 1556 bat
334 1514 503 1556 Concilii
534 1513 720 1556 Trullani
752 1514 896 1556 Canon
936 1514 1146 1570 septimuS,
1177 1528 1259 1570 quo
1298 1513 1365 1555 isti
1401 1513 1633 1570 culpantur,

229 1572 340 1627 quod
369 1586 446 1628 per
476 1586 639 1614 causam
669 1570 842 1614 aliorum
873 1586 1090 1613 munerum
1119 1578 1217 1614 ante
1245 1572 1534 1628 PresbyterOS,
1555 1571 1632 1625 πρὸ

228 1633 307 1672 τῶν
327 1629 634 1684 Πρεσβυτέρων,
655 1629 800 1672 sedere
820 1628 909 1671 ausi
929 1635 1037 1672 sunt.

740 1726 962 1769 CANON
999 1726 1119 1768 XIX.

168 1813 218 1852 25
290 1799 393 1842 Ibid.
411 1799 514 1843 Llo.
537 1801 875 1853 ἆναβαπτίζεσθαι
895 1800 1054 1858 αὐτοὺς]
1077 1799 1346 1866 Augustinus,
1365 1800 1539 1843 Haeresi
1560 1814 1632 1854 44,

231 1864 242 1881 ‘
259 1857 478 1900 Paulianos
507 1858 774 1914 baptisandos
805 1873 894 1900 esse
923 1858 965 1900 in
1000 1858 1184 1900 Ecclesm.
1215 1858 1416 1901 catholica
1450 1859 1490 1900 N
1492 1858 1633 1900 icaeno

232 1921 242 1939 ‘
259 1915 439 1958 Concilio
463 1915 728 1958 constitutum
748 1922 824 1958 est.
858 1916 982 1958 Unde
1000 1916 1251 1958 credendum
1271 1922 1335 1958 est
1355 1931 1424 1958 eos
1444 1916 1632 1974 regulam

232 1979 242 1996 ‘
259 1972 516 2030 baptismatis
535 1988 617 2015 non
637 1979 793 2024 tenere,
815 1988 938 2030 quam
969 1988 1106 2016 secum
1134 1973 1252 2016 multi
1272 1973 1483 2023 haeretici,
1505 1988 1632 2030 quum

231 2036 242 2054 ‘
259 2030 311 2072 de
341 2030 542 2073 catholica
571 2030 841 2081 discederent,
871 2031 1143 2081 abstulerunt,
1168 2046 1342 2088 eamque
1371 2031 1633 2074 custodiunt.’

167 2102 219 2139 30
233 2088 342 2131 Sane
371 2087 644 2131 Paulianistas
673 2088 758 2131 sive
788 2089 1006 2132 Paulianos
1032 2104 1114 2131 non
1139 2089 1365 2146 baptisasse
1396 2090 1439 2131 in
1468 2089 1633 2132 nomine

232 2145 445 2188 Trinitatis
465 2152 637 2197 constat,
651 2146 747 2203 quia
763 2146 974 2190 Christum
988 2162 1139 2204 purum
1155 2161 1244 2189 esse
1264 2147 1471 2189 hominem
1491 2147 1633 2189 crede-

230 2203 344 2254 bant,
366 2209 409 2246 et
429 2203 675 2246 Trinitatem
706 2210 851 2261 aperte
880 2205 1102 2262 negabant,
1124 2204 1234 2247 unde
1264 2211 1307 2247 et
1331 2206 1506 2258 δεύτεροι
1534 2203 1633 2247 Ἰου-

231 2263 334 2303 δαῖοι
362 2261 557 2318 appellati
592 2267 699 2304 sunt.
760 2261 1034 2319 Epiphanius,
1065 2261 1241 2305 Haeresi
1262 2263 1331 2318 65,
1353 2263 1460 2305 οὗτοι
1489 2263 1533 2304 δὲ
1562 2262 1633 2304 τὸν

228 2319 477 2370 Ἰουδαϊσμὸν
496 2321 846 2373 παραφθείροντες,
877 2320 992 2362 οὐδὲν
1015 2322 1301 2374 περισσότερον
1330 2324 1409 2362 τῶν
1429 2319 1633 2362 Ἰουδαίων

167 2390 218 2430 35
232 2375 472 2428 κεκτημένοι,
506 2377 680 2430 δεύτεροι
708 2375 895 2420 Ἰουδαῖοι
937 2377 1212 2430 κληθήσονται,
1250 2378 1312 2419 καὶ
1347 2381 1630 2429 Σαμοσατῖται.

230 2434 298 2474 Hi
326 2448 424 2476 vero
442 2434 722 2476 Judaismum
751 2443 1076 2491 corrumpentes,
1097 2436 1211 2477 nihil
1237 2435 1429 2491 amplius
1446 2435 1634 2477 ‚Iudaeis

231 2491 442 2540 habentes,
457 2493 633 2534 secundi
646 2493 811 2534 Judaei
826 2494 1103 2542 vocabuntur,
1119 2501 1159 2535 et
1173 2493 1480 2535 Samosatitae.
1511 2492 1554 2533 N
1554 2492 1635 2534 ice-

231 2553 296 2589 tas
310 2547 353 2589 in
366 2548 580 2591 Thesauro
595 2549 865 2592 Orthodoxae
878 2549 1007 2599 Fidei,
1020 2550 1089 2592 lib.
1098 2564 1153 2599 Ν,
1167 2549 1329 2592 haeresi
1341 2562 1412 2605 32,
1426 2549 1633 2592 Zenobiae

231 2611 244 2629 ⁴
262 2605 428 2662 Syriam
448 2606 792 2663 Phoeniciamque
807 2607 983 2664 regenti,
999 2621 1126 2663 quum
1141 2608 1294 2650 Paulus
1309 2607 1479 2664 obsequi
1494 2606 1631 2657 vellet,

168 2677 220 2712 40
234 2668 243 2685 ‘
260 2670 308 2705 ut
339 2677 445 2719 quae
471 2663 500 2706 J
502 2663 730 2706 udaismum
759 2665 1039 2721 profiteretur,
1071 2665 1159 2722 ipse
1193 2679 1357 2721 quoque
1383 2679 1511 2707 unum
1542 2679 1632 2707 esse

233 2727 244 2743 ‘
259 2720 396 2762 Deum
417 2720 569 2771 docuit,
591 2721 661 2777 qui
681 2722 821 2772 Pater,
842 2728 885 2765 et
905 2722 1045 2774 Filius,
1067 2728 1110 2765 et
1132 2722 1310 2779 Spiritus
1331 2722 1507 2765 Sanctus
1526 2737 1632 2765 unus

232 2777 451 2834 ‘idemque
480 2778 698 2821 diceretur.
751 2780 870 2822 Unus
896 2779 1018 2832 enim,
1039 2779 1186 2836 inquit,
1207 2781 1324 2822 Deus
1343 2786 1419 2830 est,
1440 2786 1484 2823 et
1504 2780 1632 2822 Filius

231 2841 241 2859 ‘
259 2835 347 2892 ejus
375 2835 418 2877 in
445 2850 507 2886 eo,
528 2836 871 2892 quemadmodum
891 2837 934 2880 in
954 2837 1119 2881 homine
1138 2838 1303 2881 sermo.’
1364 2838 1480 2882 Idem
1500 2837 1632 2881 tradit
