2034 3204
207 731 289 763 Tob.
308 732 351 764 iv.

211 774 309 808 Prov.
327 787 383 808 xv.

429 223 515 267 296
932 226 973 267 S.
1010 225 1331 267 CYPRIANI

430 345 598 376 manae
613 330 867 377 infirmitas
883 338 1027 391 atque
1042 331 1345 377 imbecillitas
1352 331 1540 384 faceret,
1549 330 1642 375 nisi
1655 330 1828 375 iterum

427 407 581 466 pietas
616 408 782 454 divina
815 409 1115 462 subveniens,
1144 408 1366 469 justitiae
1402 413 1449 452 et
1483 407 1832 453 misericordiae

428 485 651 545 operibus
670 486 887 539 ostensis,
903 486 1032 531 viam
1051 487 1293 545 quandam
1312 486 1516 530 tuendae
1534 484 1703 530 salutis
1723 499 1832 543 ape-

428 562 559 615 riret,
584 568 637 607 ut
662 564 816 608 sordes
845 563 1150 622 postmodum
1174 577 1481 621 quascunque
1504 561 1832 607 contrahimus

428 640 738 699 eleemosynis
774 641 1036 685 abluamus.
1111 640 1350 699 Loquitur
1383 639 1434 684 in
1467 638 1726 699 Scripturis
1760 637 1868 686 di-5

428 718 552 763 vinis
586 717 794 777 Spiritus
825 718 1040 771 Sanctus,
1070 725 1115 763 et
1152 717 1283 771 dicit,
1307 715 1625 779 Eleemosynis
1659 722 1701 762 et
1731 714 1833 777 fide

430 793 593 841 delicta
609 799 890 858 pmyantm.
962 795 1071 840 Non
1097 795 1264 855 utique
1289 796 1372 840 illa
1395 795 1568 840 delicta
1585 809 1707 854 quae
1729 793 1833 839 fue-

429 880 539 918 rant
585 879 695 919 ante
744 879 998 919 contracta.
1069 873 1198 918 Nam
1243 873 1328 918 illa
1368 872 1553 919 Christi
1600 871 1833 934 sanguine

428 958 475 995 et
521 949 894 996 sanctificatione
943 956 1223 1012 purgantur.
1318 949 1453 995 Idem
1500 950 1655 995 denuo
1700 949 1832 1003 dicit,

209 1026 562 1080 Eoe1m38.Sieut
598 1043 718 1089 aqua
753 1028 1005 1091 eaestz'nquit
1040 1027 1204 1091 iynem,
1241 1028 1308 1073 sic
1342 1025 1622 1088 eleemosyna
1657 1026 1833 1072 exstin-
1850 1038 1897 1064 10

423 1105 527 1169 'quit
553 1111 803 1168 peccatum.
877 1105 972 1150 Hic
995 1120 1184 1165 quoque
1218 1104 1486 1150 ostenditur
1519 1111 1567 1150 et
1602 1104 1834 1163 probatur

428 1183 544 1244 quia
567 1184 690 1230 sicut
713 1185 902 1229 lavacro
919 1198 1070 1242 aquae
1089 1181 1312 1228 salutaris
1335 1182 1580 1242 gehennae
1603 1180 1730 1243 ignis
1754 1196 1835 1227 ex-

429 1261 709 1323 stinguitur,
746 1261 815 1307 ita
855 1268 903 1306 et
943 1259 1254 1321 eleemosynis
1295 1265 1438 1319 atque
1478 1258 1834 1318 operationibus

422 1338 570 1399 justis
594 1339 875 1384 delictorum
894 1337 1088 1383 flamma
1111 1338 1313 1398 sopitur.
1385 1337 1454 1383 Et
1477 1337 1591 1396 quia
1615 1338 1758 1382 semel
1781 1336 1832 1382 in

430 1416 667 1476 baptismo
689 1415 886 1462 remissa
909 1423 1209 1475 peccatorum
1233 1416 1387 1469 datur,
1413 1414 1604 1460 assidua
1627 1420 1676 1460 et
1697 1414 1832 1476 jugis
1850 1430 1897 1470 15

429 1493 643 1553 operatio
679 1493 905 1553 baptismi
941 1493 1093 1539 instar
1127 1493 1318 1538 imitata
1352 1492 1444 1538 Dei
1470 1490 1624 1553 [sors.
1650 1490 1833 1553 Deum]

430 1586 595 1617 rursus
618 1570 967 1633 indulgentiam
994 1570 1212 1632 largitur.
1285 1570 1392 1615 Hoc
1420 1576 1467 1615 et
1491 1570 1542 1615 in
1567 1569 1834 1631 Evangelio

430 1647 667 1693 Dominus
695 1649 844 1693 docet.
916 1646 1044 1693 Nam
1068 1663 1214 1707 quum
1240 1648 1582 1692 denotarentur
1609 1644 1833 1705 discipuli

430 1726 534 1787 ejus
564 1726 690 1785 quod
726 1726 930 1777 ederent,
958 1741 1040 1771 nec
1079 1724 1209 1785 prius
1245 1740 1416 1770 manus
1450 1723 1728 1777 abluissent,
1760 1738 1834 1769 re-

210 1806 290 1840 Luc.
303 1807 348 1839 xi·
361 1817 414 1847 41-
430 1803 638 1863 spondit,
662 1809 709 1848 et
732 1803 873 1858 dixit,
896 1801 1121 1864 Quifecz't
1144 1801 1267 1864 quod
1288 1801 1412 1847 intus
1436 1799 1633 1864 estfecit
1656 1805 1697 1846 et
1715 1798 1838 1862 quod
1850 1823 1900 1849 20

413 1878 548 1943 foris
588 1886 665 1927 est.
749 1878 915 1926 Verum
957 1879 1060 1926 date
1104 1878 1443 1941 eleemosynam,
1481 1883 1522 1924 et
1562 1893 1673 1932 ecee,
1708 1875 1833 1924 vobis

430 1956 602 2005 munda
649 1956 818 2003 omnia.
889 1957 1076 2003 Docens
1123 1956 1302 2003 scilicet
1346 1962 1393 2002 et
1438 1956 1691 2002 ostendens
1738 1969 1834 2000 non

430 2051 601 2082 manus
626 2036 852 2081 lavandas
871 2051 984 2087 esse,
1001 2036 1080 2081 sed
1107 2040 1287 2095 pectus,
1304 2040 1349 2079 et
1370 2035 1529 2080 sordes
1548 2032 1834 2079 intrinsecus

430 2113 589 2173 potius
634 2128 780 2173 quam
827 2112 1124 2158 extrinsecus
1170 2112 1501 2164 detrahendas,
1545 2125 1711 2156 verum
1751 2109 1834 2170 qui

430 2190 708 2252 purgaverit
731 2191 858 2250 quod
882 2196 955 2236 est
978 2189 1121 2242 intus,
1147 2204 1254 2235 eum
1280 2204 1470 2249 quoque
1493 2188 1541 2234 id
1567 2188 1691 2248 quod
1718 2187 1835 2234 foris
1851 2198 1900 2238 25

431 2274 502 2314 est
538 2283 832 2329 repurgasse,
857 2274 905 2313 et
939 2267 1198 2313 emundata.
1234 2272 1404 2319 mente,
1429 2272 1536 2311 cute
1565 2280 1753 2325 quoque
1787 2271 1836 2310 et

431 2360 623 2405 corpore
650 2346 879 2390 mundum
905 2359 1006 2389 esse
1022 2343 1243 2403 coepisse.
1287 2343 1439 2388 Porro
1455 2348 1614 2388 autem
1639 2356 1836 2387 monens

431 2429 478 2469 et
513 2422 764 2468 ostendens
802 2422 925 2467 unde
964 2420 1126 2466 mundi
1162 2426 1209 2466 et
1236 2419 1429 2481 purgati
1454 2434 1555 2465 esse
1586 2418 1834 2478 possimus,

431 2500 618 2547 addidit
641 2501 961 2560 eleemosynas
985 2513 1085 2544 esse
1100 2497 1353 2544 faciendas,
1405 2496 1676 2543 Misericors
1700 2496 1837 2542 docet

431 2586 478 2623 et
503 2584 662 2623 monet
686 2575 1058 2623 misericordiam
1077 2575 1206 2630 fieri3
1238 2583 1287 2621 et
1310 2574 1425 2635 quia
1443 2588 1631 2620 servare
1649 2572 1836 2633 quaerit
1849 2590 1901 2627 30

431 2670 548 2715 quos
586 2670 760 2717 magno
795 2653 948 2714 pretio
983 2652 1197 2706 redemit,
1223 2659 1329 2713 post
1366 2650 1590 2712 baptismi
1626 2650 1834 2713 gratiam

430 2734 697 2779 sordidatos
721 2733 856 2778 docet
879 2732 1036 2777 denuo
1061 2746 1194 2790 posse
1221 2729 1429 2791 purgari.
1501 2728 1833 2792 Agnoscamus

432 2811 606 2869 itaque,
628 2809 797 2856 fratres
823 2807 1070 2861 carissimi,
1090 2807 1280 2854 divinae
1306 2806 1631 2869 indulgentiae
1660 2819 1833 2851 munus
