2034 3204
349 215 410 256 IN
442 213 726 256 TERTULL.
759 212 837 253 DE
870 208 1245 252 PRAESCRIPT.
1282 207 1456 249 HAER.
1549 206 1627 249 191

232 336 346 364 suam
379 320 644 379 posteriorem
676 317 845 374 recepit,
875 330 982 382 quae
1013 329 1122 357 anno
1157 315 1269 368 1634
1297 311 1462 369 prodiit.
1527 312 1634 353 Con-

227 380 387 436 jecerat
424 384 562 421 autem
599 375 771 418 Latinus
807 373 994 417 Latinius
1028 372 1070 414 in
1107 371 1364 414 Bibliotheca
1397 383 1472 411 sua
1505 369 1634 411 Sacra

232 444 276 479 et
305 436 498 485 Profana,
528 449 569 492 p.
597 446 690 488 197,
721 431 1023 475 emendandum
1055 444 1157 478 esse,
1187 443 1272 470 no‘n
1301 435 1511 484 quantum
1545 427 1632 468 sint

232 509 309 551 pro
329 502 540 550 quantum
567 493 668 534 sint.
729 491 821 548 Ego
846 489 959 531 nulla
987 489 1135 530 harum
1165 485 1385 528 lectionum
1416 490 1633 526 contentus

196 563 219 601 5
233 566 434 608 reponere
467 549 610 598 ausim,
646 557 855 605 quantum
887 548 1058 603 possint
1091 559 1168 602 pro
1202 551 1411 600 quantum
1449 544 1550 591 sint,
1586 548 1633 583 ut

233 610 344 652 locus
374 609 433 652 ita
461 608 639 666 legatur,
660 607 774 663 quod
799 613 967 648 tamum
997 605 1188 646 haereses
1213 602 1401 649 valeant,
1423 607 1633 656 quantum

287 668 408 710 seint.

226 681 338 766 poP.
360 736 452 766 122.
474 724 502 765 l.
526 736 590 780 13.
623 722 759 774 Quum
781 719 881 777 quid
910 719 1099 762 sortitum
1130 723 1206 767 est,
1227 722 1275 759 ut
1303 715 1536 758 omnimodo
1566 714 1632 763 sit,

233 781 338 824 sicut
368 796 530 824 causam
560 779 707 836 accipit
737 779 789 820 ob
820 792 943 834 quam
973 777 1038 824 sit,
1071 775 1127 818 sic
1149 775 1229 817 vim
1260 772 1537 830 consequitur,
1558 787 1634 829 per

174 853 357 896 mquam
397 839 463 889 sit,
497 853 549 880 ne
583 852 671 880 esse
711 851 793 879 non
827 833 991 893 possit.]
1027 834 1093 876 Ita
1127 847 1180 875 ex
1214 831 1462 875 editionibus
1493 830 1637 887 Rigal-

234 897 388 940 tianam
409 895 746 939 antecedentibus
766 894 897 936 locum
918 890 1240 949 repraesentavi,
1262 890 1359 931 dum
1383 903 1459 932 nec
1484 903 1561 945 pro
1587 903 1639 930 ne

235 955 390 997 habent
410 954 527 996 editt.
549 967 689 995 omnes
708 958 806 994 ante
828 950 1110 994 Gelenianam.
1160 947 1368 1004 Rigaltius
1384 961 1481 988 vero
1498 960 1638 988 vocem

234 1014 347 1054 sicut
375 1011 522 1061 omisit,
547 1016 590 1054 et
619 1012 723 1053 haec
752 1024 829 1066 pro
859 1010 923 1051 sic
952 1007 1100 1073 posuit.
1161 1006 1299 1047 Minus
1329 1005 1447 1054 bene,
1479 1003 1637 1060 opinor.

237 1070 414 1126 Insuper
445 1068 655 1112 Cardinali
686 1066 919 1118 Thomasio‚
951 1065 1062 1107 istud
1095 1064 1190 1106 licet
1228 1068 1381 1112 secuto,
1412 1068 1519 1104 teste
1548 1061 1638 1103 viro

175 1133 221 1172 15
237 1127 370 1176 docto,
391 1126 462 1184 qui
481 1127 590 1168 hunc
611 1124 857 1168 Tertulliani
881 1124 1030 1166 librum
1052 1123 1210 1164 Romae
1229 1135 1338 1163 anno
1367 1122 1443 1169 176
1446 1130 1474 1176 5
1495 1119 1637 1168 edidit,

236 1185 386 1227 clarior
421 1190 464 1227 et
498 1183 714 1226 dilucidior
748 1183 882 1225 altera
915 1180 1036 1223 lectio
1066 1179 1296 1222 videbatur.
1358 1177 1639 1234 Restituitque

236 1257 327 1285 eam
342 1242 602 1285 Christianus
619 1241 773 1297 Lupus.
815 1239 958 1283 Verba
977 1244 1129 1286 autem,
1150 1238 1238 1280 vim
1258 1237 1542 1291 consequitur,
1556 1250 1640 1300 per

236 1315 369 1357 quam
407 1301 478 1349 sit,
508 1299 551 1342 id
583 1298 814 1355 significare
843 1296 1020 1344 videtur,
1081 1294 1235 1337 endere
1274 1293 1336 1335 rei
1376 1293 1638 1335 existentiam

237 1356 415 1400 efficacia
444 1371 546 1408 sua,
576 1356 633 1398 sic
653 1369 817 1412 quoque
844 1354 972 1396 habes
999 1310 1121 1402 inii-a,
1141 1354 1246 1394 dum
1268 1359 1463 1407 possunt,
1483 1351 1639 1392 habent

174 1434 224 1460 20
237 1430 333 1459 esse.
394 1414 668 1457 Nihilominus
697 1427 774 1470 pro
799 1411 934 1455 verbis
963 1411 1130 1459 ultimis,
1157 1424 1232 1452 nec
1260 1423 1346 1451 esse
1374 1423 1459 1450 non
1483 1410 1639 1474 possit,

236 1472 382 1515 melius
408 1472 498 1514 fore
527 1471 686 1528 opinor,
707 1485 782 1514 mc
810 1477 886 1520 est,
906 1469 940 1511 si
970 1483 1055 1512 non
1078 1468 1232 1524 possit.
1291 1465 1521 1523 Rescripmt
1541 1480 1640 1508 vero

239 1529 495 1574 Wouwerius
532 1529 576 1571 in
610 1528 848 1571 Emendatt.
885 1526 1064 1584 Epidict.
1101 1525 1156 1568 ad
1198 1525 1342 1582 Opera
1380 1523 1640 1573 Tertulliani,

236 1588 313 1632 Sic
331 1589 420 1630 vim
439 1594 734 1644 consequatur,
748 1601 831 1642 per
850 1600 982 1642 quam
1001 1586 1060 1627 sit
1079 1597 1254 1633 necesse,
1273 1590 1335 1624 est
1354 1590 1403 1624 ut
1415 1583 1571 1638 possit.

295 1644 400 1688 Ibid.
432 1645 460 1688 l.
485 1645 549 1686 18.
592 1659 727 1700 neque
759 1643 856 1700 quia
894 1649 958 1685 est
998 1640 1215 1696 miramur]
1257 1640 1388 1692 Quia,
1413 1639 1525 1696 apud
1565 1639 1642 1681 hos

175 1712 223 1752 25
237 1702 458 1760 scriptores
487 1702 598 1745 valet
627 1702 754 1758 quod.

295 1761 343 1803 P.
369 1773 462 1816 123.
491 1760 518 1802 1.
546 1773 609 1816 ¹5·
641 1759 765 1802 etiam
800 1763 1018 1815 superatus
1052 1756 1229 1812 recedit]
1271 1754 1475 1811 Loquitur
1507 1754 1643 1810 Septi-

235 1817 342 1860 mius
380 1818 459 1860 hoc
498 1818 587 1860 loco
630 1817 684 1860 de
725 1816 977 1860 athletarum
1024 1813 1316 1871 compositione
1354 1813 1397 1854 in
1440 1812 1643 1870 agonibus

237 1875 403 1918 usitata.

298 1933 344 1975 P.
374 1945 465 1986 ¹24·
497 1932 525 1974 l.
556 1946 588 1974 ι.
624 1946 650 1974 a
683 1931 846 1988 regula]
882 1930 925 1973 h.
945 1944 981 1972 e.
1017 1935 1065 1972 ut
1096 1929 1156 1972 ait
1189 1927 1399 1971 Semlerus
1438 1927 1505 1970 ad.
1541 1926 1642 1970 edit--

176 2012 228 2049 30
240 2005 356 2033 suam
378 1990 614 2039 Halensem,
631 2003 658 2032 a
677 1989 877 2055 symbolo,
898 2003 925 2030 a
943 1987 1027 2030 fide
1046 1986 1261 2030 catholica.
1293 1985 1376 2028 Adi
1395 2000 1486 2042 cap.
1505 1998 1569 2040 13.

300 2048 347 2090 P.
374 2057 468 2103 125.
497 2047 524 2089 l.
548 2058 616 2102 25.
645 2046 866 2104 adjungat]
895 2045 963 2089 Sic
983 2045 1148 2102 quidem
1175 2049 1270 2101 post
1296 2043 1394 2085 edit.
1416 2042 1643 2100 principem

241 2105 424 2161 aliasque
457 2104 586 2147 edidit
621 2104 842 2162 Rigaltius.
902 2103 1085 2146 Positum
1127 2108 1190 2145 est
1228 2102 1431 2157 adjunyit
1464 2101 1508 2142 in
1539 2100 1641 2143 edit.

242 2162 423 2205 Franek.
445 2162 556 2219 quod
584 2161 627 2204 in
647 2161 824 2219 Anglico
849 2161 973 2204 MSto
1003 2166 1169 2203 exstare
1198 2159 1257 2202 ait
1278 2158 1496 2201 Pamelius.
1558 2158 1645 2201 Sed

241 2221 427 2321 gdjuiyat
455 2219 676 2278 legendum
707 2218 880 2276 conjecit
910 2219 1152 2262 Franciscus
1180 2217 1344 2266 Junius,
1369 2217 1573 2274 probante
1602 2222 1646 2258 et

245 2302 256 2320 t
276 2293 339 2320 em
357 2292 440 2320 ero.

179 2295 230 2335 35
301 2336 348 2377 P.
377 2335 518 2378 126.1.
541 2335 580 2377 8.
601 2349 693 2377 cum
714 2334 891 2377 maxime
911 2333 1062 2376 diverti
1091 2333 1146 2375 ad
1175 2331 1376 2390 ejusmodi
1405 2331 1644 2388 objurgans,

243 2398 286 2435 et
316 2392 466 2435 docens
486 2392 579 2449 &c.]
610 2392 680 2434 Ita
699 2392 788 2435 fere
817 2392 934 2434 editt.
955 2398 1052 2434 ante
1083 2390 1325 2448 Rigaltium,
1347 2389 1424 2431 nisi
1444 2389 1556 2446 quod
1585 2390 1647 2430 ad

244 2465 320 2506 pro
350 2451 407 2492 ab
436 2464 489 2492 ex
517 2449 663 2492 ultima
682 2450 875 2492 Rhenani
896 2450 992 2492 edit.
1014 2455 1140 2506 atque
1160 2448 1259 2491 edit.
1282 2446 1505 2490 Parisiensi
1534 2452 1649 2488 utra-

243 2522 325 2564 que
352 2507 482 2550 libens
509 2507 684 2564 reposui.
746 2508 876 2550 Recte
895 2508 1071 2550 fortasse
1092 2506 1251 2549 notavit
1269 2506 1298 2548 J
1301 2505 1437 2555 unius,
1457 2519 1546 2546 esse
1569 2504 1648 2546 hoc

181 2565 333 2622 401000
353 2580 449 2608 cum
469 2567 654 2608 maoeime
673 2564 781 2608 idem
801 2579 850 2608 ac
870 2580 1001 2622 quam
1021 2566 1220 2607 maxime.
1282 2562 1350 2605 Sic
1370 2568 1413 2605 et
1432 2561 1530 2604 alibi
1546 2562 1647 2604 Ter-

245 2622 452 2665 tullianus.
515 2622 599 2665 Sed
629 2622 835 2679 Rigaltius
873 2622 1022 2679 posuit,
1053 2637 1150 2664 cum
1179 2622 1365 2663 naza-ime
1399 2621 1560 2662 diverti
1593 2620 1648 2661 ab

244 2681 451 2736 ejusmodi
471 2681 673 2736 objuryet,
694 2681 868 2723 edocens
888 2680 965 2722 διο.
1027 2679 1166 2722 Minus
1185 2684 1312 2720 recte.

303 2737 409 2780 Ibid.
432 2738 459 2780 l.
490 2751 500 2778 ι
510 2747 552 2793 5.
582 2743 676 2794 post
702 2737 877 2794 primam
902 2736 1219 2794 correptionem]
1242 2735 1379 2778 Hodie
1399 2735 1509 2777 hunc
1529 2733 1648 2776 Pauli

245 2795 378 2838 locum
399 2800 636 2838 constanter
649 2795 847 2852 legimus:
871 2796 1152 2838 Haereticam
1171 2795 1381 2837 hominem
1390 2800 1495 2859 post
1514 2806 1649 2834 unam

182 2868 232 2907 45
246 2861 325 2896 aut
345 2854 531 2896 alteram
552 2855 856 2909 correptionem
876 2854 1034 2896 devita.
1084 2852 1256 2895 Codices
1275 2851 1402 2908 aliqui
1422 2850 1648 2894 omiserunt
