2034 3204
600 269 683 311 DE
717 268 881 310 ZELO
915 268 994 310 ET
1028 268 1290 310 LIVORE.
1558 269 1644 310 323

243 377 373 431 Quid
398 377 449 424 in
475 378 566 424 zeli
597 379 814 424 tenebras
838 377 952 430 ruiS‚
976 377 1093 437 quid
1118 384 1165 423 te
1189 377 1355 423 nubilo
1379 377 1542 423 livoris
1574 379 1646 424 iu-

243 454 409 509 volvis,
424 455 541 515 quid
566 455 775 502 invidiae
793 454 1020 501 caecitate
1042 469 1182 500 omne
1205 455 1336 514 pacis
1359 461 1406 500 et
1429 455 1645 501 caritatis

243 532 404 578 lumen
421 533 705 595 exstinguis,
720 532 837 592 quid
852 533 913 577 ad
931 531 1174 577 diabolum
1192 531 1271 577 cui
1286 531 1646 577 renuntiaveras

243 608 384 664 redis,
409 609 526 669 quid
551 610 674 656 Cain
697 608 867 656 similis
891 607 1099 655 existis?
1152 607 1415 654 Homicidii
1440 623 1647 668 namque

207 685 453 738 5facinore
483 686 747 749 constringi
778 701 887 732 eum
911 685 996 746 qui
1026 685 1254 731 zelaverit
1282 692 1330 732 et
1357 685 1468 731 odio
1495 685 1648 731 habu-

243 763 336 808 erit
376 763 575 809 fratrem
620 779 762 810 suum
802 764 1010 809 declarat
1045 762 1077 808 J
1079 778 1255 808 oannes
1290 763 1553 823 Apostolus
1596 762 1646 808 in

243 840 444 901 epistola
478 857 578 895 sua,
613 841 790 895 dicens,
825 839 919 899 Qui
943 838 1151 902 fratrem
1186 856 1319 886 suum
1355 839 1467 896 odit,
1501 838 1866 887 homi-1J0an.iii.

243 917 349 965 cida
389 925 454 967 est
474 935 489 971 ,·
539 924 580 965 et
619 919 748 965 scitis
783 919 892 980 quia
932 918 1081 964 omnis
1115 916 1346 964 homicida
1388 933 1479 964 non
1520 903 1715 965 lcabet¹⁵'

245 995 297 1042 in
330 1011 378 1043 se
411 996 551 1043 vitam
587 1002 853 1043 manentem.
924 995 993 1042 Et
1027 996 1216 1050 iterum,
1244 994 1338 1054 Qui
1370 995 1484 1042 dicit
1517 1012 1564 1043 se
1598 996 1867 1047 intJoan·ii-9·

185 1072 343 1122 toluee
398 1089 503 1129 esse,
550 1080 592 1120 et
631 1073 840 1137 fratrem
893 1089 1026 1120 suum
1078 1072 1188 1125 odit,
1236 1074 1286 1119 in
1341 1072 1534 1120 tenebris
1587 1080 1652 1120 est

245 1167 387 1215 usque
421 1150 585 1207 adbuc,
618 1158 661 1199 et
695 1152 746 1198 in
779 1150 973 1198 tenebris
1002 1150 1217 1206 ambulat,
1247 1157 1289 1197 et
1324 1166 1415 1197 non
1445 1152 1531 1198 seit
1562 1167 1651 1214 quo

248 1234 334 1283 eat,
398 1229 615 1291 quoniam
672 1227 878 1276 tenebrae
933 1235 1291 1275 eaecaeeavermzt
1342 1227 1495 1274 oculos
1544 1228 1651 1289 ejus.

246 1306 344 1361 Qui
370 1307 486 1363 odit,
513 1308 685 1368 inquit,
710 1307 907 1353 fratrem
933 1322 1087 1361 suum,
1113 1307 1163 1352 in
1189 1307 1396 1352 tenebris
1421 1307 1650 1361 ambulat,

246 1392 296 1432 et
319 1402 414 1432 non
438 1387 527 1433 scit
549 1402 645 1447 quo
668 1393 758 1433 eat.
830 1386 878 1432 It
901 1386 1028 1431 enim
1061 1386 1248 1432 nescius
1280 1386 1330 1432 in
1365 1386 1650 1448 gehennam,

186 1463 445 1527 15ignarus
477 1470 525 1510 et
554 1479 718 1510 caecus
747 1462 1091 1524 praecipitatur
1114 1463 1163 1508 in
1188 1478 1405 1523 poenam,
1431 1464 1651 1509 recedens

245 1541 424 1589 scilicet
458 1558 487 1588 a
518 1541 700 1588 Christi
734 1540 915 1588 lumine
950 1540 1201 1595 monentis,
1230 1548 1277 1586 et
1311 1541 1525 1595 dicentiS,
1552 1539 1652 1605 Eyo
1663 1554 1762 1586 Joan.
1780 1553 1846 1584 viii.

244 1634 346 1665 sum
382 1617 534 1666 lumen
569 1618 744 1665 meandi.
816 1617 910 1677 Qui
943 1633 1012 1664 me
1040 1624 1218 1664 secutus
1238 1616 1408 1681 suerit,
1434 1634 1524 1664 non
1557 1608 1717 1664 ατη-η’

245 1695 416 1744 bulabit
438 1697 490 1744 in
514 1696 722 1751 tenebris,
747 1695 828 1743 sed
848 1694 1024 1742 habebit
1047 1695 1198 1742 lumen
1223 1697 1354 1743 vitae.
1424 1697 1656 1757 Sequitur

257 1779 421 1820 autem
460 1775 708 1821 Christum
749 1775 834 1835 qui
880 1775 1142 1835 praeceptis
1188 1775 1292 1837 ejus
1338 1775 1532 1827 insistit,
1572 1775 1656 1835 qui

186 1878 237 1904 20
255 1865 342 1911 per
367 1851 634 1913 magisterii
665 1852 768 1913 ejus
792 1852 921 1898 viam
953 1853 1184 1914 graditur,
1210 1852 1295 1912 qui
1321 1852 1522 1914 vestigia
1553 1853 1657 1914 ejus

251 1935 396 1989 atque
442 1929 616 1975 itinera
661 1935 884 1983 sectatur,
931 1929 1015 1989 qui
1069 1929 1118 1975 id
1164 1931 1292 1990 quod
1338 1930 1563 1976 Christus
1609 1937 1658 1976 et

249 2006 413 2053 docuit
462 2013 510 2052 et
555 2006 668 2053 fecit
717 2007 952 2061 imitatur,
999 2008 1259 2053 secundum
1305 2009 1432 2068 quod
1482 2009 1655 2054 Petrus

250 2098 440 2144 quoque
474 2083 695 2130 hortatur
728 2090 775 2130 et
808 2090 984 2139 monet,
1019 2084 1194 2138 dicens,
1231 2083 1447 2133 Christus
1489 2098 1875 2147 passu31Pet.ii.21.

251 2166 316 2208 est
352 2175 441 2223 pro
481 2159 623 2216 nobiS,
658 2159 921 2224 relinquens
961 2160 1084 2208 vobis
1123 2161 1376 2224 eae'emplum
1414 2168 1463 2209 ut
1496 2179 1655 2226 sequa-

186 2259 237 2299 25
253 2238 371 2285 mini
393 2238 583 2302 vestiyia
607 2237 714 2299 ejus.

319 2316 408 2363 VI.
458 2316 736 2363 Meminisse
781 2317 1007 2363 debemus
1052 2334 1147 2378 quo
1192 2319 1421 2365 vocabulo
1469 2321 1655 2380 plebem
1668 2335 1746 2366 Non
1762 2337 1864 2365 teme-

253 2409 390 2440 suam
427 2393 650 2440 Christus
697 2396 918 2454 appellet,
952 2410 1048 2455 quo
1089 2396 1233 2442 titulo
1272 2413 1467 2459 gregem
1515 2414 1655 2444 suum
1668 2378 1859 2453 fgsdgffiffu'

252 2477 510 2531 nuncupet.
590 2470 704 2518 Oves
735 2472 964 2526 nominat,
987 2479 1043 2518 ut
1077 2473 1348 2520 innocentia
1376 2474 1655 2521 Christiana
1667 2464 1874 2540 faffftassffl'

252 2548 419 2594 ovibus
443 2555 705 2609 aequetur3
745 2565 885 2613 aqnos
907 2556 1060 2605 vocat,
1083 2557 1140 2597 ut
1166 2566 1398 2613 agnorum
1430 2558 1651 2599 naturam
1663 2553 1802 2634 &3:2²2

189 2651 242 2687 30
254 2624 517 2686 simplicem
555 2627 835 2687 simplicitas
875 2629 1049 2675 mentis
1090 2628 1319 2675 imitetur.
1389 2629 1519 2683 Quid
1564 2631 1653 2676 sub
1664 2658 1747 2690 Luc·
1764 2668 1797 2689 x.
1813 2666 1847 2697 3„

254 2703 433 2750 vestitu
456 2704 619 2750 ovium
642 2706 785 2765 lupus
808 2706 983 2759 latitat,
1007 2706 1124 2766 quid
1147 2722 1339 2770 gregem
1364 2707 1548 2754 Christi
1571 2709 1656 2768 qui

255 2794 306 2825 se
343 2779 674 2827 Christianum
708 2781 940 2828 mentitur
974 2782 1213 2829 infamat?
1270 2784 1450 2831 Christi
1488 2801 1661 2832 nomen

257 2855 468 2911 induere,
492 2863 540 2903 et
563 2873 658 2904 non
687 2873 771 2918 per
795 2858 978 2906 Christi
1002 2860 1130 2906 viam
1156 2876 1363 2924 pergere,
1389 2863 1505 2923 quid
1529 2864 1661 2910 aliud

1074 2955 1100 2982 Y
1123 2954 1146 2983 2
