1988 3216
482 247 543 288 IN
577 247 620 290 S.
647 245 980 289 POLYCARPI
1012 245 1362 289 EPISTOLAM.
1570 248 1628 292 29

221 358 232 375 ‘
252 367 336 395 non
355 354 615 397 abstinuerit
634 368 677 396 se
697 354 753 396 ab
772 354 984 402 avaritia,
1002 351 1147 395 habuit
1163 354 1408 404 πλεονεξίας.
1471 354 1627 395 Verum

221 416 230 433 ‘
253 424 415 452 sensum
437 411 591 468 optime
610 411 790 454 illustrat
811 411 1004 454 Suicerus
1025 424 1048 452 e
1071 410 1200 453 Clem.
1224 410 1343 452 Alex.
1367 410 1626 483 Strom3111.

221 473 232 547 ἶ
253 466 1407 581 122t⁶tlffr²3ffl⁶²lzu⁷itff3”;i‘t'‘332“1332232,
1420 484 1628 581 ῗωέπζῖἑ

184 593 206 632 5
223 587 232 605 ‘
255 597 385 625 uxore
415 597 498 625 non
522 589 585 626 est
611 588 840 633 contentus,
861 582 935 626 sed
961 540 1098 626 affiena
1123 581 1200 624 sibi
1225 582 1428 624 vendicat.
1488 585 1628 640 Atque

222 639 312 682 ‘ita
351 640 459 683 hanc
498 655 639 683 vocem
675 640 954 698 recipiendam
993 655 1082 684 esse
1116 639 1219 690 vult,
1256 639 1305 682 cl.
1338 639 1534 682 Heinsius
1571 641 1628 683 ad

221 703 232 720 ‘
254 697 363 754 Eph.
385 712 422 740 v.
441 710 482 754 3.
513 698 669 741 Suicer.
695 698 738 740 in
763 713 850 740 voc.
872 699 1110 750 πλεονεξία.’
1168 697 1316 753 Neque
1347 697 1479 755 magis
1508 698 1627 740 dubi-

219 755 337 798 tabat
363 754 459 797 olim
488 755 747 808 Pearsonius,
769 756 868 812 quin
896 755 1082 798 moechia
1110 760 1324 812 peccatum
1351 755 1477 798 fuerit
1506 755 1628 813 hujus

220 811 422 855 Valentis.
459 813 554 856 Vid.
587 813 799 856 Vindicias
839 813 927 870 ejus
962 812 1219 870 Ignatianas,
1253 818 1362 870 part.
1396 827 1441 855 11.
1474 827 1565 870 cap.
1587 815 1626 856 8.

160 883 207 910 10
221 883 261 926 p.
282 883 376 925 195.
398 870 463 913 ed.
486 871 607 913 Cant.

278 927 384 970 Ibid.
404 927 432 970 1.
451 938 518 982 27.
539 927 609 984 qui
637 927 734 971 estis
760 927 802 970 in
830 927 1030 985 principio
1052 927 1261 985 Epistolae
1289 927 1398 985 ejus]
1422 928 1627 985 Supplere

219 984 307 1027 vult
329 985 514 1028 Smithus
536 987 723 1036 laudati,
740 986 805 1028 vel
826 985 1035 1043 quippiam
1057 986 1154 1028 tale.
1205 985 1313 1028 Vide
1333 1001 1462 1043 supra
1481 1001 1570 1043 cap.
1592 1001 1624 1029 ι.

277 1043 324 1085 Ρ.
344 1056 408 1100 19.
431 1043 457 1085 l.
473 1055 517 1099 5.
544 1050 588 1087 et
614 1043 717 1086 nihil
741 1058 813 1086 vos
842 1044 964 1100 latet]
991 1042 1063 1086 Ait
1093 1043 1136 1087 S.
1149 1044 1335 1086 Joannes
1358 1043 1401 1086 in
1426 1044 1625 1101 Epistola,

220 1100 299 1142 Καὶ
332 1102 443 1153 ὑμεῖς
475 1102 627 1156 χρίσμα
662 1101 777 1156 ἔχετε
817 1100 896 1143 ἀπὸ
929 1103 998 1143 τοῦ
1026 1099 1180 1155 Ἀγίου,
1213 1101 1275 1143 καὶ
1310 1103 1441 1144 οἴδατε
1481 1102 1627 1153 πάντα,

159 1169 205 1207 15
225 1171 239 1199 1
272 1158 395 1201 Joan.
416 1158 457 1200 ii.
477 1171 542 1201 20.
604 1159 748 1201 Verba
772 1165 925 1207 autem,
953 1172 1060 1214 quae
1086 1164 1327 1214 sequuntur,
1348 1160 1459 1201 mihi
1482 1168 1626 1202 autem

217 1230 302 1258 non
316 1224 377 1259 eet
391 1230 630 1259 concessum
644 1218 781 1265 modo,
798 1219 1085 1269 παρενθετικῶς
1100 1215 1234 1273 posita
1249 1215 1454 1258 videntur.
1514 1218 1626 1274 Apte

211 1273 480 1373 ἓᾶροιξὶὸιέὠλ
491 1274 749 1373 Jabtfbsopus
774 1272 927 1331 Ignatii
956 1274 1097 1323 verba,
1120 1274 1196 1330 Ep.
1229 1274 1283 1316 ad
1315 1274 1469 1331 Ephes.
1496 1275 1534 1329 ξ.
1561 1289 1623 1328 ¹4·

273 1347 296 1372 v
316 1347 362 1372 ου
410 1347 433 1373 ν
481 1347 532 1374 αν
585 1347 645 1374 νει
664 1348 776 1383 υμας.

276 1387 383 1431 Ibid.
415 1386 443 1431 l.
467 1400 533 1444 23.
568 1389 631 1431 καὶ
664 1390 714 1431 τὰ
747 1387 838 1441 παρ’
873 1389 982 1440 ὑμῶν
1017 1389 1240 1441 ἆποκομίσῃ
1275 1390 1500 1444 γράμματα,
1529 1390 1627 1443 ὅπερ

155 1460 204 1485 20
217 1444 390 1502 ποιήσω]
428 1446 511 1488 Pro
530 1447 638 1499 ὑμῶν
656 1445 699 1488 in
714 1445 952 1503 Nicephoro
971 1451 1014 1488 et
1034 1445 1280 1502 quibusdam
1297 1446 1464 1489 Eusebii
1487 1461 1626 1489 exem-

215 1502 401 1559 plaribus
419 1503 459 1546 le
489 1503 574 1546 itur
593 1504 715 1556 ἡμῶν,
732 1503 844 1560 quod
864 1509 907 1546 et
926 1502 1103 1546 Rufinus
1123 1510 1287 1547 secutus
1307 1504 1431 1547 fuisse
1449 1504 1624 1554 videtur,

216 1574 342 1617 quum
372 1518 568 1611 redffidit,
589 1563 757 1617 deferat
789 1561 959 1604 litterae
987 1563 1050 1603 ad
1078 1576 1164 1611 vos,
1186 1568 1229 1604 et
1251 1561 1471 1619 Polycarpi
1491 1563 1625 1605 Vetus

217 1617 431 1685 Interpres
451 1633 577 1686 quum
593 1618 731 1667 vertit,
748 1619 916 1675 deferat
937 1620 1107 1662 litterae
1126 1635 1255 1669 meas,
1277 1622 1541 1677 quasficero
1562 1622 1625 1662 ad

215 1690 300 1725 vos,
331 1682 391 1719 ita
420 1691 528 1719 enim
558 1675 672 1726 illud,
703 1677 802 1730 ὅπερ
831 1675 999 1728 ποιήσω,
1029 1677 1264 1734 exprimere
1296 1678 1478 1727 volebat;
1510 1678 1623 1734 quod

153 1744 202 1783 25
215 1747 298 1776 non
324 1733 657 1777 animadvertens
684 1734 712 1777 J
715 1748 869 1776 oannes
897 1734 1033 1776 Faber
1058 1734 1232 1791 [primus
1261 1734 1418 1793 editor]
1447 1751 1558 1792 quas
1583 1744 1625 1779 et

214 1792 370 1834 dedero
389 1793 451 1834 ad
471 1807 556 1842 vos,
579 1791 645 1835 hic
666 1790 889 1841 substituit,
911 1798 1057 1834 contra
1085 1793 1459 1850 manuscriptorum
1483 1794 1623 1836 fidem.

216 1848 301 1891 Ubi
331 1854 470 1892 tamen
505 1854 548 1892 et
581 1855 768 1893 nostrum
805 1850 916 1892 hune
946 1849 1182 1907 Polycarpi,
1213 1856 1257 1894 et
1292 1850 1460 1894 Eusebii
1495 1851 1625 1894 inter-

242 1911 375 1950 retem
415 1906 612 1951 Rufinum
651 1907 869 1963 deceptum
909 1906 1034 1950 fuisse
1072 1915 1261 1965 apparet,
1298 1909 1351 1951 de
1385 1908 1535 1952 litteris
1568 1909 1624 1951 ad

250 1963 501 2022 hilippenses
539 1963 776 2008 deferendis
815 1964 895 2007 ista
933 1964 1216 2022 accipientem,
1250 1981 1377 2022 quum
1412 1966 1468 2009 ad
1501 1966 1625 2009 Anti-

150 2035 201 2071 30
214 2021 392 2064 ochenos
421 2022 583 2066 dandae
612 2022 778 2064 litterae
807 2022 1121 2079 intelligantur;
1152 2023 1218 2065 vel
1247 2024 1301 2066 ab
1336 2023 1435 2081 ipsis
1466 2024 1623 2090 Philip-

213 2079 420 2135 pensibus,
439 2079 475 2123 si
505 2081 597 2133 παρ’
627 2081 749 2132 ὑμῶν.
771 2080 836 2122 vel
865 2094 892 2122 a
921 2080 1154 2137 Polycarpo
1184 2085 1227 2123 et
1255 2081 1496 2138 Smyrnaeis
1525 2096 1623 2132 suis,

214 2136 247 2178 si
266 2135 355 2190 παρ’
376 2138 497 2189 ἡμῶν,
513 2136 580 2180 hic
599 2136 822 2194 legendum
837 2136 976 2179 fuerit.
1031 2137 1154 2188 Quod
1173 2138 1378 2195 posterius
1398 2153 1451 2181 ex
1468 2139 1623 2196 Ignatii

214 2193 351 2236 verbis
380 2194 460 2236 illis
488 2194 531 2236 in
561 2194 735 2251 epistola
760 2194 815 2237 ad
841 2195 1093 2252 Smyrnaeos
1117 2195 1420 2239 firmamentum
1447 2196 1622 2296 amifit:

215 2250 236 2292 ὃ
259 2251 388 2305 ἐφάνη
407 2269 474 2304 μοι
493 2253 618 2304 ἄξιον,
640 2254 755 2294 τοῦτο
771 2252 892 2300 ἐστὶν,
916 2253 1019 2294 ὥστε
1040 2252 1197 2307 πέμψαι
1217 2255 1305 2296 τινὰ
1325 2258 1404 2296 τῶν
1423 2255 1520 2307 ὑμετ
1540 2271 1624 2307 ρων

151 2319 201 2359 35
214 2310 300 2360 μετ’
320 2309 546 2362 ἐπιστολῆς,
566 2310 632 2351 ἵνα
653 2309 878 2362 συνδοξάσῃ
898 2309 970 2361 τὴν
990 2312 1090 2352 κατὰ
1111 2310 1224 2353 Θεὸν
1250 2311 1381 2356 αὐτοῖς
1402 2311 1623 2366 γενομένην

215 2366 360 2409 εὐδίαν·
402 2367 526 2418 Quod
544 2368 655 2409 mihi
673 2368 997 2423 diynumsactu
1015 2376 1077 2410 est
1095 2369 1248 2418 visum,
1265 2370 1342 2412 hoc
1362 2378 1423 2412 est
1434 2387 1448 2418 ‚·
1470 2377 1518 2411 ut
1538 2371 1623 2412 ali-

213 2438 336 2489 quem
350 2426 535 2468 vestram
547 2425 737 2468 mittatis
747 2440 844 2468 cum
856 2426 1039 2481 epistola
1055 2425 1126 2480 [ad
1138 2426 1419 2469 Antiochenos
1431 2426 1623 2470 videlicet

213 2495 256 2523 1n
271 2481 438 2539 Syria];
459 2490 507 2525 ut
523 2497 613 2525 una
627 2498 724 2525 cum
739 2483 832 2526 illis
843 2483 1052 2539 ylorificet
1064 2484 1202 2526 Deum
1217 2485 1269 2527 de
1286 2486 1622 2541 tranquillitate,

214 2553 347 2595 quam
375 2541 424 2582 in
447 2540 539 2583 Deo
567 2541 780 2584 consecuti
808 2549 920 2584 mm.
944 2539 999 2598 [§.
1021 2540 1109 2597 11.]
1134 2541 1335 2585 USSER.
1396 2542 1513 2584 Haec
1543 2541 1622 2584 viri

152 2612 202 2645 40
215 2595 355 2654 magni
374 2603 494 2648 sunt3
526 2611 632 2653 quae
649 2613 747 2640 vero
766 2597 869 2640 nihil
889 2603 1055 2655 cogunt,
1072 2604 1119 2641 ut
1137 2599 1246 2652 ἡμῶν
1263 2613 1340 2656 pro
1360 2598 1536 2642 lectione
1555 2614 1624 2642 re-

214 2660 336 2711 cepta
361 2655 481 2706 ὑμῶν,
503 2656 614 2711 quod
638 2661 681 2698 et
701 2655 882 2698 Patricio
901 2655 1029 2698 Junio
1049 2655 1179 2698 visum
1206 2662 1311 2706 erat,
1332 2657 1620 2700 substituatur.

215 2711 254 2753 A
283 2712 428 2754 nuntio
450 2712 669 2770 Polycarpi
699 2713 864 2755 litterae
893 2713 987 2755 illae
1017 2719 1103 2755 tam
1135 2713 1473 2771 Philippensium,
1495 2730 1619 2772 quam

217 2769 540 2825 Smyrnaeorum
581 2770 736 2812 deferri
776 2776 968 2827 possent;
1013 2771 1055 2813 id
1096 2771 1207 2827 quod
1242 2771 1446 2828 particula
1479 2774 1542 2816 καὶ
1576 2773 1619 2815 in

214 2826 352 2869 verbis
388 2828 450 2869 καὶ
484 2829 533 2869 τὰ
567 2830 658 2880 παρ’
695 2829 815 2880 ὑμῶν,
848 2833 891 2870 et
924 2828 967 2870 in
1002 2829 1280 2885 sequentibus,
1312 2832 1620 2882 πρεσβεύσαντα

152 2897 200 2935 45
216 2885 277 2926 καὶ
306 2885 396 2938 περὶ
425 2885 545 2937 ὑμῶν,
566 2884 797 2941 significare
826 2885 1002 2929 videtur.
1063 2887 1154 2929 Etsi
1182 2887 1289 2929 enim
1317 2887 1419 2930 illud
1445 2892 1530 2934 ταῖς
1554 2888 1621 2941 ἔμ-
