1988 3216
422 293 481 336 IN
517 294 559 336 S.
582 291 900 335 HIPPOLYTI
935 291 1172 334 CONTRA
1204 290 1469 332 NOETUM.
1588 291 1645 332 89

241 415 329 458 cap.
352 402 421 450 67,
441 399 512 456 qui
531 398 694 456 quidem
718 397 963 440 Philastrius
983 397 1082 440 facit
1102 412 1193 439 cum
1219 411 1350 439 novae
1370 395 1600 438 sententiae
1622 411 1648 436 a

241 457 378 501 verbis
407 458 520 514 quod
538 458 719 523 factum
754 464 815 498 eat
844 455 1135 512 inceptoribm,
1168 470 1242 496 nos
1271 453 1443 503 monuit,
1475 468 1557 495 non
1587 453 1650 494 fas

241 530 330 558 esse
357 530 447 557 cum
470 514 704 571 Epiphanio
731 513 773 555 in
799 513 1022 562 Ancomto,
1043 519 1141 555 tom.
1163 526 1206 555 11.
1228 527 1269 569 p.
1293 512 1361 560 80,
1382 511 1493 553 illam
1524 510 1652 552 inter-

242 572 502 630 punctionem
538 572 652 614 velut
691 571 942 614 haereticam
982 577 1025 613 et
1061 569 1235 627 Spiritui
1277 570 1430 612 Sancto
1468 568 1650 625 iniquam

205 644 227 683 5
241 645 432 688 arguere,
450 644 575 686 quum
596 644 622 672 a
642 635 705 672 tot
725 628 934 672 veteribus
953 628 1141 671 adhibita
1159 627 1298 670 fuerit.
1360 627 1476 669 Idem
1498 626 1650 668 factum

241 694 306 732 est
334 703 360 730 a.
391 687 436 731 S.
459 687 674 730 Victorino
704 686 746 728 in
774 687 1027 744 Fragmento
1057 685 1194 743 operis
1224 685 1276 728 de
1308 684 1485 727 Fabrica
1505 683 1652 726 Mundi

241 745 352 803 apud
374 745 587 802 Reliquias
608 745 721 787 Saer.
744 744 822 786 vol.
846 758 904 787 111.
925 759 967 801 p.
989 756 1088 800 459.

300 804 347 845 P.
370 804 440 845 68.
460 802 488 844 l.
514 816 575 859 13.
596 803 801 855 Πνεύματι
821 803 920 857 ἁγίῳ
941 801 1262 859 προσκυνοῦμεν]
1298 800 1499 843 Conferas
1520 799 1652 841 locum

243 861 286 904 S.
307 859 462 903 Justiui
484 859 688 917 Martyris
714 859 757 902 in
780 859 983 916 Apologia
1007 858 1167 910 Priore,
1188 873 1230 915 p.
1255 873 1267 900 ι
1285 872 1298 900 1
1319 874 1329 908 ;
1361 857 1434 900 sed
1454 871 1480 899 a
1502 857 1653 899 Carolo

182 935 229 960 10
242 918 443 968 Ashtono,
462 917 548 960 viro
570 917 859 970 eruditissimo,
881 931 1007 974 quum
1028 916 1172 959 luxata
1191 931 1281 959 esse
1301 915 1545 958 viderentur
1565 914 1654 972 ejus

243 976 441 1026 membra,
463 975 633 1048 egregie
653 982 842 1018 sanatum
863 982 906 1017 et
925 974 1175 1017 restitutum.

302 1034 349 1075 P.
373 1035 442 1089 69.
463 1033 489 1076 l.
510 1047 552 1089 5.
587 1032 886 1086 Εξαπέστειλεν
906 1034 928 1074 ὁ
951 1031 1058 1076 Θεὸς
1077 1032 1147 1074 τὸν
1167 1033 1305 1085 Λόγον
1325 1031 1442 1073 αὐτοῦ
1463 1031 1555 1086 &c.]
1588 1030 1653 1072 Ita

243 1091 410 1148 quidem
445 1090 696 1133 intellexisse
731 1090 840 1133 hunc
873 1091 915 1132 S.
939 1089 1179 1146 Scripturae
1209 1088 1342 1131 locum
1375 1087 1651 1144 Hippolytum

243 1148 370 1198 vides,
385 1148 509 1205 juxta
536 1163 584 1191 ac
611 1147 644 1190 si
672 1147 900 1205 scripsisset
927 1147 970 1190 S.
994 1147 1139 1198 Lucas,
1160 1146 1212 1188 Ὁ
1234 1148 1379 1200 Λόγος,
1403 1145 1450 1187 ὃν
1471 1146 1654 1188 ἀπέστει-

184 1218 230 1258 15
245 1207 475 1248 λεν-ἐστι
514 1206 673 1248 πάντων
706 1206 861 1259 Κύριος,
895 1206 987 1247 Act.
1016 1220 1055 1247 x.
1077 1206 1147 1261 36.
1211 1205 1268 1246 Et
1298 1204 1381 1251 diu,
1414 1203 1652 1260 priusquam

245 1263 366 1321 hujus
393 1263 553 1320 antiqui
581 1263 718 1305 Patris
746 1262 829 1305 vidi
858 1262 1258 1320 interpretationem,
1284 1262 1326 1304 in
1357 1261 1531 1303 eandem
1562 1275 1653 1302 sen-

244 1321 414 1364 tentiam
447 1322 575 1363 verba
612 1320 823 1377 scriptoris
857 1320 963 1362 sacri
993 1319 1232 1376 accipienda
1263 1334 1352 1361 esse
1387 1318 1480 1360 ideo
1515 1318 1654 1361 existi-

245 1379 420 1428 mabam,
441 1378 539 1435 quia
568 1378 662 1421 talis
691 1377 893 1435 expositio
923 1383 1008 1420 tam
1038 1392 1131 1419 cum
1152 1376 1339 1434 Apostoli
1362 1376 1476 1418 Petri
1506 1376 1563 1418 ibi
1596 1376 1654 1417 lo-

245 1435 408 1493 quentis
442 1442 702 1492 argumente,
734 1450 857 1492 quam
891 1450 982 1477 cum
1015 1441 1226 1477 structura
1260 1433 1456 1476 orationis
1491 1433 1532 1475 in
1563 1434 1654 1475 aliis

184 1493 342 1536 solocis
362 1493 633 1559 deprehensa,
655 1494 760 1535 bene
780 1492 1030 1536 conveniret.
1081 1492 1235 1534 Confer
1256 1492 1363 1534 enim
1392 1505 1403 1532 ι
1435 1492 1524 1533 Pet.
1547 1491 1587 1532 ii.
1614 1504 1652 1545 7,

245 1552 367 1595 Joan.
395 1551 448 1593 iit.
476 1564 545 1608 34,
579 1567 615 1594 v.
638 1552 707 1607 38,
739 1557 782 1593 et
813 1550 1028 1592 Athanasii
1062 1550 1180 1592 Orat.
1203 1550 1253 1591 iv.
1286 1555 1432 1591 contra
1463 1549 1652 1597 Arianos,

246 1623 356 1651 num.
379 1622 563 1666 30—32.
626 1609 682 1651 At
703 1623 800 1650 vero
825 1608 946 1651 aliter
966 1623 1032 1650 me
1060 1622 1168 1650 nuuc
1198 1607 1352 1650 sentire
1373 1607 1426 1649 de
1450 1606 1655 1664 interpre-

246 1667 402 1710 tatione
423 1666 499 1709 loci
520 1666 658 1709 omnia
674 1666 911 1723 diligentius
931 1665 1274 1716 considerantem,
1296 1665 1505 1708 confiteor.

307 1723 410 1766 Ibid.
431 1724 459 1766 l.
481 1725 520 1766 6.
551 1725 664 1769 οὗτός
695 1726 806 1766 ἐστιν
835 1726 858 1766 ὁ
887 1724 1011 1774 Θεὸς,
1041 1725 1063 1765 ὁ
1093 1723 1254 1766 πάντων
1282 1724 1441 1778 Κύριος]
1479 1722 1654 1779 Scripsit

185 1782 291 1881 251S.
314 1782 459 1832 Lucas,
481 1783 594 1827 οὗτός
620 1784 706 1824 ἐστι
733 1782 892 1824 πάντων
916 1783 1066 1835 Κύριος.
1128 1781 1306 1837 Reliqua
1332 1781 1461 1823 verba
1494 1780 1654 1837 Hippo-

292 1839 324 1882 ti
345 1845 454 1882 sunt.

261 1855 290 1897 y
307 1896 410 1939 Ibid.
433 1897 458 1939 1.
486 1899 550 1938 16.
582 1897 649 1938 δύο
678 1896 816 1950 λέγειν
837 1897 967 1941 Θεούς
985 1896 1016 1951 2]
1062 1896 1202 1938 Habet
1231 1895 1397 1952 quidem
1426 1895 1653 1952 Inter-pres,

248 1955 424 1998 Dicetne
448 1954 611 2010 aliquis
629 1955 771 1997 dicere
789 1955 1000 1997 Joannem
1020 1955 1128 1996 duos
1147 1955 1259 1996 Deos
1275 1954 1298 1996 Γ
1338 1953 1420 1995 Sed
1451 1967 1654 2010 reponere

248 2012 383 2061 velim,
398 2012 532 2066 λέγεις
552 2026 628 2068 pro
647 2012 798 2066 λέγειν.
863 2011 980 2063 Quid
999 2027 1097 2068 erqo
1111 2012 1134 2054 ,⁹
1162 2012 1275 2053 dicet
1294 2011 1472 2067 aliquis,
1489 2012 1655 2053 dicim

185 2085 236 2122 30
248 2071 356 2112 duos
374 2071 486 2112 Deos
499 2069 522 2112 .⁹

308 2126 414 2169 Ibid.
434 2126 460 2168 1.
487 2127 552 2168 18.
580 2127 809 2178 οἰκονομίαν
829 2129 872 2168 δὲ
891 2126 1041 2183 τρίτην]
1074 2127 1267 2168 Fortasse
1293 2126 1528 2183 legendum,
1551 2128 1655 2168 οἰκο-

251 2185 367 2241 νομίᾳ
386 2186 430 2226 δὲ
449 2184 597 2237 τρίτην,
617 2183 689 2236 τὴν
709 2183 826 2238 χάριν
845 2187 913 2226 τοῦ
931 2182 1072 2237 Ἀγίου
1093 2185 1339 2236 Πνεύματος.

309 2243 356 2284 Ρ.
379 2253 447 2294 70.
469 2242 495 2283 l.
520 2255 557 2284 2.
590 2241 727 2293 Πατὴρ
747 2240 995 2298 ἐντέλλεται]
1038 2242 1130 2284 Ηοο
1150 2242 1396 2283 mandandi
1416 2246 1459 2283 et
1481 2243 1655 2296 praeci-

243 2301 398 2356 piendi
428 2299 624 2341 vocabulo
654 2299 706 2341 de
738 2299 876 2348 Patre,
907 2305 950 2342 et
984 2300 1208 2342 obediendi
1237 2299 1290 2340 de
1322 2298 1424 2340 Filio
1455 2298 1542 2340 sine
1573 2298 1657 2341 ulla.

186 2370 236 2409 35
250 2357 473 2400 offensione
509 2357 571 2398 usi
609 2362 706 2398 sunt
744 2371 825 2398 non
866 2357 988 2399 modo
1026 2363 1125 2399 ante
1166 2355 1391 2399 Concilium
1427 2356 1655 2398 Nicaenum

252 2415 297 2458 S.
333 2415 543 2463 Irenaeus,
577 2414 832 2480 Hippolytus
862 2420 1016 2464 noster,
1051 2414 1256 2472 Origenes
1290 2420 1333 2456 et
1366 2413 1464 2464 alii;
1506 2414 1579 2456 sed
1614 2420 1658 2456 et

250 2479 344 2529 post
372 2472 474 2514 illud
495 2471 720 2515 Concihum
745 2472 972 2514 adversarii
1002 2478 1046 2514 et
1075 2472 1215 2515 hostes
1236 2471 1417 2514 Arianae
1438 2472 1658 2514 haereseos

251 2529 452 2580 acerrimi,
500 2529 764 2579 Athanasius,
811 2530 1000 2579 Basilius,
1050 2529 1209 2572 Marius
1254 2529 1411 2574 Victor.
1457 2528 1656 2578 Hilarium

253 2588 446 2644 Prosper,
479 2587 554 2629 &c.
615 2586 724 2629 Vide
764 2587 979 2630 Petavium
1019 2587 1087 2630 lib.
1119 2602 1151 2629 11
1187 2588 1240 2629 de
1275 2586 1480 2628 Trinitate
1521 2602 1557 2628 c.
1589 2587 1658 2635 vii,

188 2662 239 2696 40
255 2647 291 2701 ξ.
316 2657 356 2698 7.
420 2644 576 2702 Georg.
598 2644 764 2686 Bullum
783 2643 826 2686 in
847 2644 1098 2687 Defensione
1122 2644 1238 2687 Fidei
1261 2644 1469 2686 Nicaenae
1495 2659 1536 2701 p.
1566 2658 1660 2700 133,

259 2705 351 2758 165,
377 2715 472 2756 179,
503 2713 592 2755 170.
624 2701 791 2743 FABR.

312 2759 416 2802 Ibid.
438 2760 464 2801 l.
486 2772 527 2814 3.
560 2760 779 2814 Οἱκονομίᾳ
813 2759 1045 2810 συμφωνίας
1079 2757 1295 2812 συνάγεται
1331 2760 1386 2803 εἰς
1423 2759 1496 2801 ἕνα
1526 2758 1659 2816 Θεὸν]

255 2817 321 2859 Ita
340 2817 442 2874 legit
464 2817 688 2872 Inter-pres.
741 2815 877 2857 Possis
897 2815 1020 2857 etiam
1042 2816 1183 2872 legere
1203 2816 1430 2868 οἰκονομίας
1449 2818 1661 2870 συμφωνία

260 2874 376 2930 [sic].
441 2875 564 2917 Certe
595 2874 637 2916 in
659 2873 751 2916 MS.
774 2888 865 2916 meo
888 2874 1132 2930 apographo
1162 2878 1225 2915 est
1253 2874 1478 2925 οἰκονομίας
1498 2880 1662 2927 συμφω-

192 2947 240 2985 45
256 2933 350 2975 νίας.
388 2932 552 2973 FABR.
614 2931 805 2974 Fortasse
831 2937 941 2973 totus
964 2930 1077 2973 locus
1106 2931 1164 2973 ita
1191 2931 1458 2988 refingendus
1488 2938 1580 2974 est:
1611 2933 1662 2973 δι’
