2034 3204
158 1125 254 1157 .Lue.
275 1125 343 1157 xxi.

171 1178 190 1209 3
199 1178 226 1200 1.

173 1272 278 1303 Porro
291 1272 380 1314 quod

171 1326 313 1357 mgnum

176 1359 242 1390 Dei
254 1370 370 1401 appro-

173 1414 336 1444 pinquare

172 1447 365 1478 ostendunt.

173 2051 269 2083 Rom.
290 2051 309 2082 i.
331 2057 377 2091 17.

392 228 477 270 278
900 227 942 270 S.
975 226 1288 271 CYPRIANI

392 338 520 384 vocis
540 334 739 383 hortatu
762 338 1001 383 instruens
1018 345 1067 384 et
1084 339 1255 383 docens
1273 342 1322 382 et
1343 350 1632 396 praeparans
1651 340 1795 395 atque

392 416 698 461 corroborans
722 415 965 461 Ecclesiae
989 431 1102 460 suae
1129 415 1360 474 populum
1385 414 1445 459 ad
1468 428 1655 459 omnem
1680 414 1796 458 tole-

391 492 599 537 rantiam
636 492 923 545 futurorum,
948 492 1072 537 bella
1108 498 1156 536 et
1187 490 1337 535 fames
1372 495 1421 535 et
1451 495 1605 536 terrae
1636 495 1797 535 motus

392 575 440 614 et
470 569 766 628 pestilentias
795 585 880 628 per
910 571 1013 614 loca
1043 568 1236 630 singula
1266 582 1523 630 exsurgere
1557 583 1796 627 praenun-

391 645 532 691 tiavit
568 653 616 691 et
655 646 839 691 cecinit.
910 645 981 691 Et
1020 661 1079 691 ne
1116 645 1392 705 inopinatus
1428 660 1514 690 nos
1559 650 1608 690 et
1643 660 1794 690 novus
1808 653 1832 692 5

390 737 547 768 rerum
584 722 914 768 infestantium
951 728 1107 768 metus
1130 727 1360 782 quateret,
1386 722 1540 784 magis
1563 737 1617 768 ac
1640 721 1795 783 magis

391 800 442 844 in
477 800 748 846 novissimis
789 800 1083 860 temporibus
1121 801 1321 845 adversa
1356 800 1645 845 crebrescere
1684 804 1796 844 ante

391 877 705 935 praemonuit.
760 876 911 922 Fiunt
934 892 1038 922 ecce
1062 891 1184 936 quae
1208 876 1336 922 dicta
1359 883 1501 932 sunt;
1534 882 1582 922 et
1604 876 1797 936 quando

392 952 514 999 fiunt
549 969 672 1014 quae
702 961 812 1000 ante
851 954 1095 1014 praedicta
1126 959 1254 1008 sunt,
1287 959 1547 1014 sequentur
1577 959 1626 999 et
1652 967 1797 1013 quae-

390 1047 578 1091 clmque
602 1031 837 1091 promissa
859 1037 986 1086 sunt,
1011 1030 1220 1077 Domino
1242 1030 1348 1091 ipso
1374 1031 1624 1091 pollicente
1648 1037 1696 1076 et
1726 1029 1797 1076 di·
1814 1055 1862 1080 10

391 1115 539 1163 cente,
566 1107 718 1167 Quum
754 1114 903 1155 autem
940 1107 1147 1156 videritis
1181 1106 1292 1154 haec
1324 1108 1480 1154 omnia
1488 1108 1617 1170 fieri,
1642 1107 1798 1154 scitote

392 1187 612 1248 quoniam
637 1186 687 1232 in
705 1185 926 1248 proximo
948 1192 1013 1233 est
1034 1200 1227 1250 reynum
1250 1184 1369 1232 Dei.

460 1263 526 1309 ΙΙ.
565 1263 790 1326 Regnum
824 1263 933 1319 Dei,
966 1263 1138 1310 fratres
1169 1263 1479 1316 dilectissimi,
1511 1278 1612 1310 esse
1643 1262 1798 1323 coepit

392 1340 443 1386 in
480 1340 712 1400 proximo.
784 1340 1061 1388 Praemium
1101 1341 1228 1387 vitae
1269 1347 1318 1387 et
1355 1341 1588 1403 gaudium
1627 1339 1798 1386 salutis

393 1423 625 1470 aeternae,
661 1426 709 1463 et
740 1423 971 1477 perpetua
1000 1417 1198 1472 laetitia,
1230 1423 1279 1464 et
1311 1417 1545 1477 possessio
1577 1416 1797 1463 Paradisi
1815 1438 1862 1478 15

392 1510 545 1554 nuper
579 1494 768 1548 amissa,
792 1496 972 1540 mundo
995 1501 1271 1541 transeunte
1298 1495 1401 1556 jam
1432 1495 1662 1549 veniunt;
1693 1495 1798 1556 Jam

394 1572 594 1618 terrenis
617 1572 839 1619 coelestia
861 1579 909 1619 et
933 1586 1108 1634 magna
1130 1572 1292 1632 parvis
1316 1580 1364 1618 et
1386 1572 1576 1619 caducis
1604 1578 1798 1619 aeterna

392 1651 664 1695 succedunt.
710 1649 831 1703 Quis
858 1650 932 1696 hic
957 1649 1216 1696 anxietatis
1240 1656 1288 1696 et
1310 1650 1645 1697 sollicitudinis
1667 1652 1798 1696 locus

392 1727 502 1773 est?
540 1726 674 1780 Quis·
696 1726 823 1773 inter
858 1727 975 1773 haec
1012 1727 1226 1787 trepidus
1259 1733 1307 1773 et
1338 1733 1547 1773 moestus
1587 1735 1671 1782 est,
1703 1727 1797 1774 nisi

392 1804 469 1850 cui
507 1819 613 1864 spes
660 1811 708 1850 et
754 1803 869 1850 fides
915 1804 1083 1851 deest?
1137 1805 1263 1866 Ejus
1309 1811 1381 1851 est
1425 1805 1553 1851 enim
1595 1811 1798 1852 mortem
1814 1828 1864 1853 20

394 1882 561 1928 timere
598 1882 682 1941 qui
729 1883 788 1928 ad
832 1882 1082 1928 Christum
1129 1882 1249 1928 nolit
1293 1882 1376 1928 ire.
1447 1883 1573 1943 Ejus
1619 1888 1691 1929 est
1736 1883 1796 1929 ad

392 1959 642 2005 Christum
678 1961 802 2006 nolle
837 1959 907 2006 ire
941 1960 1024 2020 qui
1056 1975 1105 2006 se
1142 1975 1237 2006 non
1269 1961 1431 2007 credat
1457 1975 1566 2007 cum
1604 1959 1799 2007 Christo

393 2037 599 2097 incipere
646 2052 857 2099 regnare.
930 2037 1172 2097 Scriptum
1213 2044 1285 2084 est
1321 2037 1449 2084 enim
1479 2037 1664 2098 justum
1697 2036 1800 2100 fide

391 2114 551 2161 vivere.
603 2115 654 2160 Si
673 2115 836 2176 justus
861 2130 909 2160 es
933 2120 981 2160 et
1005 2113 1096 2160 fide
1120 2114 1258 2169 viviS,
1283 2114 1324 2162 si
1349 2131 1456 2162 vere
1479 2115 1531 2161 in
1549 2114 1799 2163 Christum

391 2192 556 2246 crediS,
586 2207 672 2238 cur
703 2208 810 2246 non,
840 2207 949 2238 cum
983 2191 1177 2238 Christo
1213 2192 1405 2239 futurus
1429 2199 1478 2239 et
1509 2194 1568 2239 de
1599 2191 1798 2239 Domini
1815 2214 1863 2253 25

393 2269 733 2329 pollicitatione
757 2284 964 2324 securus,
988 2270 1114 2329 quod
1139 2271 1200 2315 ad
1225 2269 1473 2317 Christum
1497 2270 1677 2317 voceris
1700 2286 1801 2317 am-

394 2347 626 2406 plecteris,
645 2355 692 2393 et
715 2348 842 2407 quod
868 2347 1057 2393 diabolo
1074 2363 1234 2393 careas
1258 2348 1516 2410 gratularis
1532 2350 1554 2394 Ρ
1592 2349 1799 2410 Symeon

392 2426 597 2486 «lenique
645 2426 723 2472 ille
758 2426 933 2486 justuS,
970 2425 1053 2485 qui
1096 2441 1203 2471 vere
1237 2427 1399 2487 justus
1439 2426 1548 2480 fuit,
1583 2426 1667 2487 qui
1708 2425 1800 2473 fide

393 2505 532 2563 plena
566 2502 654 2549 Dei
686 2508 935 2562 praecepta
959 2502 1180 2556 servavit,
1209 2518 1358 2563 quum
1389 2503 1432 2549 ei
1461 2503 1693 2550 divinitus
1728 2519 1800 2550 re-

392 2595 618 2640 sponsum
666 2580 834 2626 fnisset
876 2580 1002 2639 quod
1047 2595 1139 2626 non
1188 2586 1298 2627 ante
1345 2588 1608 2627 moreretur
1652 2597 1796 2642 quam
1812 2600 1865 2637 30

392 2658 639 2704 Christum
680 2657 891 2712 vidisset,
931 2664 978 2703 ct
1019 2657 1240 2704 Christus
1283 2658 1441 2704 infans
1479 2658 1528 2705 in
1567 2660 1798 2719 templum

391 2751 496 2781 cum
538 2743 688 2780 matre
725 2734 943 2785 venisset,
979 2735 1175 2797 agnovit
1204 2736 1252 2782 in
1285 2736 1459 2796 spiritu
1493 2743 1657 2783 natum
1696 2751 1798 2783 esse

386 2814 486 2871 juin
515 2813 779 2865 Christum,
811 2814 868 2858 ‹lc
903 2828 999 2872 quo
1028 2813 1118 2859 sibi
1154 2813 1309 2860 fuerat
1344 2821 1454 2860 ante
1487 2813 1797 2874 praedictum,
