2034 3204
400 216 487 260 256
841 217 1362 260 ANNOTATIONES

399 332 409 348 ⁴
434 325 671 374 Montanus,
694 339 828 381 neque
849 325 1080 367 venientem
1109 340 1136 367 a
1163 326 1363 367 Montano
1391 325 1575 381 baptizat
1601 325 1802 367 Marcion.

399 390 408 405 ‘
425 383 467 423 N
469 397 523 424 on
542 382 803 439 rebaptizant
822 382 1068 424 alterutrum
1089 383 1142 424 ad
1164 397 1207 424 se
1229 382 1464 424 venientes!

457 440 504 480 P.
526 441 623 495 236.
657 440 682 481 l.
704 454 769 496 15.
801 455 876 481 nec
901 439 1121 496 [Spiritum
1154 439 1399 496 Sanctum]]
1425 440 1594 482 Certum
1617 445 1679 482 est
1700 439 1802 481 haec

398 497 481 539 duo
513 498 711 539 vocabula
742 512 823 538 non
855 503 1020 539 exstare
1050 497 1092 537 in
1125 497 1240 539 libris
1272 498 1423 539 nostris
1453 512 1528 538 nec
1554 497 1596 539 in
1624 502 1802 553 quatuor

399 554 656 612 Anglicanis.
720 555 786 596 Ita
818 554 941 596 etiam
975 554 1027 596 de
1057 569 1139 596 uno
1167 569 1239 596 suo
1271 560 1449 596 testatur
1484 555 1703 603 Pamelius,
1731 554 1801 610 qui
1815 570 1838 609 5

398 609 538 654 tamen
559 612 629 653 illa
649 612 808 654 addidit
835 627 890 669 egr
913 599 1073 654 Codic&
1091 611 1215 660 edito,
1241 611 1284 653 in
1311 612 1426 668 cujus
1457 612 1710 669 marginibus
1730 613 1803 654 Jo-

397 684 527 711 annes
559 669 764 711 Cauchius
801 668 1099 725 Ultrajectinus
1133 675 1384 725 apposuerat
1423 669 1712 726 castigationes
1751 684 1804 711 ex

398 726 523 769 variis
554 726 772 768 codicibus
802 726 1103 782 manuscriptis.
1166 727 1371 769 Remanet
1400 732 1539 768 tamen
1567 727 1703 769 adhuc
1730 727 1805 769 du-

398 784 510 826 bium
530 798 585 825 an
605 784 707 825 haec
727 784 809 825 duo
830 783 1028 827 vocabula
1048 783 1190 826 addita
1209 783 1365 826 fuerint
1385 799 1436 826 ex
1456 784 1563 826 libro
1584 784 1728 833 veteri,
1749 798 1804 826 an

399 856 498 883 vero
519 856 571 883 ex
593 841 830 897 conjectura
851 841 1021 883 Cauchii
1046 847 1220 883 tantum.
1279 842 1389 883 Nam
1413 841 1510 898 quia
1533 841 1576 883 in
1595 841 1804 884 veteribus
1821 855 1869 881 10

399 898 514 940 libris
535 905 628 955 post
648 913 787 940 vocem
809 900 978 941 Fiiium
997 899 1165 941 additur
1186 914 1272 949 neo,
1294 899 1353 941 ita
1365 905 1412 941 ut
1427 899 1647 941 videantur
1666 899 1805 955 aliqua

400 956 556 1004 deesse,
578 956 810 1012 conjecerat
830 956 1036 998 Pai'nelius
1053 956 1257 1001 *addendas
1279 971 1368 1001 esse
1398 957 1480 998 duo
1503 956 1574 998 illa
1592 957 1803 1006 vocabula,

400 1019 444 1056 et
477 1013 651 1062 addidit;
679 1014 821 1056 videns
854 1012 1130 1070 conjecturam
1165 1029 1281 1056 suam
1313 1014 1595 1056 confirmatam
1628 1014 1805 1057 auctori-

400 1077 488 1113 tate
522 1071 616 1113 libri
653 1071 889 1114 Cauchiani.
952 1072 1001 1113 In
1038 1071 1188 1114 Codice
1219 1086 1345 1128 porro
1381 1071 1552 1114 Cauchii
1586 1077 1805 1114 annotatas

399 1128 525 1171 fuisse
564 1143 646 1170 non
686 1129 815 1171 solum
851 1129 987 1171 varias
1026 1129 1221 1183 lectiones
1258 1136 1442 1172 veterum
1482 1129 1695 1179 librorum,
1731 1130 1803 1172 sed
1821 1139 1868 1178 15

400 1186 525 1228 etiam
566 1186 821 1242 conjecturas
860 1186 960 1243 ejus,
1001 1192 1142 1229 monet
1180 1186 1267 1243 ipse
1307 1186 1514 1229 Pamelius
1551 1186 1595 1228 in
1633 1193 1806 1230 annota-

400 1244 580 1286 tionibus
609 1244 705 1287 suis.
767 1243 916 1300 Itaque
943 1258 1018 1286 nos
1049 1245 1150 1286 haec
1183 1245 1264 1287 duo
1295 1244 1509 1294 vocabula,
1538 1258 1646 1300 quae
1672 1244 1807 1301 posita

400 1307 498 1344 sunt
530 1301 617 1344 sine
651 1301 912 1350 auctoritate,
943 1316 996 1344 ex
1028 1300 1264 1361 coniectura
1293 1307 1469 1351 tantum,
1500 1301 1616 1344 uncis
1645 1302 1807 1346 conclu-

400 1358 540 1408 simus.
571 1359 780 1402 BALUZ.
842 1359 1032 1402 Indicant
1061 1359 1227 1416 quidem
1258 1360 1358 1402 Var.
1394 1360 1527 1402 Lectt.
1559 1359 1672 1416 apud
1701 1359 1803 1402 edit.

402 1417 538 1459 Oxou.
560 1416 754 1477 collectae
778 1416 861 1459 tria
880 1417 1007 1459 verba
1025 1432 1099 1460 nec
1114 1418 1331 1473 Spiritum
1346 1418 1554 1459 Sanctum
1569 1417 1611 1458 in
1627 1423 1805 1473 quatuor
1821 1430 1870 1455 20

401 1473 479 1516 illis
500 1474 615 1517 libris
638 1473 824 1530 Anglicis
844 1474 1011 1524 deesse3
1042 1474 1116 1516 sed
1145 1489 1293 1516 revera
1318 1474 1359 1516 in
1380 1474 1539 1516 duobus
1566 1489 1618 1517 ex
1649 1475 1740 1524 illis,
1761 1475 1806 1517 hi

401 1537 498 1574 sunt
527 1531 776 1589 Bodleianus
808 1537 851 1577 et
884 1532 993 1574 Novi
1025 1531 1198 1589 Collegii
1227 1532 1382 1581 Codex,
1409 1538 1586 1588 apparet
1611 1547 1686 1575 nec
1712 1539 1806 1589 post

403 1592 549 1631 vocein‘
559 1589 726 1631 Filium.
747 1604 838 1631 cum
860 1589 1124 1645 sequentibus
1140 1589 1413 1646 conjunctum.
1448 1590 1496 1631 In
1517 1589 1648 1632 altero
1663 1597 1803 1632 autem

391 1646 680 1746 &imbrum
704 1646 903 1703 Cypriani
925 1646 1087 1694 Codice,
1110 1646 1181 1703 qui
1201 1661 1328 1703 penes
1348 1653 1411 1689 est
1431 1646 1539 1689 idem
1561 1647 1804 1705 Collegium,

401 1749 418 1762 Α,
459 1704 513 1746 ud
534 1710 672 1746 exstat
693 1703 919 1746 Fit-miliani
940 1704 1137 1760 Epistola.
1821 1714 1869 1752 25

462 1761 511 1802 P.
537 1763 633 1816 236.
667 1761 692 1802 l.
717 1773 783 1817 25.
808 1761 876 1803 ubi
901 1761 1138 1817 praesident
1161 1761 1338 1818 majores
1365 1763 1481 1815 natu]
1508 1762 1684 1812 Graece,
1706 1763 1806 1806 ὅπου

401 1817 667 1871 προκάθηνται
687 1820 725 1860 οἳ
746 1820 1034 1872 Πρεσβύτεροι.
1098 1819 1165 1862 Sic
1195 1826 1238 1861 et
1260 1819 1350 1875 jam
1378 1834 1504 1876 supra
1527 1819 1805 1871 Firmilianus,

401 1877 499 1918 Mos
529 1878 650 1931 apud
679 1891 754 1918 nos
771 1877 883 1931 ficit,
904 1876 1051 1932 inquit,
1073 1885 1120 1918 ut
1139 1892 1222 1932 per
1241 1878 1431 1932 siuyulos
1455 1892 1591 1919 annos
1611 1878 1807 1921 Seniores

406 1934 463 1988 [οἱ
486 1934 778 1988 Πρεσβύτεροι]
802 1942 842 1976 et
855 1936 1101 1990 praepositi
1120 1936 1168 1977 ’ἱη
1188 1950 1319 1976 unum
1339 1936 1650 1978 conveniamus.
1684 1935 1724 1990 §-
1747 1935 1803 1985 iii,

402 2006 442 2047 p.
463 2003 558 2044 224.
613 1992 802 2047 Utroque
822 1991 910 2034 loco
931 1991 1215 2049 designantur,
1237 1992 1278 2034 ni
1299 1992 1432 2042 fallor,
1455 1992 1676 2048 superioris
1697 1992 1806 2036 ordi·
1819 2000 1870 2037 30

402 2048 478 2098 nis,
507 2063 578 2090 seu
600 2049 669 2104 qui
702 2048 952 2104 praesident,
974 2049 1230 2107 Presbyteri.
1283 2049 1591 2092 praesidentem
1623 2049 1807 2093 nominat

403 2105 650 2163 Episcopum
672 2106 951 2149 Tertullianus
971 2106 1013 2148 in
1044 2106 1111 2149 lib.
1140 2107 1193 2150 de
1224 2107 1439 2156 Pudicitia,
1461 2122 1548 2163 cap.
1574 2121 1635 2160 14,
1664 2113 1707 2150 et
1736 2107 1806 2150 illo

401 2162 567 2219 quidem
586 2164 930 2221 Presbyteroruin
947 2164 1110 2207 nomine
1128 2164 1318 2222 Episcopi
1333 2179 1359 2207 a
1374 2164 1582 2207 veteribus
1597 2164 1804 2208 interdum

400 2236 426 2263 a
457 2221 688 2277 pellantur:
720 2236 815 2264 raro
834 2221 1020 2271 vicissim,
1037 2221 1160 2278 idque
1181 2222 1554 2265 accommodatione
1575 2228 1735 2265 tantum
1751 2223 1806 2265 ad

444 2285 498 2321 et.
521 2279 634 2321 Test.
668 2278 814 2328 locum,
844 2280 876 2320 E
909 2279 1136 2336 iscoporum
1169 2280 1288 2322 titulo
1314 2280 1522 2323 donantur
1549 2280 1803 2338 Presbyteri.
1819 2284 1869 2324 35

403 2335 569 2378 Confer.
602 2337 818 2379 Annotatt.
850 2352 875 2379 a
937 2337 1089 2379 Concil.
1119 2343 1263 2380 contra
1292 2338 1487 2386 Noetum,
1510 2337 1587 2380 vol.
1609 2351 1664 2380 lv·
1693 2337 1807 2380 Reli-

401 2393 534 2449 quiar.
558 2394 673 2437 Sacr.
696 2408 734 2451 p.
760 2406 855 2447 247,
878 2393 947 2436 ubi
968 2401 1106 2437 tamen
1128 2394 1261 2437 minus
1290 2401 1402 2437 recte
1429 2394 1639 2438 dubitasse
1659 2410 1725 2438 me
1745 2395 1805 2439 fa-

403 2458 508 2502 teor,
529 2458 666 2494 utrum
689 2451 828 2508 plures
845 2451 1035 2509 Episcopi
1058 2452 1099 2494 in
1116 2467 1252 2502 unuin,
1273 2451 1357 2495 sive
1379 2452 1419 2495 in
1441 2452 1680 2509 provinciali
1698 2454 1804 2496 Con-

401 2508 504 2558 cilio,
527 2508 698 2558 collecti,
722 2509 963 2575 Presbyteri
985 2509 1108 2552 tortio
1129 2510 1290 2552 saeculo
1312 2510 1519 2553 Ecclesiae
1547 2510 1805 2552 nominaren-

402 2572 483 2610 tur.
516 2567 647 2609 Porro
660 2582 685 2609 a
717 2566 769 2609 ud
788 2567 1031 2624 Episcopum
1047 2566 1165 2610 sitam
1181 2583 1268 2610 esse
1285 2574 1529 2624 potestatem
1546 2567 1650 2610 ritus
1665 2582 1805 2611 omnes
1819 2575 1870 2610 40

400 2623 670 2666 mliuinistran
705 2624 730 2675 i,
753 2624 1000 2681 baptizandi,
1018 2625 1232 2676 offerendi,
1249 2640 1413 2667 manum
1431 2624 1679 2682 imponendi,
1696 2625 1805 2668 ordi-

402 2681 541 2731 nandi,
562 2682 788 2724 credebant
807 2682 964 2738 antiqui
982 2698 991 2732 ;
1023 2682 1095 2725 scd
1111 2689 1154 2726 ot
1172 2682 1432 2740 l'resbytcris
1448 2682 1583 2732 licere,
1597 2689 1644 2726 ut
1658 2682 1805 2725 muniti

400 2738 648 2782 auctoritato
667 2738 812 2796 Epist-o
831 2739 855 2781 »i
879 2739 1138 2797 baptizarent
1151 2746 1278 2797 atque
1293 2740 1504 2783 offerrent.
1536 2747 1546 2765 ‘
1562 2739 1699 2783 Dandi
1715 2739 1803 2796 qui-

402 2805 411 2819 ·
429 2795 522 2838 dom
539 2754 829 2854 [baptismumi
846 2797 972 2840 habet
981 2796 1050 2853 jus
1062 2812 1243 2841 summus
1257 2797 1460 2847 sacerdos,
1475 2796 1544 2854 qui
1561 2803 1622 2840 est
1638 2797 1804 2863 Episco-

402 2860 410 2874 ·
431 2867 517 2908 pun.
563 2854 722 2896 Dehinc
740 2854 977 2909 Presbyteri
994 2861 1036 2898 ot
1057 2854 1238 2906 Diaconi,
1257 2870 1336 2898 non
1354 2861 1491 2898 tamon
1508 2854 1594 2898 sino
1612 2854 1801 2911 Episcopi
1817 2859 1867 2897 45
