2034 3204
435 221 521 265 290
941 219 983 261 S.
1018 218 1333 261 CYPRIANI

217 340 430 406 {zaeegfffg
440 330 681 385 simulata,
716 328 838 383 ficta,
874 329 1036 375 fucata
1069 329 1293 374 videntur
1327 343 1428 373 esse
1465 343 1586 388 quae
1621 327 1837 373 dicimus.

218 419 288 449 tem
302 418 387 465 refu-

218 470 308 502 gere.

442 406 581 453 Nihil
626 408 818 468 prodest
863 406 1018 452 verbis
1064 405 1302 465 praeferre
1343 404 1568 450 virtutem
1615 411 1662 450 et
1701 404 1840 450 factis

440 486 684 531 destruere
705 483 970 530 veritatem.
1057 482 1303 541 Improbat
1341 481 1546 541 denique
1580 481 1842 541 Apostolus

439 559 621 605 Paulus
646 565 693 605 et
716 559 941 620 objurgat
964 563 1011 602 et
1038 557 1200 616 culpat
1234 556 1275 601 si
1306 555 1392 616 qui
1419 556 1761 602 contristentur
1789 555 1842 601 in

225 652 367 685 n'rhem.
383 653 427 684 iv.
437 652 630 683 excessu
661 649 882 683 suorum:
918 632 1158 688 Nolumu3‚
1183 633 1357 693 inquit,
1382 633 1604 697 iynorare
1626 648 1716 687 vos,
1727 631 1838 695 fra·
1855 641 1879 679 5

223 705 272 737 ¹3·

222 1576 323 1609 Joan.
342 1575 386 1606 xi.

226 1630 242 1652 2
248 1629 277 1660 5.

438 709 545 766 ἰνθε,
584 711 639 758 de
675 708 1020 765 dormientibm,
1056 715 1106 756 ut
1146 725 1239 756 non
1269 710 1605 756 contristemini
1644 710 1763 756 sicut
1801 715 1844 755 et

436 790 574 837 ceteri
609 789 690 851 qui
712 803 836 851 spem
868 803 961 833 mm
991 785 1167 833 habent.
1236 787 1296 835 Sz·
1327 788 1448 851 enim
1473 787 1702 834 credimus
1734 787 1844 850 quia

433 866 575 913 Jesus
611 871 818 912 mortuus
853 870 918 910 est
952 870 994 910 et
1027 865 1299 919 resurremit,
1324 865 1392 911 sic
1426 871 1468 911 et
1490 864 1619 911 Deus
1654 881 1727 911 eos
1763 864 1844 927 qui

435 944 725 991 dormierunt
758 940 810 988 in
833 941 954 988 Jesu
990 941 1183 988 adducet
1217 958 1317 989 cum
1354 941 1449 990 illo.
1521 943 1620 991 Eos
1644 943 1844 990 contris—

436 1022 531 1069 tari
561 1021 679 1068 dicit
711 1021 763 1066 in
795 1035 990 1067 excessu
1024 1035 1221 1067 suorum
1254 1020 1338 1081 qui
1367 1036 1499 1080 spem
1523 1037 1618 1067 non
1651 1021 1841 1066 habent.
1861 1035 1909 1059 10

435 1099 534 1154 Qui
567 1104 727 1145 autem
766 1112 849 1159 spe
883 1098 1105 1159 vivimus,
1147 1105 1194 1143 et
1232 1097 1283 1144 in
1319 1098 1477 1145 Deum
1512 1099 1762 1152 credimus
1798 1105 1845 1145 et

437 1177 685 1225 Christum
708 1190 902 1235 passum
923 1190 1023 1222 esse
1045 1190 1133 1235 pro
1160 1175 1298 1221 nobis
1322 1182 1370 1220 et
1400 1175 1714 1222 resurrexisse
1736 1191 1846 1221 con-

438 1254 646 1306 fidimus,
669 1253 722 1299 in
746 1253 941 1299 Christo
966 1259 1226 1307 manentes,
1251 1259 1299 1298 et
1321 1268 1406 1313 per
1429 1253 1588 1313 ipsum
1620 1260 1764 1312 atque
1794 1252 1844 1299 in

438 1331 544 1392 ipso
582 1336 898 1393 resurgentes,
936 1330 1052 1391 quid
1094 1336 1179 1376 aut
1216 1330 1310 1391 ipsi
1350 1332 1566 1377 recedere
1606 1330 1748 1378 istinc
1787 1331 1846 1377 de

440 1409 627 1454 saeculo
661 1408 900 1461 nolumus,
926 1413 1012 1452 aut
1046 1412 1232 1453 nostros
1267 1408 1536 1454 recedentes
1568 1407 1706 1468 quasi
1741 1422 1847 1468 per·
1864 1418 1911 1457 15

440 1485 567 1531 ditos
590 1484 865 1546 plangimus
890 1499 944 1530 ac
967 1485 1194 1538 dolemus,
1220 1484 1323 1544 ipso
1347 1484 1541 1531 Christo
1564 1484 1774 1531 Domino
1800 1491 1848 1531 et

443 1563 547 1609 Deo
588 1567 753 1608 nostro
793 1571 1026 1616 monente,
1069 1577 1123 1608 ac
1163 1562 1363 1615 dicente,
1405 1561 1508 1626 qu
1547 1578 1647 1609 sum
1694 1577 1845 1609 resur-

444 1640 585 1686 rectio
625 1645 666 1685 et
712 1639 819 1686 vita.
909 1638 1004 1698 Qui
1048 1638 1193 1686 credit
1237 1639 1288 1685 in
1334 1655 1416 1694 me,
1458 1639 1562 1686 licet
1606 1640 1847 1691 moriatur,

444 1717 590 1769 vive&
641 1722 683 1763 et
717 1716 866 1763 omnis
907 1716 988 1778 qui
1022 1716 1134 1763 vivit
1168 1722 1210 1762 et
1244 1716 1388 1763 credit
1428 1717 1479 1763 in
1514 1733 1583 1764 me
1623 1733 1715 1764 non
1755 1732 1849 1764 mo-

445 1795 595 1841 rietur
628 1796 679 1840 in
720 1800 952 1841 aeternum
971 1794 1000 1839 ξ’
1051 1794 1103 1840 Si
1144 1795 1194 1840 in
1238 1794 1485 1841 Christum
1522 1795 1772 1850 credimus,
1808 1795 1849 1842 si
1865 1815 1914 1841 20

447 1872 587 1919 fidem
611 1872 767 1918 verbis
791 1878 840 1918 et
869 1872 1116 1933 promissis
1145 1873 1249 1934 ejus
1281 1872 1526 1927 habemus,
1551 1880 1599 1918 et
1627 1862 1722 1918 non
1751 1888 1851 1918 mo-

445 1951 599 1997 rimur
620 1950 671 1996 in
696 1956 956 2004 aeternum,
981 1951 1040 1996 ad
1067 1950 1330 2002 Christum,
1355 1966 1461 1997 cum
1488 1966 1583 2011 quo
1606 1956 1654 1996 et
1676 1950 1851 1997 victuri

444 2034 490 2073 et
526 2028 773 2091 regnaturi
810 2043 996 2088 semper
1029 2043 1210 2082 sumus,
1242 2030 1367 2074 laeta
1401 2028 1654 2075 securitate
1689 2027 1850 2074 venia-

446 2121 566 2152 mus.
642 2105 783 2160 Quod
832 2105 1023 2152 interim
1064 2105 1309 2158 morimur,
1345 2107 1405 2152 ad
1442 2105 1851 2152 immortalitatem

447 2189 599 2230 morte
622 2183 1029 2246 transgredimur;
1065 2198 1151 2230 nec
1173 2190 1331 2243 potest
1355 2183 1454 2230 vita
1482 2190 1674 2230 aeterna
1696 2198 1853 2230 succe·
1867 2204 1916 2242 25

445 2261 568 2314 dere,
594 2260 686 2306 nisi
711 2260 822 2306 hinc
845 2260 1101 2323 contigerit
1125 2260 1267 2307 exire.
1340 2261 1451 2307 Non
1472 2267 1543 2307 est
1567 2260 1722 2307 exitus
1747 2259 1851 2315 iste,

446 2339 526 2384 sed
551 2337 797 2390 transituS,
817 2343 862 2383 et
876 2337 1137 2397 'temporali
1163 2337 1334 2384 itinere
1357 2338 1554 2384 decurso
1577 2339 1635 2383 ad
1661 2343 1855 2384 aeterna

447 2422 783 2477 transgressus,
855 2413 977 2468 Quis
1014 2429 1107 2460 non
1143 2415 1202 2460 ad
1240 2414 1436 2460 meliora
1471 2414 1694 2461 festinet?
1731 2413 1853 2468 Quis

450 2506 543 2538 non
580 2491 755 2538 mutari
793 2498 841 2537 et
876 2491 1122 2538 reformari
1158 2493 1219 2538 ad
1256 2491 1438 2539 Christi
1471 2492 1690 2552 speciem,
1715 2498 1763 2538 et
1793 2492 1853 2538 ad

448 2568 663 2615 coelestis
709 2568 889 2631 gloriae
935 2568 1221 2631 dignitatem
1263 2569 1424 2616 venire
1464 2569 1607 2616 citius
1647 2574 1853 2630 exoptet,
1867 2587 1919 2626 30

232 2653 437 2696 Ph51÷p1‚.3ii.
454 2645 606 2692 Paulo
630 2646 862 2707 Apostolo
884 2646 1200 2707 praedicante,
1219 2653 1266 2693 et
1289 2646 1489 2702 dicente,
1509 2644 1681 2694 Nostra
1705 2651 1852 2692 autem

234 2708 282 2729 ⁴10.

453 2724 746 2773 conversatio,
773 2723 946 2784 inquit,
967 2723 1014 2769 in
1042 2722 1176 2770 coelis
1200 2729 1277 2779 est,
1297 2723 1416 2770 unde
1439 2730 1480 2771 et
1497 2723 1751 2771 Dominum
1776 2738 1854 2769 ex-

449 2805 699 2860 spectamus
729 2798 890 2847 Jemm
919 2798 1171 2854 Christum,
1198 2801 1279 2862 qui
1311 2798 1658 2863 transformabit
1690 2815 1853 2864 corpus
