2034 3204
341 279 404 322 IN
435 281 478 323 S.
509 278 672 322 CYPR.
703 276 782 320 DE
814 276 1007 320 OPERE
1040 275 1114 318 ET
1143 274 1429 318 ELEEMOS.
1507 273 1594 314 353

194 393 303 444 gust.
327 387 461 430 Serm.
478 399 558 442 213
577 386 630 429 de
645 385 790 442 Temp.
813 391 823 408 ‘
838 384 1078 427 Oblationes
1098 397 1205 440 quae
1224 382 1267 425 in
1287 381 1436 424 altario
1457 394 1596 446 conse-

195 451 206 467 ‘
223 450 393 487 crantur
413 443 572 494 offerte,
588 444 831 486 erubescere
847 442 971 485 debet
990 442 1113 484 homo
1132 441 1318 490 idoneus,
1334 439 1368 481 si
1388 439 1441 481 de
1461 438 1597 480 ahena

195 508 205 524 ‘
222 501 428 545 oblatione
467 501 764 544 communicat.’
797 500 956 542 FELL.
1031 497 1349 547 Eucharistiam,
1386 510 1492 552 quae
1532 500 1596 538 est

196 560 336 602 Coena
355 558 584 609 Dominica,
605 558 683 601 hoc
712 558 802 600 loco
828 556 1050 615 significari
1075 571 1168 599 cum
1189 555 1304 597 Fello
1331 553 1596 597 statuendum

156 628 180 666 5
194 622 269 659 est.
330 617 499 659 Interea
517 631 643 673 quum
668 615 912 673 particulam
932 623 972 658 et
991 621 1088 657 ante
1110 614 1384 656 Dominicum
1406 610 1595 669 positam,

193 688 316 740 quam
346 674 533 717 nesciunt
559 673 651 716 edd.
673 673 865 730 princeps
891 678 935 716 et
955 671 1210 722 Erasmianm
1231 670 1352 713 simul
1380 684 1429 711 ac
1455 668 1599 724 scripti

193 731 288 773 libri
308 731 452 783 nostri,
468 730 555 788 jam
576 731 671 774 olim
692 730 962 774 decrevissem
983 729 1145 787 ejicere,
1166 734 1311 786 postea
1328 727 1441 770 illam
1462 726 1505 768 in
1524 724 1598 767 tri-

193 789 269 830 bus
289 788 379 831 aliis
399 788 533 832 MStis
554 789 696 831 deesse
716 788 836 831 sensi.

253 846 301 889 P.
323 857 420 902 305.
441 846 469 888 l.
492 847 560 890 28.
586 845 771 902 Corban]
803 846 869 888 Ita
889 844 1086 911 scriptum
1104 843 1187 886 vidi
1207 843 1250 885 in
1269 857 1417 885 novem
1439 840 1599 884 Codici-

135 903 271 947 Iobus
299 903 601 960 manuscriptis,
630 903 752 946 etiam
785 903 829 945 in
860 902 1143 968 Seguieriano.
1203 900 1285 943 Alii
1314 900 1471 942 habent
1499 899 1600 942 Cor-

195 962 349 1004 bonam
367 961 434 1004 vel
455 961 708 1004 Gorbanam.
761 961 973 1009 Fuxensls,
994 960 1162 1002 Oorban
1182 967 1222 1002 et
1242 959 1497 1001 Oorbanam.
1549 956 1599 998 In

194 1018 328 1083 capite
358 1018 531 1075 septimo
556 1017 774 1074 Evangelii
803 1018 1027 1060 secundum
1054 1018 1256 1066 Marcum,
1285 1022 1328 1058 et
1353 1016 1396 1057 in
1427 1014 1600 1072 epistola.

195 1075 441 1134 Hieronymi
469 1075 523 1118 ad
545 1075 789 1119 Geruntiam
814 1075 866 1118 de
887 1074 1164 1132 Monogamia,
1191 1075 1374 1122 Corban,
1395 1073 1509 1129 quod
1538 1080 1598 1114 eet

194 1134 364 1176 donum.
426 1134 544 1176 Bona
567 1147 731 1190 quoque
760 1138 899 1190 potest
927 1147 1016 1174 esse
1046 1131 1167 1174 lectio
1189 1131 1351 1174 Codicis
1381 1129 1598 1172 Pithoeani

134 1190 237 1238 15in
269 1205 350 1247 quo
385 1190 582 1248 scriptum
614 1197 688 1242 est,
723 1205 832 1247 quae
863 1199 912 1233 ut
943 1191 1050 1233 orba
1084 1191 1255 1232 omnim»
1289 1203 1374 1231 non
1405 1189 1598 1244 respicis.

194 1249 303 1291 Nam
331 1247 454 1305 paulo
474 1253 572 1291 ante
595 1247 829 1306 Cyprianus
853 1247 959 1290 dixit
987 1247 1131 1290 matris
1157 1246 1264 1288 illius
1291 1246 1429 1288 oculos
1456 1259 1599 1302 super-

194 1305 306 1348 fusos
332 1319 422 1348 esse
448 1305 627 1363 nigroris
651 1306 833 1348 tenebris
853 1311 896 1347 et
916 1311 1036 1347 nocte
1063 1309 1283 1347 contectos.
1344 1304 1453 1345 Vide
1480 1309 1599 1345 notas

197 1362 392 1406 cotelerii
426 1363 481 1406 ad
515 1363 666 1406 librum
701 1363 923 1406 secundum
961 1362 1308 1405 Constitutionum
1344 1361 1598 1418 Apostolica-

194 1435 301 1473 rum,
322 1434 410 1478 cap.
428 1422 498 1477 36,
519 1426 562 1463 et
588 1421 789 1464 Samuelis
816 1420 1012 1477 Basnagii
1042 1419 1369 1462 Exercitationes
1398 1419 1439 1460 in
1469 1419 1597 1460 Baro-

133 1495 183 1521 20
195 1477 320 1528 nium,
341 1492 437 1536 pag.
458 1489 557 1535 597.
593 1478 800 1522 BALUZ.
866 1479 1035 1520 Corban
1066 1478 1143 1519 hoc
1173 1477 1261 1519 loco
1291 1477 1400 1519 dona
1419 1482 1462 1518 et
1486 1476 1598 1517 obla-

193 1535 326 1579 tiones
354 1542 463 1585 sunt,
484 1549 592 1592 quae
616 1536 708 1579 Deo
735 1535 992 1585 dicabantur,
1020 1540 1067 1577 ut
1096 1534 1139 1576 in
1169 1549 1266 1577 usus
1295 1548 1524 1591 pauperum
1555 1540 1598 1575 et

194 1593 435 1636 clericorum
455 1599 743 1651 erogarentur.

253 1650 363 1694 Ibid.
384 1650 427 1693 in
447 1650 724 1708 Dominicum]
752 1651 803 1694 Id
823 1658 886 1694 est
909 1651 952 1694 in
972 1651 1138 1694 domum
1165 1651 1207 1692 in
1226 1664 1348 1707 quam
1373 1648 1597 1692 Christiani

195 1707 442 1752 conveniunt
479 1708 534 1751 ad
573 1708 820 1752 celebranda
863 1708 1075 1766 mysteria.
1153 1707 1402 1751 Constitutio
1443 1707 1598 1750 Galerii

133 1777 182 1818 25
197 1765 413 1809 Maximini
436 1779 513 1823 pro
535 1766 780 1809 Christianis
804 1782 829 1809 a
859 1767 915 1809 ud
937 1766 1131 1809 Rufinum
1154 1767 1182 1808 l.
1203 1780 1261 1808 1x.
1284 1780 1317 1807 c.
1341 1779 1392 1820 9:
1425 1772 1434 1788 ‘
1451 1765 1534 1808 Sed
1556 1772 1599 1806 et

199 1829 209 1847 ‘
226 1823 458 1866 orationum
487 1823 644 1875 domos,
670 1824 713 1866 id
740 1830 804 1867 est
874 1823 1048 1866 ominica
1077 1838 1164 1871 sua,
1185 1829 1232 1865 ut
1262 1823 1493 1866 instaurent
1522 1837 1599 1879 pro

199 1887 209 1904 ‘
225 1880 438 1924 voluntate
458 1895 533 1923 sua
551 1880 852 1938 permittimus.'
912 1882 969 1924 Et
988 1881 1056 1923 lib.
1079 1895 1123 1923 x,
1145 1895 1233 1937 cap.
1254 1893 1298 1936 3,
1318 1880 1486 1936 quidam
1507 1894 1601 1921 con-

197 1938 328 1980 fessor
352 1938 423 1995 qui
446 1938 602 1981 vicerat
630 1938 918 1996 philosophum
947 1938 1030 1981 ait:
1063 1946 1072 1962 ‘
1092 1939 1228 1995 Surge
1258 1943 1302 1980 et
1330 1951 1504 1994 sequere
1534 1952 1600 1979 me

199 2002 210 2020 ‘
226 1995 281 2038 ad
301 1995 573 2046 Dominicum‚
595 2002 638 2038 et
657 1995 780 2052 hujus
805 1996 901 2038 fidei
928 1996 1183 2062 signaculum
1207 1995 1391 2052 suscipe.’
1451 1994 1600 2036 Hiero-

75 2063 78 2066 ’
132 2071 184 2107 3ο
197 2067 346 2110 nymus
365 2052 408 2095 in
429 2052 660 2096 Chronico:
692 2060 702 2076 ‘
719 2053 769 2095 In
789 2053 1009 2096 Antiochla
1024 2052 1282 2095 Dominicum
1300 2053 1411 2110 quod
1430 2058 1600 2095 vocatur

199 2117 209 2135 ‘
225 2125 397 2153 aureum
424 2110 632 2153 aedificari
658 2114 873 2168 coeptum.'
934 2111 1110 2154 Sanctus
1131 2110 1317 2153 Hilarius
1342 2110 1385 2152 in
1412 2116 1599 2152 extremo

196 2168 302 2211 libro
331 2168 386 2210 ad
414 2167 712 2221 Constantium,
741 2168 812 2225 qui
840 2167 983 2225 incipit
1009 2170 1286 2225 Beniqnifico,
1314 2168 1373 2211 ait
1403 2168 1455 2210 de
1481 2168 1599 2210 Arri-

195 2225 309 2268 anis:
342 2232 351 2249 ‘
370 2226 577 2268 Verentur
596 2225 724 2283 igitur
744 2226 883 2283 populi
898 2226 1112 2283 judicium,
1132 2240 1158 2268 a
1178 2226 1393 2268 Dominico
1413 2226 1468 2268 ad
1487 2226 1600 2282 pala-

197 2291 207 2307 ‘
225 2283 326 2326 tium
355 2283 598 2326 transeunt?
643 2283 750 2326 Vide
771 2283 990 2342 Beveregii
1019 2284 1305 2326 annotationes
1325 2283 1367 2325 in
1390 2284 1598 2326 Canonem

133 2359 183 2397 35
201 2354 251 2396 15
286 2340 456 2383 Concilii
488 2341 717 2398 Ancyram,
747 2348 790 2384 et
818 2342 1021 2384 Joannem
1057 2342 1313 2398 Stephanum
1347 2342 1598 2391 Durantum‚

198 2399 265 2441 lib.
288 2413 314 2440 1.
338 2413 426 2455 cap.
451 2412 484 2448 1,
506 2398 559 2440 de
579 2398 744 2441 Ritibus
764 2399 971 2442 Ecclesiae
994 2399 1242 2442 Catholicae.
1285 2400 1491 2442 BALUZ.

256 2456 304 2498 P.
326 2459 423 2521 306.
447 2456 474 2497 l.
498 2469 513 2497 1
528 2469 561 2498 1.
591 2455 860 2512 infelicitatis]
897 2457 1035 2515 Vulgo
1065 2457 1352 2511 infidelitatis.
1417 2463 1427 2480 ‘
1446 2457 1596 2498 Parum

200 2520 209 2537 ‘
226 2513 384 2562 abfult,'
419 2513 479 2555 ait
519 2513 724 2564 Baluzius,
761 2519 773 2538 ‘
788 2514 887 2571 quin
930 2528 1125 2571 ponerem
1168 2515 1443 2570 infelicitatis
1475 2514 1600 2570 juxta

199 2570 443 2613 ‘lectionem
473 2576 658 2613 veterum
689 2571 929 2622 editionum,
953 2587 1076 2628 quam
1106 2572 1350 2614 confirmant
1380 2571 1526 2629 viginti
1556 2578 1599 2613 et

135 2645 185 2679 40
199 2635 208 2652 ‘
227 2628 309 2671 duo
347 2628 600 2685 exemplaria
643 2635 782 2672 nostra
822 2635 865 2672 et
903 2630 1093 2672 undecim
1133 2629 1374 2694 Anglicana.
1452 2629 1599 2671 Manu-

199 2693 208 2709 ‘
227 2686 307 2728 tius
326 2685 463 2751 posuit
482 2685 766 2739 infidelitatis.
828 2686 960 2729 Aliter
981 2687 1163 2729 Pamelio
1183 2701 1313 2729 visum
1335 2686 1424 2728 est.⁹
1481 2687 1598 2728 Haec

200 2743 405 2786 Baluzlus.
466 2743 548 2786 Vix
579 2743 722 2786 dubito
754 2743 853 2800 quin
883 2743 1025 2786 reduci
1060 2744 1115 2786 ad
1144 2744 1254 2786 hunc
1283 2743 1418 2786 locum
1448 2743 1598 2786 debeat

198 2815 278 2843 vox
297 2801 586 2856 infelicitatis,
608 2815 714 2858 quae
735 2816 827 2843 cum
854 2801 925 2844 illa
943 2803 1191 2844 sterilitatis
1210 2801 1332 2859 jungi
1359 2801 1488 2851 soles3
1519 2810 1598 2844 ste-

197 2859 279 2902 rile
313 2858 421 2900 enim
456 2866 583 2914 atque
617 2860 772 2915 infilioe
804 2860 940 2902 solum
974 2859 1087 2901 haud
1120 2874 1217 2901 raro
1249 2859 1410 2901 dicitur.
1477 2859 1597 2901 Hanc

134 2930 183 2967 45
198 2915 326 2973 igitur
346 2930 486 2958 vocem
514 2916 700 2959 revocavi
728 2916 912 2973 Rigaltio
939 2930 1102 2972 quoque
1129 2916 1358 2973 probatam,
1386 2923 1429 2959 et
1455 2916 1497 2958 in
1525 2931 1595 2958 sex

255 2987 336 3015 vot.
372 2987 398 3014 1.
892 2989 916 3015 A
940 2989 964 3016 a
