<?xml version="1.0" encoding="UTF-8"?>
<!DOCTYPE html PUBLIC "-//W3C//DTD XHTML 1.0 Transitional//EN"
    "http://www.w3.org/TR/xhtml1/DTD/xhtml1-transitional.dtd">
<html xmlns="http://www.w3.org/1999/xhtml" xml:lang="en" lang="en">
 <head>
  <title>
</title>
<meta http-equiv="Content-Type" content="text/html;charset=utf-8" />
  <meta name='ocr-system' content='tesseract 3.04.00' />
  <meta name='ocr-capabilities' content='ocr_page ocr_carea ocr_par ocr_line ocrx_word'/>
</head>
<body>
  <div class='ocr_page' id='page_1' title='image "./scriptorumeccles01rout_0219.png"; bbox 0 0 2034 3204; ppageno 0'>
   <div class='ocr_carea' id='block_1_1' title="bbox 360 227 1609 272">
    <p class='ocr_par' dir='ltr' id='par_1_1' title="bbox 360 227 1609 272">
     <span class='ocr_line' id='line_1_1' title="bbox 360 227 1609 272; baseline -0.002 -1"><span class='ocrx_word' id='word_1_1' title='bbox 360 230 423 272; x_wconf 88' lang='lat' dir='ltr'><em>IN</em></span> <span class='ocrx_word' id='word_1_2' title='bbox 454 227 739 272; x_wconf 87' lang='lat' dir='ltr'>TERTULL.</span> <span class='ocrx_word' id='word_1_3' title='bbox 771 227 850 270; x_wconf 88' lang='lat' dir='ltr'><em>DE</em></span> <span class='ocrx_word' id='word_1_4' title='bbox 882 227 1245 271; x_wconf 86' lang='lat' dir='ltr'><strong>PRAESCRIPT</strong></span> <span class='ocrx_word' id='word_1_5' title='bbox 1277 227 1452 270; x_wconf 86' lang='lat' dir='ltr'><strong>HAER.</strong></span> <span class='ocrx_word' id='word_1_6' title='bbox 1523 228 1609 268; x_wconf 69' lang='lat'><em>203</em></span> 
     </span>
    </p>
   </div>
   <div class='ocr_carea' id='block_1_2' title="bbox 124 334 1612 2923">
    <p class='ocr_par' dir='ltr' id='par_1_2' title="bbox 169 334 1610 853">
     <span class='ocr_line' id='line_1_2' title="bbox 207 334 1609 392; baseline -0.001 -14"><span class='ocrx_word' id='word_1_7' title='bbox 207 336 330 392; x_wconf 89' lang='lat' dir='ltr'><em>hujus</em></span> <span class='ocrx_word' id='word_1_8' title='bbox 358 335 454 379; x_wconf 86' lang='lat' dir='ltr'>libri</span> <span class='ocrx_word' id='word_1_9' title='bbox 483 335 632 379; x_wconf 89' lang='lat' dir='ltr'><em>editori</em></span> <span class='ocrx_word' id='word_1_10' title='bbox 660 337 839 379; x_wconf 83' lang='lat' dir='ltr'><em>veritati</em></span> <span class='ocrx_word' id='word_1_11' title='bbox 867 350 916 378; x_wconf 88' lang='lat' dir='ltr'><em>ac</em></span> <span class='ocrx_word' id='word_1_12' title='bbox 943 337 1241 378; x_wconf 78' lang='lat' dir='ltr'><em>mendacitati.</em></span> <span class='ocrx_word' id='word_1_13' title='bbox 1304 335 1462 377; x_wconf 82' lang='lat' dir='ltr'>Contra</span> <span class='ocrx_word' id='word_1_14' title='bbox 1480 335 1509 377; x_wconf 89' lang='lat' dir='ltr'>J</span> <span class='ocrx_word' id='word_1_15' title='bbox 1512 334 1609 376; x_wconf 90' lang='lat' dir='ltr'><em>unio</em></span> 
     </span>
     <span class='ocr_line' id='line_1_3' title="bbox 206 391 1610 450; baseline -0.001 -14"><span class='ocrx_word' id='word_1_16' title='bbox 206 393 396 450; x_wconf 77' lang='lat' dir='ltr'>placebat</span> <span class='ocrx_word' id='word_1_17' title='bbox 424 393 544 436; x_wconf 87' lang='lat' dir='ltr'><em>lectio</em></span> <span class='ocrx_word' id='word_1_18' title='bbox 574 395 774 436; x_wconf 71' lang='lat' dir='ltr'><em>veritatis</em></span> <span class='ocrx_word' id='word_1_19' title='bbox 785 409 802 443; x_wconf 90' lang='lat'><em>;</em></span> <span class='ocrx_word' id='word_1_20' title='bbox 845 393 920 436; x_wconf 88' lang='lat' dir='ltr'><em>sed</em></span> <span class='ocrx_word' id='word_1_21' title='bbox 952 392 1111 436; x_wconf 89' lang='lat' dir='ltr'><em>monuit</em></span> <span class='ocrx_word' id='word_1_22' title='bbox 1143 392 1365 442; x_wconf 87' lang='lat' dir='ltr'><em>Semlerus,</em></span> <span class='ocrx_word' id='word_1_23' title='bbox 1397 391 1610 448; x_wconf 88' lang='lat' dir='ltr'><em>pertinere</em></span> 
     </span>
     <span class='ocr_line' id='line_1_4' title="bbox 205 450 1609 507; baseline -0.001 -14"><span class='ocrx_word' id='word_1_24' title='bbox 205 451 384 493; x_wconf 84' lang='lat' dir='ltr'><em>veritati</em></span> <span class='ocrx_word' id='word_1_25' title='bbox 402 451 457 493; x_wconf 89' lang='lat' dir='ltr'><em>ad</em></span> <span class='ocrx_word' id='word_1_26' title='bbox 475 452 785 506; x_wconf 77' lang='lat' dir='ltr'><em>deputandam,</em></span> <span class='ocrx_word' id='word_1_27' title='bbox 802 450 837 493; x_wconf 91' lang='lat' dir='ltr'><em>si</em></span> <span class='ocrx_word' id='word_1_28' title='bbox 856 451 934 493; x_wconf 88' lang='lat' dir='ltr'><em>hoc</em></span> <span class='ocrx_word' id='word_1_29' title='bbox 949 451 1121 493; x_wconf 87' lang='lat' dir='ltr'><em>verbum</em></span> <span class='ocrx_word' id='word_1_30' title='bbox 1141 455 1319 492; x_wconf 85' lang='lat' dir='ltr'><em>maneat.</em></span> <span class='ocrx_word' id='word_1_31' title='bbox 1370 451 1509 506; x_wconf 87' lang='lat' dir='ltr'><em>Atque</em></span> <span class='ocrx_word' id='word_1_32' title='bbox 1529 463 1609 507; x_wconf 89' lang='lat' dir='ltr'><em>ego</em></span> 
     </span>
     <span class='ocr_line' id='line_1_5' title="bbox 205 506 1610 565; baseline -0.001 -15"><span class='ocrx_word' id='word_1_33' title='bbox 205 507 312 550; x_wconf 84' lang='lat' dir='ltr'><em>hanc</em></span> <span class='ocrx_word' id='word_1_34' title='bbox 343 507 622 550; x_wconf 86' lang='lat' dir='ltr'><em>Pamelianam</em></span> <span class='ocrx_word' id='word_1_35' title='bbox 650 508 843 564; x_wconf 89' lang='lat' dir='ltr'><em>praefero</em></span> <span class='ocrx_word' id='word_1_36' title='bbox 871 507 1088 551; x_wconf 87' lang='lat' dir='ltr'><em>lectionem</em></span> <span class='ocrx_word' id='word_1_37' title='bbox 1116 507 1175 550; x_wconf 91' lang='lat' dir='ltr'><em>illi</em></span> <span class='ocrx_word' id='word_1_38' title='bbox 1204 506 1482 565; x_wconf 86' lang='lat' dir='ltr'><em>Rigaltianae,</em></span> <span class='ocrx_word' id='word_1_39' title='bbox 1514 512 1524 530; x_wconf 89' lang='lat'>‘</span> <span class='ocrx_word' id='word_1_40' title='bbox 1546 508 1610 549; x_wconf 83' lang='lat' dir='ltr'><em>ad</em></span> 
     </span>
     <span class='ocr_line' id='line_1_6' title="bbox 169 564 1610 622; baseline -0.001 -14"><span class='ocrx_word' id='word_1_41' title='bbox 169 574 192 613; x_wconf 85' lang='lat'>5</span> <span class='ocrx_word' id='word_1_42' title='bbox 207 571 218 588; x_wconf 93' lang='lat'><em>‘</em></span> <span class='ocrx_word' id='word_1_43' title='bbox 230 566 613 622; x_wconf 76' lang='lat' dir='ltr'><em>principalitatem</em></span> <span class='ocrx_word' id='word_1_44' title='bbox 632 565 819 608; x_wconf 87' lang='lat' dir='ltr'><em>veritatis</em></span> <span class='ocrx_word' id='word_1_45' title='bbox 838 573 878 609; x_wconf 89' lang='lat' dir='ltr'><em>et</em></span> <span class='ocrx_word' id='word_1_46' title='bbox 897 567 1194 622; x_wconf 68' lang='lat' dir='ltr'><em>posteritatem</em></span> <span class='ocrx_word' id='word_1_47' title='bbox 1221 564 1509 607; x_wconf 75' lang='lat' dir='ltr'><em>mendacitatis</em></span> <span class='ocrx_word' id='word_1_48' title='bbox 1528 564 1610 606; x_wconf 76' lang='lat' dir='ltr'><em>dis-</em></span> 
     </span>
     <span class='ocr_line' id='line_1_7' title="bbox 206 623 1609 682; baseline 0 -18"><span class='ocrx_word' id='word_1_49' title='bbox 206 630 216 646; x_wconf 91' lang='lat'>‘</span> <span class='ocrx_word' id='word_1_50' title='bbox 238 623 492 679; x_wconf 64' lang='lat' dir='ltr'><em>putandam?</em></span> <span class='ocrx_word' id='word_1_51' title='bbox 544 623 699 665; x_wconf 81' lang='lat' dir='ltr'><em>Omnes</em></span> <span class='ocrx_word' id='word_1_52' title='bbox 719 623 836 666; x_wconf 83' lang='lat' dir='ltr'><em>editt.</em></span> <span class='ocrx_word' id='word_1_53' title='bbox 853 629 951 666; x_wconf 89' lang='lat' dir='ltr'><em>ante</em></span> <span class='ocrx_word' id='word_1_54' title='bbox 971 623 1200 682; x_wconf 83' lang='lat' dir='ltr'><em>Rigaltium</em></span> <span class='ocrx_word' id='word_1_55' title='bbox 1219 623 1517 679; x_wconf 67' lang='lat' dir='ltr'><em>dqmtandam</em></span> <span class='ocrx_word' id='word_1_56' title='bbox 1528 637 1544 671; x_wconf 89' lang='grc'><em>,·</em></span> <span class='ocrx_word' id='word_1_57' title='bbox 1565 628 1609 665; x_wconf 90' lang='lat' dir='ltr'><em>et</em></span> 
     </span>
     <span class='ocr_line' id='line_1_8' title="bbox 204 679 1607 746; baseline 0 -25"><span class='ocrx_word' id='word_1_58' title='bbox 204 679 248 721; x_wconf 90' lang='lat' dir='ltr'><em>in</em></span> <span class='ocrx_word' id='word_1_59' title='bbox 275 680 545 746; x_wconf 81' lang='lat' dir='ltr'><em>Apologetico</em></span> <span class='ocrx_word' id='word_1_60' title='bbox 573 680 815 723; x_wconf 84' lang='lat' dir='ltr'><em>Tertulliani</em></span> <span class='ocrx_word' id='word_1_61' title='bbox 843 681 1041 723; x_wconf 80' lang='lat' dir='ltr'><em>habes—⁸</em></span> <span class='ocrx_word' id='word_1_62' title='bbox 1063 680 1175 738; x_wconf 87' lang='lat' dir='ltr'><em>apud</em></span> <span class='ocrx_word' id='word_1_63' title='bbox 1202 679 1402 729; x_wconf 86' lang='lat' dir='ltr'><em>homines,</em></span> <span class='ocrx_word' id='word_1_64' title='bbox 1423 679 1458 721; x_wconf 81' lang='lat' dir='ltr'><em>si</em></span> <span class='ocrx_word' id='word_1_65' title='bbox 1484 679 1607 732; x_wconf 86' lang='lat' dir='ltr'><em>forte,</em></span> 
     </span>
     <span class='ocr_line' id='line_1_9' title="bbox 206 737 1608 795; baseline -0.001 -15"><span class='ocrx_word' id='word_1_66' title='bbox 206 744 216 760; x_wconf 92' lang='lat'>‘</span> <span class='ocrx_word' id='word_1_67' title='bbox 239 737 521 795; x_wconf 83' lang='lat' dir='ltr'><em>distinguitur,</em></span> <span class='ocrx_word' id='word_1_68' title='bbox 543 738 641 780; x_wconf 91' lang='lat' dir='ltr'><em>dum</em></span> <span class='ocrx_word' id='word_1_69' title='bbox 663 738 928 794; x_wconf 82' lang='lat' dir='ltr'><em>expungitur,</em></span> <span class='ocrx_word' id='word_1_70' title='bbox 951 738 1048 780; x_wconf 89' lang='lat' dir='ltr'><em>dum</em></span> <span class='ocrx_word' id='word_1_71' title='bbox 1068 753 1120 781; x_wconf 92' lang='lat' dir='ltr'><em>ex</em></span> <span class='ocrx_word' id='word_1_72' title='bbox 1141 738 1282 780; x_wconf 84' lang='lat' dir='ltr'><em>futuro</em></span> <span class='ocrx_word' id='word_1_73' title='bbox 1306 751 1516 795; x_wconf 76' lang='lat' dir='ltr'><em>praesens,</em></span> <span class='ocrx_word' id='word_1_74' title='bbox 1537 737 1608 779; x_wconf 86' lang='lat' dir='ltr'><em>de·</em></span> 
     </span>
     <span class='ocr_line' id='line_1_10' title="bbox 207 795 1610 853; baseline 0.001 -16"><span class='ocrx_word' id='word_1_75' title='bbox 207 801 216 818; x_wconf 78' lang='lat'>‘</span> <span class='ocrx_word' id='word_1_76' title='bbox 239 795 333 837; x_wconf 92' lang='lat' dir='ltr'><em>hinc</em></span> <span class='ocrx_word' id='word_1_77' title='bbox 365 811 417 838; x_wconf 87' lang='lat' dir='ltr'><em>ex</em></span> <span class='ocrx_word' id='word_1_78' title='bbox 449 795 658 853; x_wconf 79' lang='lat' dir='ltr'><em>praesenti</em></span> <span class='ocrx_word' id='word_1_79' title='bbox 690 799 961 852; x_wconf 87' lang='lat' dir='ltr'><em>praeteritum</em></span> <span class='ocrx_word' id='word_1_80' title='bbox 995 795 1260 851; x_wconf 70' lang='lat' dir='ltr'><em>deputatur-‚³</em></span> <span class='ocrx_word' id='word_1_81' title='bbox 1287 809 1376 852; x_wconf 85' lang='lat' dir='ltr'><em>cap.</em></span> <span class='ocrx_word' id='word_1_82' title='bbox 1406 807 1476 838; x_wconf 82' lang='lat'><em>20.</em></span> <span class='ocrx_word' id='word_1_83' title='bbox 1546 796 1610 838; x_wconf 79' lang='lat' dir='ltr'><em>Ec</em></span> 
     </span>
    </p>

    <p class='ocr_par' dir='ltr' id='par_1_3' title="bbox 145 852 1609 1025">
     <span class='ocr_line' id='line_1_11' title="bbox 145 852 1607 910; baseline 0 -16"><span class='ocrx_word' id='word_1_84' title='bbox 145 869 192 894; x_wconf 92' lang='lat'><em>10</em></span> <span class='ocrx_word' id='word_1_85' title='bbox 204 854 385 909; x_wconf 82' lang='lat' dir='ltr'><em>deputor</em></span> <span class='ocrx_word' id='word_1_86' title='bbox 404 854 583 909; x_wconf 76' lang='lat' dir='ltr'><em>Anyelie</em></span> <span class='ocrx_word' id='word_1_87' title='bbox 606 859 744 895; x_wconf 88' lang='lat' dir='ltr'><em>exstat</em></span> <span class='ocrx_word' id='word_1_88' title='bbox 770 853 813 895; x_wconf 92' lang='lat' dir='ltr'><em>in</em></span> <span class='ocrx_word' id='word_1_89' title='bbox 833 853 901 895; x_wconf 92' lang='lat' dir='ltr'><em>lib.</em></span> <span class='ocrx_word' id='word_1_90' title='bbox 923 853 1012 910; x_wconf 89' lang='lat' dir='ltr'><em>ejus</em></span> <span class='ocrx_word' id='word_1_91' title='bbox 1040 854 1154 896; x_wconf 84' lang='lat' dir='ltr'><em>advs.</em></span> <span class='ocrx_word' id='word_1_92' title='bbox 1168 852 1493 902; x_wconf 80' lang='lat' dir='ltr'><em>Valentinianos,</em></span> <span class='ocrx_word' id='word_1_93' title='bbox 1514 866 1607 910; x_wconf 82' lang='lat' dir='ltr'><em>cap.</em></span> 
     </span>
     <span class='ocr_line' id='line_1_12' title="bbox 203 909 1609 967; baseline 0 -15"><span class='ocrx_word' id='word_1_94' title='bbox 203 923 273 966; x_wconf 86' lang='lat'><em>32.</em></span> <span class='ocrx_word' id='word_1_95' title='bbox 336 911 530 954; x_wconf 89' lang='lat' dir='ltr'><em>Ceterum</em></span> <span class='ocrx_word' id='word_1_96' title='bbox 561 910 690 967; x_wconf 86' lang='lat' dir='ltr'><em>princi</em></span> <span class='ocrx_word' id='word_1_97' title='bbox 721 910 842 953; x_wconf 75' lang='lat' dir='ltr'><em>alites</em></span> <span class='ocrx_word' id='word_1_98' title='bbox 871 917 946 959; x_wconf 87' lang='lat' dir='ltr'><em>est,</em></span> <span class='ocrx_word' id='word_1_99' title='bbox 969 917 1016 953; x_wconf 92' lang='lat' dir='ltr'><em>ut</em></span> <span class='ocrx_word' id='word_1_100' title='bbox 1044 910 1104 954; x_wconf 90' lang='lat' dir='ltr'><em>ait</em></span> <span class='ocrx_word' id='word_1_101' title='bbox 1132 911 1268 953; x_wconf 84' lang='lat' dir='ltr'><em>editor</em></span> <span class='ocrx_word' id='word_1_102' title='bbox 1300 909 1609 954; x_wconf 85' lang='lat' dir='ltr'><em>Institutionum</em></span> 
     </span>
     <span class='ocr_line' id='line_1_13' title="bbox 207 968 1307 1025; baseline 0 -15"><span class='ocrx_word' id='word_1_103' title='bbox 207 968 332 1010; x_wconf 84' lang='lat' dir='ltr'><em>Card.</em></span> <span class='ocrx_word' id='word_1_104' title='bbox 353 968 577 1018; x_wconf 89' lang='lat' dir='ltr'><em>Thomasii,</em></span> <span class='ocrx_word' id='word_1_105' title='bbox 597 983 679 1024; x_wconf 90' lang='lat' dir='ltr'><em>quo</em></span> <span class='ocrx_word' id='word_1_106' title='bbox 727 982 754 1010; x_wconf 87' lang='lat' dir='ltr'><em>a</em></span> <span class='ocrx_word' id='word_1_107' title='bbox 773 968 985 1025; x_wconf 86' lang='lat' dir='ltr'><em>principio,</em></span> <span class='ocrx_word' id='word_1_108' title='bbox 1005 969 1060 1011; x_wconf 88' lang='lat' dir='ltr'><em>ab</em></span> <span class='ocrx_word' id='word_1_109' title='bbox 1080 968 1196 1011; x_wconf 89' lang='lat' dir='ltr'><em>initio</em></span> <span class='ocrx_word' id='word_1_110' title='bbox 1216 968 1307 1011; x_wconf 85' lang='lat' dir='ltr'><em>fuit.</em></span> 
     </span>
    </p>

    <p class='ocr_par' dir='ltr' id='par_1_4' title="bbox 204 1025 1611 1126">
     <span class='ocr_line' id='line_1_14' title="bbox 263 1025 1611 1083; baseline 0.001 -17"><span class='ocrx_word' id='word_1_111' title='bbox 263 1025 310 1067; x_wconf 94' lang='lat' dir='ltr'><em>P.</em></span> <span class='ocrx_word' id='word_1_112' title='bbox 332 1037 425 1080; x_wconf 95' lang='lat'>147.</span> <span class='ocrx_word' id='word_1_113' title='bbox 447 1026 474 1068; x_wconf 94' lang='lat' dir='ltr'><em>l.</em></span> <span class='ocrx_word' id='word_1_114' title='bbox 497 1039 563 1068; x_wconf 91' lang='lat'><em>10.</em></span> <span class='ocrx_word' id='word_1_115' title='bbox 583 1025 627 1068; x_wconf 92' lang='lat' dir='ltr'><em>in</em></span> <span class='ocrx_word' id='word_1_116' title='bbox 647 1026 830 1083; x_wconf 89' lang='lat' dir='ltr'><em>primore</em></span> <span class='ocrx_word' id='word_1_117' title='bbox 850 1025 1082 1082; x_wconf 85' lang='lat' dir='ltr'><em>constituit]</em></span> <span class='ocrx_word' id='word_1_118' title='bbox 1104 1026 1312 1068; x_wconf 85' lang='lat' dir='ltr'><em>Nimirum</em></span> <span class='ocrx_word' id='word_1_119' title='bbox 1339 1031 1523 1068; x_wconf 88' lang='lat' dir='ltr'><em>semente</em></span> <span class='ocrx_word' id='word_1_120' title='bbox 1544 1025 1611 1068; x_wconf 84' lang='lat' dir='ltr'><em>vel</em></span> 
     </span>
     <span class='ocr_line' id='line_1_15' title="bbox 204 1083 562 1126; baseline 0.006 -2"><span class='ocrx_word' id='word_1_121' title='bbox 204 1087 309 1125; x_wconf 89' lang='lat' dir='ltr'><em>satu.</em></span> <span class='ocrx_word' id='word_1_122' title='bbox 330 1083 359 1125; x_wconf 87' lang='lat' dir='ltr'>J</span> <span class='ocrx_word' id='word_1_123' title='bbox 365 1084 447 1125; x_wconf 91' lang='lat' dir='ltr'><em>UN</em></span> <span class='ocrx_word' id='word_1_124' title='bbox 452 1084 562 1126; x_wconf 86' lang='lat' dir='ltr'><strong>[US.</strong></span> 
     </span>
    </p>

    <p class='ocr_par' dir='ltr' id='par_1_5' title="bbox 145 1139 1611 1298">
     <span class='ocr_line' id='line_1_16' title="bbox 145 1139 1611 1198; baseline 0.001 -17"><span class='ocrx_word' id='word_1_125' title='bbox 145 1153 191 1192; x_wconf 91' lang='lat'><em>15</em></span> <span class='ocrx_word' id='word_1_126' title='bbox 264 1140 373 1183; x_wconf 92' lang='lat' dir='ltr'><em>Ibid.</em></span> <span class='ocrx_word' id='word_1_127' title='bbox 395 1141 421 1183; x_wconf 93' lang='lat' dir='ltr'><em>l.</em></span> <span class='ocrx_word' id='word_1_128' title='bbox 443 1154 509 1196; x_wconf 87' lang='lat'><em>13.</em></span> <span class='ocrx_word' id='word_1_129' title='bbox 541 1140 639 1198; x_wconf 88' lang='lat' dir='ltr'><em>quia</em></span> <span class='ocrx_word' id='word_1_130' title='bbox 668 1146 711 1183; x_wconf 91' lang='lat' dir='ltr'><em>et</em></span> <span class='ocrx_word' id='word_1_131' title='bbox 741 1140 838 1183; x_wconf 87' lang='lat' dir='ltr'><em>alibi</em></span> <span class='ocrx_word' id='word_1_132' title='bbox 872 1141 1042 1183; x_wconf 89' lang='lat' dir='ltr'><em>verbum</em></span> <span class='ocrx_word' id='word_1_133' title='bbox 1073 1140 1153 1183; x_wconf 88' lang='lat' dir='ltr'><em>Dei</em></span> <span class='ocrx_word' id='word_1_134' title='bbox 1183 1140 1369 1196; x_wconf 88' lang='lat' dir='ltr'><em>seminis]</em></span> <span class='ocrx_word' id='word_1_135' title='bbox 1408 1140 1526 1182; x_wconf 83' lang='lat' dir='ltr'><em>Fors.</em></span> <span class='ocrx_word' id='word_1_136' title='bbox 1553 1139 1611 1183; x_wconf 88' lang='lat' dir='ltr'><em>le-</em></span> 
     </span>
     <span class='ocr_line' id='line_1_17' title="bbox 204 1197 1610 1256; baseline 0 -16"><span class='ocrx_word' id='word_1_137' title='bbox 204 1197 398 1256; x_wconf 87' lang='lat' dir='ltr'><em>gendum,</em></span> <span class='ocrx_word' id='word_1_138' title='bbox 421 1200 527 1255; x_wconf 83' lang='lat' dir='ltr'><em>quia</em></span> <span class='ocrx_word' id='word_1_139' title='bbox 546 1207 596 1240; x_wconf 85' lang='lat' dir='ltr'><em>ut</em></span> <span class='ocrx_word' id='word_1_140' title='bbox 617 1199 729 1241; x_wconf 83' lang='lat' dir='ltr'><em>alibi</em></span> <span class='ocrx_word' id='word_1_141' title='bbox 749 1199 867 1241; x_wconf 84' lang='lat' dir='ltr'><em>verbi</em></span> <span class='ocrx_word' id='word_1_142' title='bbox 887 1199 972 1241; x_wconf 88' lang='lat' dir='ltr'><em>Dei</em></span> <span class='ocrx_word' id='word_1_143' title='bbox 990 1213 1139 1248; x_wconf 71' lang='lat' dir='ltr'><em>semen,</em></span> <span class='ocrx_word' id='word_1_144' title='bbox 1155 1198 1301 1255; x_wconf 89' lang='lat' dir='ltr'><em>juncto</em></span> <span class='ocrx_word' id='word_1_145' title='bbox 1321 1198 1399 1240; x_wconf 92' lang='lat' dir='ltr'><em>hoc</em></span> <span class='ocrx_word' id='word_1_146' title='bbox 1423 1198 1610 1240; x_wconf 87' lang='lat' dir='ltr'><em>membro</em></span> 
     </span>
     <span class='ocr_line' id='line_1_18' title="bbox 204 1255 744 1298; baseline 0 0"><span class='ocrx_word' id='word_1_147' title='bbox 204 1255 402 1298; x_wconf 87' lang='lat' dir='ltr'><em>orationis</em></span> <span class='ocrx_word' id='word_1_148' title='bbox 422 1271 514 1298; x_wconf 88' lang='lat' dir='ltr'><em>cum</em></span> <span class='ocrx_word' id='word_1_149' title='bbox 535 1270 554 1298; x_wconf 87' lang='lat' dir='ltr'><em>s</em></span> <span class='ocrx_word' id='word_1_150' title='bbox 609 1262 744 1298; x_wconf 90' lang='lat' dir='ltr'><em>uente.</em></span> 
     </span>
    </p>

    <p class='ocr_par' dir='ltr' id='par_1_6' title="bbox 204 1312 1611 1422">
     <span class='ocr_line' id='line_1_19' title="bbox 262 1312 1610 1369; baseline 0 -14"><span class='ocrx_word' id='word_1_151' title='bbox 262 1314 309 1355; x_wconf 90' lang='lat' dir='ltr'><em>P.</em></span> <span class='ocrx_word' id='word_1_152' title='bbox 328 1314 421 1365; x_wconf 83' lang='lat'>148.</span> <span class='ocrx_word' id='word_1_153' title='bbox 442 1314 468 1355; x_wconf 92' lang='lat' dir='ltr'><em>l.</em></span> <span class='ocrx_word' id='word_1_154' title='bbox 488 1326 525 1355; x_wconf 86' lang='lat'><em>2.</em></span> <span class='ocrx_word' id='word_1_155' title='bbox 547 1314 603 1355; x_wconf 86' lang='lat' dir='ltr'><em>ha</em></span> <span class='ocrx_word' id='word_1_156' title='bbox 631 1313 747 1368; x_wconf 88' lang='lat' dir='ltr'><em>eant]</em></span> <span class='ocrx_word' id='word_1_157' title='bbox 777 1312 963 1355; x_wconf 86' lang='lat' dir='ltr'><em>Latinius</em></span> <span class='ocrx_word' id='word_1_158' title='bbox 992 1313 1097 1369; x_wconf 90' lang='lat' dir='ltr'><em>conj.</em></span> <span class='ocrx_word' id='word_1_159' title='bbox 1122 1314 1292 1362; x_wconf 77' lang='lat' dir='ltr'><em>habent,</em></span> <span class='ocrx_word' id='word_1_160' title='bbox 1319 1318 1433 1355; x_wconf 88' lang='lat' dir='ltr'><em>recte</em></span> <span class='ocrx_word' id='word_1_161' title='bbox 1453 1312 1610 1369; x_wconf 90' lang='lat' dir='ltr'><em>judicio</em></span> 
     </span>
     <span class='ocr_line' id='line_1_20' title="bbox 204 1370 1611 1422; baseline 0.001 -10"><span class='ocrx_word' id='word_1_162' title='bbox 204 1385 307 1413; x_wconf 88' lang='lat' dir='ltr'><em>meo.</em></span> <span class='ocrx_word' id='word_1_163' title='bbox 324 1371 353 1413; x_wconf 86' lang='lat' dir='ltr'>J</span> <span class='ocrx_word' id='word_1_164' title='bbox 359 1371 441 1413; x_wconf 88' lang='lat' dir='ltr'><em>UN</em></span> <span class='ocrx_word' id='word_1_165' title='bbox 444 1371 554 1414; x_wconf 86' lang='lat' dir='ltr'>IUS.</span> <span class='ocrx_word' id='word_1_166' title='bbox 597 1370 664 1413; x_wconf 90' lang='lat' dir='ltr'><em>Sic</em></span> <span class='ocrx_word' id='word_1_167' title='bbox 683 1370 858 1412; x_wconf 87' lang='lat' dir='ltr'><em>mutavit</em></span> <span class='ocrx_word' id='word_1_168' title='bbox 878 1375 921 1412; x_wconf 91' lang='lat' dir='ltr'><em>et</em></span> <span class='ocrx_word' id='word_1_169' title='bbox 940 1370 1200 1422; x_wconf 69' lang='lat' dir='ltr'><em>Peamonius,</em></span> <span class='ocrx_word' id='word_1_170' title='bbox 1216 1370 1350 1412; x_wconf 91' lang='lat' dir='ltr'><em>locum</em></span> <span class='ocrx_word' id='word_1_171' title='bbox 1370 1370 1548 1413; x_wconf 88' lang='lat' dir='ltr'><em>afferens</em></span> <span class='ocrx_word' id='word_1_172' title='bbox 1567 1370 1611 1413; x_wconf 90' lang='lat' dir='ltr'><em>in</em></span> 
     </span>
    </p>

    <p class='ocr_par' dir='ltr' id='par_1_7' title="bbox 142 1427 1037 1486">
     <span class='ocr_line' id='line_1_21' title="bbox 142 1427 1037 1486; baseline 0.002 -18"><span class='ocrx_word' id='word_1_173' title='bbox 142 1442 191 1469; x_wconf 84' lang='lat'><em>20</em></span> <span class='ocrx_word' id='word_1_174' title='bbox 204 1427 404 1471; x_wconf 88' lang='lat' dir='ltr'><em>Vindiciis</em></span> <span class='ocrx_word' id='word_1_175' title='bbox 425 1427 666 1486; x_wconf 85' lang='lat' dir='ltr'><em>Ignatianis,</em></span> <span class='ocrx_word' id='word_1_176' title='bbox 688 1427 818 1484; x_wconf 84' lang='lat' dir='ltr'><em>partis</em></span> <span class='ocrx_word' id='word_1_177' title='bbox 839 1441 869 1468; x_wconf 80' lang='grc' dir='ltr'><strong><em>Π</em></strong></span> <span class='ocrx_word' id='word_1_178' title='bbox 889 1442 937 1469; x_wconf 84' lang='lat' dir='ltr'><em>ca</em></span> <span class='ocrx_word' id='word_1_179' title='bbox 970 1460 979 1469; x_wconf 91' lang='lat'>.</span> <span class='ocrx_word' id='word_1_180' title='bbox 999 1441 1037 1470; x_wconf 87' lang='lat'><em>2.</em></span> 
     </span>
    </p>

    <p class='ocr_par' dir='ltr' id='par_1_8' title="bbox 202 1442 1610 1715">
     <span class='ocr_line' id='line_1_22' title="bbox 262 1442 1610 1542; baseline 0.001 -15"><span class='ocrx_word' id='word_1_181' title='bbox 262 1485 371 1528; x_wconf 91' lang='lat' dir='ltr'><em>Ibid.</em></span> <span class='ocrx_word' id='word_1_182' title='bbox 394 1485 421 1528; x_wconf 89' lang='lat' dir='ltr'><em>l.</em></span> <span class='ocrx_word' id='word_1_183' title='bbox 445 1499 506 1528; x_wconf 88' lang='lat'><em>10.</em></span> <span class='ocrx_word' id='word_1_184' title='bbox 530 1484 601 1542; x_wconf 86' lang='lat' dir='ltr'><em>qui</em></span> <span class='ocrx_word' id='word_1_185' title='bbox 625 1485 679 1527; x_wconf 89' lang='lat' dir='ltr'><em>ab</em></span> <span class='ocrx_word' id='word_1_186' title='bbox 699 1484 908 1542; x_wconf 86' lang='lat' dir='ltr'><em>Apostolis</em></span> <span class='ocrx_word' id='word_1_187' title='bbox 929 1442 1202 1535; x_wconf 54' lang='lat' dir='ltr'><em>‹fesciverunu</em></span> <span class='ocrx_word' id='word_1_188' title='bbox 1224 1491 1268 1527; x_wconf 91' lang='lat' dir='ltr'><em>et</em></span> <span class='ocrx_word' id='word_1_189' title='bbox 1294 1484 1418 1527; x_wconf 91' lang='lat' dir='ltr'><em>aliter</em></span> <span class='ocrx_word' id='word_1_190' title='bbox 1444 1485 1610 1542; x_wconf 84' lang='lat' dir='ltr'><em>praedi-</em></span> 
     </span>
     <span class='ocr_line' id='line_1_23' title="bbox 202 1542 1610 1600; baseline 0 -14"><span class='ocrx_word' id='word_1_191' title='bbox 202 1543 419 1599; x_wconf 89' lang='lat' dir='ltr'><em>caverunt]</em></span> <span class='ocrx_word' id='word_1_192' title='bbox 447 1543 514 1586; x_wconf 87' lang='lat' dir='ltr'><em>Ita</em></span> <span class='ocrx_word' id='word_1_193' title='bbox 534 1542 651 1585; x_wconf 86' lang='lat' dir='ltr'><em>editt.</em></span> <span class='ocrx_word' id='word_1_194' title='bbox 672 1548 769 1585; x_wconf 86' lang='lat' dir='ltr'><em>ante</em></span> <span class='ocrx_word' id='word_1_195' title='bbox 791 1542 1036 1600; x_wconf 86' lang='lat' dir='ltr'><em>Rigaltium,</em></span> <span class='ocrx_word' id='word_1_196' title='bbox 1056 1542 1127 1599; x_wconf 91' lang='lat' dir='ltr'><em>qui</em></span> <span class='ocrx_word' id='word_1_197' title='bbox 1155 1542 1196 1584; x_wconf 92' lang='lat' dir='ltr'><em>in</em></span> <span class='ocrx_word' id='word_1_198' title='bbox 1223 1548 1402 1599; x_wconf 86' lang='lat' dir='ltr'><em>utraque</em></span> <span class='ocrx_word' id='word_1_199' title='bbox 1429 1542 1610 1586; x_wconf 84' lang='lat' dir='ltr'><em>editione</em></span> 
     </span>
     <span class='ocr_line' id='line_1_24' title="bbox 202 1599 1609 1666; baseline 0.001 -24"><span class='ocrx_word' id='word_1_200' title='bbox 202 1615 277 1643; x_wconf 87' lang='lat' dir='ltr'><em>sua</em></span> <span class='ocrx_word' id='word_1_201' title='bbox 296 1600 445 1657; x_wconf 87' lang='lat' dir='ltr'><em>posuit,</em></span> <span class='ocrx_word' id='word_1_202' title='bbox 463 1606 475 1626; x_wconf 91' lang='lat'>‘</span> <span class='ocrx_word' id='word_1_203' title='bbox 521 1599 563 1642; x_wconf 90' lang='lat' dir='ltr'><em>ui</em></span> <span class='ocrx_word' id='word_1_204' title='bbox 582 1600 636 1643; x_wconf 90' lang='lat' dir='ltr'><em>ab</em></span> <span class='ocrx_word' id='word_1_205' title='bbox 657 1599 865 1666; x_wconf 85' lang='lat' dir='ltr'><em>Apostolis</em></span> <span class='ocrx_word' id='word_1_206' title='bbox 885 1600 1133 1652; x_wconf 88' lang='lat' dir='ltr'><em>didicerunt,</em></span> <span class='ocrx_word' id='word_1_207' title='bbox 1149 1600 1271 1643; x_wconf 78' lang='lat' dir='ltr'><em>aliter</em></span> <span class='ocrx_word' id='word_1_208' title='bbox 1291 1600 1449 1657; x_wconf 88' lang='lat' dir='ltr'><em>praed.‘</em></span> <span class='ocrx_word' id='word_1_209' title='bbox 1502 1601 1609 1644; x_wconf 88' lang='lat' dir='ltr'><em>Cum</em></span> 
     </span>
     <span class='ocr_line' id='line_1_25' title="bbox 204 1657 1607 1715; baseline 0.001 -15"><span class='ocrx_word' id='word_1_210' title='bbox 204 1658 322 1715; x_wconf 90' lang='lat' dir='ltr'><em>Lupo</em></span> <span class='ocrx_word' id='word_1_211' title='bbox 352 1664 479 1715; x_wconf 85' lang='lat' dir='ltr'><em>atque</em></span> <span class='ocrx_word' id='word_1_212' title='bbox 548 1658 731 1700; x_wconf 85' lang='lat' dir='ltr'><em>homas1o</em></span> <span class='ocrx_word' id='word_1_213' title='bbox 762 1663 946 1700; x_wconf 88' lang='lat' dir='ltr'><em>veterem</em></span> <span class='ocrx_word' id='word_1_214' title='bbox 981 1658 1198 1700; x_wconf 90' lang='lat' dir='ltr'><em>lectionem</em></span> <span class='ocrx_word' id='word_1_215' title='bbox 1234 1657 1436 1700; x_wconf 83' lang='lat' dir='ltr'><em>revocavi.</em></span> <span class='ocrx_word' id='word_1_216' title='bbox 1511 1658 1607 1701; x_wconf 85' lang='lat' dir='ltr'><em>MS.</em></span> 
     </span>
    </p>

    <p class='ocr_par' dir='ltr' id='par_1_9' title="bbox 141 1715 1610 1887">
     <span class='ocr_line' id='line_1_26' title="bbox 141 1715 1609 1773; baseline 0.001 -16"><span class='ocrx_word' id='word_1_217' title='bbox 141 1724 190 1763; x_wconf 78' lang='lat'><em>25</em></span> <span class='ocrx_word' id='word_1_218' title='bbox 203 1715 365 1772; x_wconf 90' lang='lat' dir='ltr'><em>Anglic.</em></span> <span class='ocrx_word' id='word_1_219' title='bbox 395 1717 691 1765; x_wconf 68' lang='lat' dir='ltr'><em>discesserunt,</em></span> <span class='ocrx_word' id='word_1_220' title='bbox 726 1721 833 1758; x_wconf 90' lang='lat' dir='ltr'><em>teste</em></span> <span class='ocrx_word' id='word_1_221' title='bbox 869 1716 1065 1764; x_wconf 84' lang='lat' dir='ltr'><em>Pamelio,</em></span> <span class='ocrx_word' id='word_1_222' title='bbox 1102 1716 1297 1758; x_wconf 88' lang='lat' dir='ltr'><em>habebat.</em></span> <span class='ocrx_word' id='word_1_223' title='bbox 1374 1716 1609 1773; x_wconf 84' lang='lat' dir='ltr'><em>Scripserat</em></span> 
     </span>
     <span class='ocr_line' id='line_1_27' title="bbox 202 1773 1610 1830; baseline 0.001 -15"><span class='ocrx_word' id='word_1_224' title='bbox 202 1779 347 1816; x_wconf 86' lang='lat' dir='ltr'><em>auctor</em></span> <span class='ocrx_word' id='word_1_225' title='bbox 373 1773 461 1830; x_wconf 89' lang='lat' dir='ltr'><em>jam</em></span> <span class='ocrx_word' id='word_1_226' title='bbox 496 1777 710 1830; x_wconf 85' lang='lat' dir='ltr'><em>supra—‘</em></span> <span class='ocrx_word' id='word_1_227' title='bbox 729 1773 908 1829; x_wconf 85' lang='lat' dir='ltr'><em>aliquem</em></span> <span class='ocrx_word' id='word_1_228' title='bbox 942 1787 995 1815; x_wconf 83' lang='lat' dir='ltr'><em>ex</em></span> <span class='ocrx_word' id='word_1_229' title='bbox 1030 1773 1239 1830; x_wconf 87' lang='lat' dir='ltr'><em>Apostolis</em></span> <span class='ocrx_word' id='word_1_230' title='bbox 1269 1773 1336 1815; x_wconf 85' lang='lat' dir='ltr'><em>vel</em></span> <span class='ocrx_word' id='word_1_231' title='bbox 1375 1773 1610 1830; x_wconf 86' lang='lat' dir='ltr'><em>apostolicis</em></span> 
     </span>
     <span class='ocr_line' id='line_1_28' title="bbox 204 1830 1317 1887; baseline 0 -15"><span class='ocrx_word' id='word_1_232' title='bbox 204 1834 217 1854; x_wconf 90' lang='lat'><em>‘</em></span> <span class='ocrx_word' id='word_1_233' title='bbox 239 1830 347 1879; x_wconf 89' lang='lat' dir='ltr'><em>viris,</em></span> <span class='ocrx_word' id='word_1_234' title='bbox 369 1830 440 1886; x_wconf 89' lang='lat' dir='ltr'><em>qui</em></span> <span class='ocrx_word' id='word_1_235' title='bbox 459 1836 600 1873; x_wconf 90' lang='lat' dir='ltr'><em>tamen</em></span> <span class='ocrx_word' id='word_1_236' title='bbox 620 1845 712 1872; x_wconf 90' lang='lat' dir='ltr'><em>cum</em></span> <span class='ocrx_word' id='word_1_237' title='bbox 733 1830 942 1887; x_wconf 91' lang='lat' dir='ltr'><em>Apostolis</em></span> <span class='ocrx_word' id='word_1_238' title='bbox 991 1830 1317 1872; x_wconf 62' lang='lat' dir='ltr'><em>erseveraveritl</em></span> 
     </span>
    </p>

    <p class='ocr_par' dir='ltr' id='par_1_10' title="bbox 204 1845 1611 2002">
     <span class='ocr_line' id='line_1_29' title="bbox 263 1845 1610 1944; baseline 0.001 -15"><span class='ocrx_word' id='word_1_239' title='bbox 263 1887 368 1930; x_wconf 85' lang='lat' dir='ltr'><em>Ibid.</em></span> <span class='ocrx_word' id='word_1_240' title='bbox 399 1888 428 1929; x_wconf 92' lang='lat' dir='ltr'><em>l.</em></span> <span class='ocrx_word' id='word_1_241' title='bbox 463 1900 527 1930; x_wconf 88' lang='lat'><em>12.</em></span> <span class='ocrx_word' id='word_1_242' title='bbox 563 1887 919 1944; x_wconf 87' lang='lat' dir='ltr'><em>provocabuntur]</em></span> <span class='ocrx_word' id='word_1_243' title='bbox 952 1845 1023 1930; x_wconf 55' lang='lat' dir='ltr'><em>fta</em></span> <span class='ocrx_word' id='word_1_244' title='bbox 1062 1887 1129 1930; x_wconf 88' lang='lat' dir='ltr'><em>bic</em></span> <span class='ocrx_word' id='word_1_245' title='bbox 1169 1903 1332 1944; x_wconf 92' lang='lat' dir='ltr'><em>quoque</em></span> <span class='ocrx_word' id='word_1_246' title='bbox 1371 1887 1454 1930; x_wconf 90' lang='lat' dir='ltr'><em>fide</em></span> <span class='ocrx_word' id='word_1_247' title='bbox 1487 1888 1610 1930; x_wconf 87' lang='lat' dir='ltr'><em>nixus</em></span> 
     </span>
     <span class='ocr_line' id='line_1_30' title="bbox 204 1945 1611 2002; baseline 0 -14"><span class='ocrx_word' id='word_1_248' title='bbox 204 1945 430 1988; x_wconf 87' lang='lat' dir='ltr'><em>editionum</em></span> <span class='ocrx_word' id='word_1_249' title='bbox 451 1945 656 1988; x_wconf 86' lang='lat' dir='ltr'><em>vetustiss.</em></span> <span class='ocrx_word' id='word_1_250' title='bbox 680 1960 771 1987; x_wconf 90' lang='lat' dir='ltr'><em>cum</em></span> <span class='ocrx_word' id='word_1_251' title='bbox 793 1946 912 2002; x_wconf 93' lang='lat' dir='ltr'><em>Lupo</em></span> <span class='ocrx_word' id='word_1_252' title='bbox 933 1951 976 1988; x_wconf 88' lang='lat' dir='ltr'><em>et</em></span> <span class='ocrx_word' id='word_1_253' title='bbox 991 1945 1213 1988; x_wconf 84' lang='lat' dir='ltr'><em>Thomasio</em></span> <span class='ocrx_word' id='word_1_254' title='bbox 1233 1945 1450 1988; x_wconf 82' lang='lat' dir='ltr'><em>lectionem</em></span> <span class='ocrx_word' id='word_1_255' title='bbox 1470 1945 1611 2002; x_wconf 89' lang='lat' dir='ltr'><em>pristi-</em></span> 
     </span>
    </p>

    <p class='ocr_par' dir='ltr' id='par_1_11' title="bbox 140 2002 1611 2175">
     <span class='ocr_line' id='line_1_31' title="bbox 140 2002 1610 2060; baseline 0 -14"><span class='ocrx_word' id='word_1_256' title='bbox 140 2020 192 2057; x_wconf 85' lang='grc' dir='ltr'><em>3ο</em></span> <span class='ocrx_word' id='word_1_257' title='bbox 204 2018 300 2046; x_wconf 92' lang='lat' dir='ltr'><em>nam</em></span> <span class='ocrx_word' id='word_1_258' title='bbox 319 2002 495 2046; x_wconf 87' lang='lat' dir='ltr'><em>restitui.</em></span> <span class='ocrx_word' id='word_1_259' title='bbox 541 2003 683 2045; x_wconf 88' lang='lat' dir='ltr'><em>Habet</em></span> <span class='ocrx_word' id='word_1_260' title='bbox 703 2002 923 2060; x_wconf 82' lang='lat' dir='ltr'><em>Rigaltius,</em></span> <span class='ocrx_word' id='word_1_261' title='bbox 944 2003 987 2044; x_wconf 91' lang='lat' dir='ltr'><em>in</em></span> <span class='ocrx_word' id='word_1_262' title='bbox 1007 2009 1185 2059; x_wconf 87' lang='lat' dir='ltr'><em>utraque</em></span> <span class='ocrx_word' id='word_1_263' title='bbox 1204 2003 1384 2045; x_wconf 90' lang='lat' dir='ltr'><em>editione</em></span> <span class='ocrx_word' id='word_1_264' title='bbox 1404 2018 1490 2052; x_wconf 90' lang='lat' dir='ltr'><em>sua,</em></span> <span class='ocrx_word' id='word_1_265' title='bbox 1505 2018 1610 2059; x_wconf 84' lang='lat' dir='ltr'><em>pro-</em></span> 
     </span>
     <span class='ocr_line' id='line_1_32' title="bbox 205 2060 1610 2117; baseline 0 -15"><span class='ocrx_word' id='word_1_266' title='bbox 205 2061 433 2103; x_wconf 81' lang='lat' dir='ltr'><em>babuntur.</em></span> <span class='ocrx_word' id='word_1_267' title='bbox 476 2060 560 2103; x_wconf 89' lang='lat' dir='ltr'><em>Sed</em></span> <span class='ocrx_word' id='word_1_268' title='bbox 575 2060 763 2117; x_wconf 83' lang='lat' dir='ltr'><em>proxime</em></span> <span class='ocrx_word' id='word_1_269' title='bbox 784 2066 877 2117; x_wconf 89' lang='lat' dir='ltr'><em>post</em></span> <span class='ocrx_word' id='word_1_270' title='bbox 892 2060 1034 2103; x_wconf 85' lang='lat' dir='ltr'><em>scribit</em></span> <span class='ocrx_word' id='word_1_271' title='bbox 1050 2061 1343 2112; x_wconf 88' lang='lat' dir='ltr'><em>Tertullianus,</em></span> <span class='ocrx_word' id='word_1_272' title='bbox 1362 2061 1449 2103; x_wconf 87' lang='lat' dir='ltr'><em>‘Ita</em></span> <span class='ocrx_word' id='word_1_273' title='bbox 1468 2075 1610 2103; x_wconf 86' lang='lat' dir='ltr'><em>omues</em></span> 
     </span>
     <span class='ocr_line' id='line_1_33' title="bbox 204 2118 1611 2175; baseline 0.001 -15"><span class='ocrx_word' id='word_1_274' title='bbox 204 2123 218 2143; x_wconf 90' lang='lat'>‘</span> <span class='ocrx_word' id='word_1_275' title='bbox 237 2118 432 2160; x_wconf 87' lang='lat' dir='ltr'><em>haereses</em></span> <span class='ocrx_word' id='word_1_276' title='bbox 461 2118 515 2160; x_wconf 87' lang='lat' dir='ltr'><em>ad</em></span> <span class='ocrx_word' id='word_1_277' title='bbox 545 2124 765 2174; x_wconf 86' lang='lat' dir='ltr'><em>utramque</em></span> <span class='ocrx_word' id='word_1_278' title='bbox 794 2118 968 2160; x_wconf 82' lang='lat' dir='ltr'><em>formam</em></span> <span class='ocrx_word' id='word_1_279' title='bbox 1001 2133 1028 2160; x_wconf 87' lang='lat' dir='ltr'><em>a</em></span> <span class='ocrx_word' id='word_1_280' title='bbox 1058 2118 1208 2160; x_wconf 90' lang='lat' dir='ltr'><em>nostris</em></span> <span class='ocrx_word' id='word_1_281' title='bbox 1238 2118 1432 2160; x_wconf 88' lang='lat' dir='ltr'><em>Ecclesiis</em></span> <span class='ocrx_word' id='word_1_282' title='bbox 1453 2133 1611 2175; x_wconf 79' lang='lat' dir='ltr'><em>provo-</em></span> 
     </span>
    </p>

    <p class='ocr_par' dir='ltr' id='par_1_12' title="bbox 124 2175 1611 2290">
     <span class='ocr_line' id='line_1_34' title="bbox 124 2175 1611 2234; baseline 0.001 -16"><span class='ocrx_word' id='word_1_283' title='bbox 124 2216 126 2218; x_wconf 78' lang='grc'>,</span> <span class='ocrx_word' id='word_1_284' title='bbox 206 2181 218 2199; x_wconf 87' lang='lat'>‘</span> <span class='ocrx_word' id='word_1_285' title='bbox 238 2178 388 2225; x_wconf 81' lang='lat' dir='ltr'><em>catae‚’</em></span> <span class='ocrx_word' id='word_1_286' title='bbox 408 2176 449 2217; x_wconf 87' lang='lat' dir='ltr'><em>h.</em></span> <span class='ocrx_word' id='word_1_287' title='bbox 472 2191 509 2218; x_wconf 91' lang='lat' dir='ltr'><em>e.</em></span> <span class='ocrx_word' id='word_1_288' title='bbox 539 2175 595 2218; x_wconf 88' lang='lat' dir='ltr'><em>ad</em></span> <span class='ocrx_word' id='word_1_289' title='bbox 623 2175 918 2218; x_wconf 85' lang='lat' dir='ltr'><em>successionem</em></span> <span class='ocrx_word' id='word_1_290' title='bbox 947 2175 1226 2233; x_wconf 85' lang='lat' dir='ltr'><em>apostolicam,</em></span> <span class='ocrx_word' id='word_1_291' title='bbox 1251 2182 1294 2219; x_wconf 89' lang='lat' dir='ltr'><em>et</em></span> <span class='ocrx_word' id='word_1_292' title='bbox 1323 2176 1611 2234; x_wconf 85' lang='lat' dir='ltr'><em>consanguini-</em></span> 
     </span>
     <span class='ocr_line' id='line_1_35' title="bbox 205 2233 1222 2290; baseline 0.001 -15"><span class='ocrx_word' id='word_1_293' title='bbox 205 2239 333 2276; x_wconf 85' lang='lat' dir='ltr'><em>tatem</em></span> <span class='ocrx_word' id='word_1_294' title='bbox 355 2233 579 2276; x_wconf 85' lang='lat' dir='ltr'><em>doctrinae.</em></span> <span class='ocrx_word' id='word_1_295' title='bbox 641 2233 795 2276; x_wconf 85' lang='lat' dir='ltr'><em>Confer</em></span> <span class='ocrx_word' id='word_1_296' title='bbox 816 2239 859 2276; x_wconf 88' lang='lat' dir='ltr'><em>et</em></span> <span class='ocrx_word' id='word_1_297' title='bbox 878 2233 965 2276; x_wconf 89' lang='lat' dir='ltr'><em>init.</em></span> <span class='ocrx_word' id='word_1_298' title='bbox 988 2233 1132 2290; x_wconf 86' lang='lat' dir='ltr'><em>capitis</em></span> <span class='ocrx_word' id='word_1_299' title='bbox 1152 2244 1222 2290; x_wconf 85' lang='lat'><em>35.</em></span> 
     </span>
    </p>

    <p class='ocr_par' dir='ltr' id='par_1_13' title="bbox 140 2290 1612 2577">
     <span class='ocr_line' id='line_1_36' title="bbox 140 2290 1611 2347; baseline 0.001 -15"><span class='ocrx_word' id='word_1_300' title='bbox 140 2304 190 2344; x_wconf 86' lang='lat'><em>35</em></span> <span class='ocrx_word' id='word_1_301' title='bbox 264 2291 311 2332; x_wconf 92' lang='lat' dir='ltr'><em>P.</em></span> <span class='ocrx_word' id='word_1_302' title='bbox 333 2304 426 2344; x_wconf 83' lang='lat'>149.</span> <span class='ocrx_word' id='word_1_303' title='bbox 462 2291 490 2333; x_wconf 93' lang='lat' dir='ltr'><em>l.</em></span> <span class='ocrx_word' id='word_1_304' title='bbox 512 2304 554 2346; x_wconf 82' lang='lat'><em>5.</em></span> <span class='ocrx_word' id='word_1_305' title='bbox 586 2290 736 2333; x_wconf 87' lang='lat' dir='ltr'><em>factam</em></span> <span class='ocrx_word' id='word_1_306' title='bbox 762 2291 850 2347; x_wconf 86' lang='lat' dir='ltr'><em>jam</em></span> <span class='ocrx_word' id='word_1_307' title='bbox 880 2291 1250 2334; x_wconf 83' lang='lat' dir='ltr'><em>resurrectionem:</em></span> <span class='ocrx_word' id='word_1_308' title='bbox 1293 2291 1336 2333; x_wconf 92' lang='lat' dir='ltr'><em>id</em></span> <span class='ocrx_word' id='word_1_309' title='bbox 1366 2291 1419 2333; x_wconf 90' lang='lat' dir='ltr'><em>de</em></span> <span class='ocrx_word' id='word_1_310' title='bbox 1449 2306 1494 2334; x_wconf 83' lang='lat' dir='ltr'><em>se</em></span> <span class='ocrx_word' id='word_1_311' title='bbox 1524 2291 1611 2334; x_wconf 83' lang='lat' dir='ltr'><em>Va-</em></span> 
     </span>
     <span class='ocr_line' id='line_1_37' title="bbox 205 2347 1608 2404; baseline 0.002 -15"><span class='ocrx_word' id='word_1_312' title='bbox 205 2347 418 2390; x_wconf 89' lang='lat' dir='ltr'><em>lentiniani</em></span> <span class='ocrx_word' id='word_1_313' title='bbox 452 2348 716 2404; x_wconf 84' lang='lat' dir='ltr'><em>adseverant]</em></span> <span class='ocrx_word' id='word_1_314' title='bbox 747 2349 813 2390; x_wconf 91' lang='lat' dir='ltr'><em>De</em></span> <span class='ocrx_word' id='word_1_315' title='bbox 845 2349 1050 2392; x_wconf 87' lang='lat' dir='ltr'><em>Gnosticis</em></span> <span class='ocrx_word' id='word_1_316' title='bbox 1080 2349 1182 2391; x_wconf 90' lang='lat' dir='ltr'><em>haec</em></span> <span class='ocrx_word' id='word_1_317' title='bbox 1215 2348 1348 2391; x_wconf 86' lang='lat' dir='ltr'><em>refert</em></span> <span class='ocrx_word' id='word_1_318' title='bbox 1383 2349 1608 2392; x_wconf 86' lang='lat' dir='ltr'><em>Irenaeus:</em></span> 
     </span>
     <span class='ocr_line' id='line_1_38' title="bbox 207 2405 1610 2463; baseline 0.001 -16"><span class='ocrx_word' id='word_1_319' title='bbox 207 2412 216 2429; x_wconf 79' lang='lat'>⁴</span> <span class='ocrx_word' id='word_1_320' title='bbox 240 2405 419 2447; x_wconf 87' lang='lat' dir='ltr'><em>Tantum</em></span> <span class='ocrx_word' id='word_1_321' title='bbox 439 2406 590 2448; x_wconf 87' lang='lat' dir='ltr'><em>absunt</em></span> <span class='ocrx_word' id='word_1_322' title='bbox 610 2406 663 2448; x_wconf 88' lang='lat' dir='ltr'><em>ab</em></span> <span class='ocrx_word' id='word_1_323' title='bbox 679 2420 740 2456; x_wconf 92' lang='lat' dir='ltr'><em>eo,</em></span> <span class='ocrx_word' id='word_1_324' title='bbox 757 2412 804 2448; x_wconf 91' lang='lat' dir='ltr'><em>ut</em></span> <span class='ocrx_word' id='word_1_325' title='bbox 825 2412 1031 2449; x_wconf 90' lang='lat' dir='ltr'><em>mortuum</em></span> <span class='ocrx_word' id='word_1_326' title='bbox 1052 2406 1247 2458; x_wconf 81' lang='lat' dir='ltr'><em>excitent,</em></span> <span class='ocrx_word' id='word_1_327' title='bbox 1264 2406 1610 2463; x_wconf 90' lang='lat' dir='ltr'><em>quemadmodum</em></span> 
     </span>
     <span class='ocr_line' id='line_1_39' title="bbox 208 2462 1611 2520; baseline 0.001 -16"><span class='ocrx_word' id='word_1_328' title='bbox 208 2470 217 2486; x_wconf 93' lang='lat'>‘</span> <span class='ocrx_word' id='word_1_329' title='bbox 240 2462 442 2505; x_wconf 87' lang='lat' dir='ltr'><em>Dominus</em></span> <span class='ocrx_word' id='word_1_330' title='bbox 473 2462 668 2506; x_wconf 86' lang='lat' dir='ltr'><em>excitavit</em></span> <span class='ocrx_word' id='word_1_331' title='bbox 699 2470 742 2506; x_wconf 92' lang='lat' dir='ltr'><em>et</em></span> <span class='ocrx_word' id='word_1_332' title='bbox 773 2464 959 2520; x_wconf 90' lang='lat' dir='ltr'><em>Apostoli</em></span> <span class='ocrx_word' id='word_1_333' title='bbox 1076 2469 1124 2506; x_wconf 91' lang='lat' dir='ltr'><em>ut</em></span> <span class='ocrx_word' id='word_1_334' title='bbox 1155 2479 1208 2506; x_wconf 92' lang='lat' dir='ltr'><em>ne</em></span> <span class='ocrx_word' id='word_1_335' title='bbox 1239 2464 1405 2520; x_wconf 91' lang='lat' dir='ltr'><em>quidem</em></span> <span class='ocrx_word' id='word_1_336' title='bbox 1437 2464 1611 2506; x_wconf 86' lang='lat' dir='ltr'><em>credant</em></span> 
     </span>
     <span class='ocr_line' id='line_1_40' title="bbox 207 2519 1612 2577; baseline 0.002 -16"><span class='ocrx_word' id='word_1_337' title='bbox 207 2525 219 2543; x_wconf 93' lang='lat'>‘</span> <span class='ocrx_word' id='word_1_338' title='bbox 240 2519 318 2561; x_wconf 89' lang='lat' dir='ltr'><em>hoc</em></span> <span class='ocrx_word' id='word_1_339' title='bbox 337 2519 380 2561; x_wconf 91' lang='lat' dir='ltr'><em>in</em></span> <span class='ocrx_word' id='word_1_340' title='bbox 399 2525 533 2562; x_wconf 90' lang='lat' dir='ltr'><em>totum</em></span> <span class='ocrx_word' id='word_1_341' title='bbox 553 2535 672 2577; x_wconf 86' lang='lat' dir='ltr'><em>posse</em></span> <span class='ocrx_word' id='word_1_342' title='bbox 691 2520 807 2571; x_wconf 85' lang='lat' dir='ltr'><em>fieri;</em></span> <span class='ocrx_word' id='word_1_343' title='bbox 829 2536 918 2564; x_wconf 85' lang='lat' dir='ltr'><em>esse</em></span> <span class='ocrx_word' id='word_1_344' title='bbox 937 2527 1077 2564; x_wconf 90' lang='lat' dir='ltr'><em>autem</em></span> <span class='ocrx_word' id='word_1_345' title='bbox 1091 2521 1436 2564; x_wconf 86' lang='lat' dir='ltr'><em>resurrectionem</em></span> <span class='ocrx_word' id='word_1_346' title='bbox 1455 2536 1483 2564; x_wconf 86' lang='lat' dir='ltr'><em>a</em></span> <span class='ocrx_word' id='word_1_347' title='bbox 1502 2536 1612 2564; x_wconf 87' lang='lat' dir='ltr'><em>mor-</em></span> 
     </span>
    </p>

    <p class='ocr_par' dir='ltr' id='par_1_14' title="bbox 141 2576 1611 2690">
     <span class='ocr_line' id='line_1_41' title="bbox 141 2576 1611 2635; baseline 0.003 -18"><span class='ocrx_word' id='word_1_348' title='bbox 141 2590 192 2624; x_wconf 91' lang='lat'><em>40</em></span> <span class='ocrx_word' id='word_1_349' title='bbox 207 2582 219 2600; x_wconf 90' lang='lat'><em>‘</em></span> <span class='ocrx_word' id='word_1_350' title='bbox 238 2576 332 2626; x_wconf 91' lang='lat' dir='ltr'><em>tuis,</em></span> <span class='ocrx_word' id='word_1_351' title='bbox 349 2577 600 2634; x_wconf 86' lang='lat' dir='ltr'><em>agnitionem</em></span> <span class='ocrx_word' id='word_1_352' title='bbox 621 2578 722 2635; x_wconf 86' lang='lat' dir='ltr'><em>ejus,</em></span> <span class='ocrx_word' id='word_1_353' title='bbox 739 2593 846 2635; x_wconf 82' lang='lat' dir='ltr'><em>quae</em></span> <span class='ocrx_word' id='word_1_354' title='bbox 866 2579 919 2621; x_wconf 84' lang='lat' dir='ltr'><em>ab</em></span> <span class='ocrx_word' id='word_1_355' title='bbox 935 2579 993 2621; x_wconf 92' lang='lat' dir='ltr'><em>eis</em></span> <span class='ocrx_word' id='word_1_356' title='bbox 1013 2578 1176 2629; x_wconf 86' lang='lat' dir='ltr'><em>dicitur,</em></span> <span class='ocrx_word' id='word_1_357' title='bbox 1194 2578 1408 2621; x_wconf 65' lang='lat' dir='ltr'><em>veritatis?</em></span> <span class='ocrx_word' id='word_1_358' title='bbox 1453 2579 1611 2623; x_wconf 87' lang='lat' dir='ltr'><em>Contra</em></span> 
     </span>
     <span class='ocr_line' id='line_1_42' title="bbox 208 2635 755 2690; baseline 0.002 -14"><span class='ocrx_word' id='word_1_359' title='bbox 208 2635 425 2682; x_wconf 85' lang='lat' dir='ltr'><em>Haereses,</em></span> <span class='ocrx_word' id='word_1_360' title='bbox 447 2649 490 2678; x_wconf 92' lang='lat'><em>11.</em></span> <span class='ocrx_word' id='word_1_361' title='bbox 512 2649 548 2677; x_wconf 91' lang='lat' dir='ltr'><em>c.</em></span> <span class='ocrx_word' id='word_1_362' title='bbox 565 2648 635 2690; x_wconf 82' lang='lat'><em>31-</em></span> <span class='ocrx_word' id='word_1_363' title='bbox 660 2636 698 2689; x_wconf 68' lang='grc' dir='ltr'><em>ξ.</em></span> <span class='ocrx_word' id='word_1_364' title='bbox 718 2648 755 2679; x_wconf 86' lang='lat'><em>2.</em></span> 
     </span>
    </p>

    <p class='ocr_par' dir='ltr' id='par_1_15' title="bbox 204 2691 1610 2864">
     <span class='ocr_line' id='line_1_43' title="bbox 264 2691 1609 2750; baseline 0.001 -16"><span class='ocrx_word' id='word_1_365' title='bbox 264 2691 371 2734; x_wconf 91' lang='lat' dir='ltr'><em>Ibid.</em></span> <span class='ocrx_word' id='word_1_366' title='bbox 405 2692 431 2735; x_wconf 92' lang='lat' dir='ltr'><em>l.</em></span> <span class='ocrx_word' id='word_1_367' title='bbox 455 2707 495 2749; x_wconf 92' lang='lat'><em>9.</em></span> <span class='ocrx_word' id='word_1_368' title='bbox 531 2693 625 2734; x_wconf 87' lang='lat' dir='ltr'><em>novi</em></span> <span class='ocrx_word' id='word_1_369' title='bbox 655 2698 698 2734; x_wconf 89' lang='lat' dir='ltr'><em>et</em></span> <span class='ocrx_word' id='word_1_370' title='bbox 726 2707 808 2735; x_wconf 92' lang='lat' dir='ltr'><em>non</em></span> <span class='ocrx_word' id='word_1_371' title='bbox 838 2692 959 2735; x_wconf 84' lang='lat' dir='ltr'><em>unius</em></span> <span class='ocrx_word' id='word_1_372' title='bbox 988 2693 1180 2748; x_wconf 84' lang='lat' dir='ltr'><em>nominis]</em></span> <span class='ocrx_word' id='word_1_373' title='bbox 1219 2693 1407 2735; x_wconf 91' lang='lat' dir='ltr'><em>Aeonum</em></span> <span class='ocrx_word' id='word_1_374' title='bbox 1436 2693 1609 2750; x_wconf 85' lang='lat' dir='ltr'><em>primus,</em></span> 
     </span>
     <span class='ocr_line' id='line_1_44' title="bbox 207 2749 1610 2808; baseline 0.002 -17"><span class='ocrx_word' id='word_1_375' title='bbox 207 2750 344 2791; x_wconf 89' lang='lat' dir='ltr'><em>Proon</em></span> <span class='ocrx_word' id='word_1_376' title='bbox 376 2764 449 2792; x_wconf 87' lang='lat' dir='ltr'><em>seu</em></span> <span class='ocrx_word' id='word_1_377' title='bbox 477 2749 778 2799; x_wconf 84' lang='lat' dir='ltr'><em>Praeexistens‚</em></span> <span class='ocrx_word' id='word_1_378' title='bbox 805 2756 848 2792; x_wconf 90' lang='lat' dir='ltr'><em>et</em></span> <span class='ocrx_word' id='word_1_379' title='bbox 879 2751 1042 2808; x_wconf 82' lang='lat' dir='ltr'><em>Bythos</em></span> <span class='ocrx_word' id='word_1_380' title='bbox 1075 2750 1160 2792; x_wconf 90' lang='lat' dir='ltr'><em>sive</em></span> <span class='ocrx_word' id='word_1_381' title='bbox 1189 2750 1468 2801; x_wconf 82' lang='lat' dir='ltr'><em>Profunditas,</em></span> <span class='ocrx_word' id='word_1_382' title='bbox 1500 2751 1610 2795; x_wconf 86' lang='lat' dir='ltr'><em>diee-</em></span> 
     </span>
     <span class='ocr_line' id='line_1_45' title="bbox 204 2806 1609 2864; baseline 0.002 -16"><span class='ocrx_word' id='word_1_383' title='bbox 204 2806 329 2849; x_wconf 84' lang='lat' dir='ltr'><em>batur</em></span> <span class='ocrx_word' id='word_1_384' title='bbox 367 2806 601 2864; x_wconf 85' lang='lat' dir='ltr'><em>incognitus</em></span> <span class='ocrx_word' id='word_1_385' title='bbox 636 2822 712 2864; x_wconf 90' lang='lat' dir='ltr'><em>per</em></span> <span class='ocrx_word' id='word_1_386' title='bbox 747 2808 867 2864; x_wconf 86' lang='lat' dir='ltr'><em>plura</em></span> <span class='ocrx_word' id='word_1_387' title='bbox 901 2808 1035 2851; x_wconf 85' lang='lat' dir='ltr'><em>saecla</em></span> <span class='ocrx_word' id='word_1_388' title='bbox 1070 2807 1209 2851; x_wconf 85' lang='lat' dir='ltr'><em>fuisse.</em></span> <span class='ocrx_word' id='word_1_389' title='bbox 1283 2809 1531 2852; x_wconf 65' lang='lat' dir='ltr'><em>Anno-mmo</em></span> <span class='ocrx_word' id='word_1_390' title='bbox 1565 2809 1609 2852; x_wconf 90' lang='lat' dir='ltr'><em>in</em></span> 
     </span>
    </p>

    <p class='ocr_par' dir='ltr' id='par_1_16' title="bbox 143 2864 1493 2923">
     <span class='ocr_line' id='line_1_46' title="bbox 143 2864 1493 2923; baseline 0.001 -17"><span class='ocrx_word' id='word_1_391' title='bbox 143 2875 191 2913; x_wconf 83' lang='grc'><em>45</em></span> <span class='ocrx_word' id='word_1_392' title='bbox 207 2864 394 2907; x_wconf 83' lang='lat' dir='ltr'><em>Romana</em></span> <span class='ocrx_word' id='word_1_393' title='bbox 415 2865 512 2908; x_wconf 88' lang='lat' dir='ltr'><em>edit.</em></span> <span class='ocrx_word' id='word_1_394' title='bbox 539 2865 735 2921; x_wconf 85' lang='lat' dir='ltr'><em>Opusculi</em></span> <span class='ocrx_word' id='word_1_395' title='bbox 756 2866 868 2908; x_wconf 86' lang='lat' dir='ltr'><em>advs.</em></span> <span class='ocrx_word' id='word_1_396' title='bbox 893 2865 1047 2908; x_wconf 82' lang='lat' dir='ltr'><em>Omnes</em></span> <span class='ocrx_word' id='word_1_397' title='bbox 1070 2866 1326 2915; x_wconf 78' lang='lat' dir='ltr'><em>Haeretieos,</em></span> <span class='ocrx_word' id='word_1_398' title='bbox 1349 2880 1437 2923; x_wconf 87' lang='lat' dir='ltr'><em>cap.</em></span> <span class='ocrx_word' id='word_1_399' title='bbox 1451 2880 1493 2922; x_wconf 83' lang='lat'><em>5.</em></span> 
     </span>
    </p>
   </div>
   <div class='ocr_carea' id='block_1_3' title="bbox 961 2491 1076 2497">
    <p class='ocr_par' dir='ltr' id='par_1_17' title="bbox 961 2491 1076 2497">
     <span class='ocr_line' id='line_1_47' title="bbox 961 2491 1076 2497; baseline 0 0"><span class='ocrx_word' id='word_1_400' title='bbox 961 2491 1076 2497; x_wconf 95' lang='lat' dir='ltr'><em> </em></span> 
     </span>
    </p>
   </div>
  </div>
 </body>
</html>
