2034 3204
233 1164 285 1197 Ut
301 1164 424 1196 emula.—

231 1209 359 1240 tionem
375 1219 441 1240 om-

232 1262 309 1283 nem
326 1263 440 1294 ampu-

231 1295 441 1327 taretDomi-

231 1349 304 1378 nus,
324 1339 419 1370 illum

231 1383 417 1414 maximum

231 1426 301 1458 fore
317 1437 413 1468 spon-

232 1470 291 1502 det
307 1471 365 1512 qui
380 1471 439 1502 mi-

231 1514 343 1546 nimus
358 1517 419 1546 est.

233 1557 315 1590 Luc.
329 1558 374 1590 ix.
384 1559 436 1598 48.

233 2179 331 2212 Rom.
350 2180 419 2212 xiii.

455 271 540 311 322
961 271 1002 314 S.
1037 271 1357 315 CYPRIANI

457 387 567 427 tuae
605 382 774 427 salutis
814 382 1037 428 inimicus
1074 398 1137 428 es.
1209 382 1441 442 Quisquis
1486 382 1566 428 ille
1605 388 1677 428 est
1716 398 1858 443 quem

457 461 561 505 zelo
600 460 910 520 persequeris,
946 459 1277 521 subterfugere
1313 465 1361 505 et
1397 460 1549 505 vitare
1586 467 1633 506 te
1669 459 1858 520 poterit.

458 536 538 582 Tu
573 543 619 582 te
654 553 750 582 non
785 543 919 596 potes
953 536 1145 598 fugere:
1181 536 1453 596 ubicunque
1487 536 1651 591 meris,
1692 538 1859 583 adver-

454 614 608 660 sarius
655 620 767 659 tuus
813 620 971 659 tecum
1018 618 1104 667 est,
1144 613 1297 659 hostis
1342 628 1529 673 semper
1573 614 1625 660 in
1670 620 1860 674 pectore

454 699 539 737 tuo
562 697 647 745 est,
671 690 903 751 pernicies
932 690 1065 736 intus
1096 690 1283 736 inclusa
1305 696 1389 744 est,
1412 690 1707 737 ineluctabili
1735 697 1860 738 cate-
1873 703 1896 743 5

453 783 625 815 narum
666 783 795 814 nexu
834 768 1013 830 ligatus
1047 773 1095 814 et
1126 767 1315 814 vinctus
1345 783 1409 822 es,
1446 770 1550 814 zelo
1583 768 1860 814 dominante

452 846 670 906 captivus
703 861 766 899 eS‚
790 861 877 892 nec
912 846 1085 892 solatia
1114 845 1205 892 tibi
1239 847 1340 892 ulla
1370 845 1674 892 subveniunt.
1746 847 1860 893 Per-

453 938 672 969 severans
703 925 883 969 malum
907 929 979 970 est
1003 924 1245 970 hominem
1276 924 1495 984 persequi
1528 925 1591 970 ad
1624 923 1717 970 Dei
1751 939 1861 986 gra-

452 1000 573 1046 tiam
595 1000 928 1060 pertinentem.
965 1001 1227 1047 Calamitas
1251 1000 1354 1047 sine
1378 1001 1587 1047 remedio
1609 1006 1680 1047 est
1704 1001 1859 1048 odisse

451 1078 651 1125 felicem.
1875 1095 1925 1123 10

521 1155 581 1202 V.
620 1155 690 1202 Et
723 1156 910 1211 idcirco,
946 1157 1120 1203 fratres
1154 1157 1466 1211 dilectissimi,
1501 1157 1615 1203 huic
1648 1158 1860 1217 periculo

453 1235 702 1280 consulens
734 1235 984 1288 Dominus,
1011 1250 1070 1280 ne
1092 1234 1200 1294 quis
1238 1237 1340 1280 zelo
1366 1234 1531 1280 fratris
1562 1234 1614 1280 in
1637 1236 1860 1295 laqueum

453 1311 622 1357 mortis
646 1311 919 1365 incurreret,
945 1327 1095 1372 quum
1119 1327 1228 1358 eum
1253 1311 1475 1372 discipuli
1508 1312 1859 1374 interrogarent

453 1388 561 1448 quis
593 1389 719 1435 inter
742 1390 848 1436 illos
872 1390 1026 1451 major
1049 1396 1185 1443 esset,
1212 1388 1306 1448 Qui
1323 1388 1496 1452 fuerit,
1520 1390 1695 1451 inquit,
1720 1389 1860 1435 mini-

453 1480 553 1511 mus
584 1466 634 1511 in
664 1465 871 1512 omnibns
903 1465 1040 1520 vobis,
1063 1464 1139 1512 hic
1170 1466 1259 1512 erit
1295 1482 1498 1530 maynus.
1569 1466 1859 1526 Amputavit
1875 1476 1924 1516 15

452 1557 641 1588 omnem
673 1542 1038 1589 aemulationem
1071 1558 1298 1604 responso
1320 1559 1419 1596 suo,
1445 1559 1634 1590 omnem
1665 1558 1859 1589 causam

453 1626 500 1666 et
519 1619 771 1665 materiam
789 1619 1025 1666 mordacis
1043 1619 1253 1665 invidiae
1273 1620 1400 1666 eruit
1417 1627 1464 1666 et
1482 1619 1701 1666 abscidit.
1743 1620 1857 1667 Dis·

453 1698 612 1757 cipulo
647 1697 830 1744 Christi
866 1699 1022 1743 zelare
1060 1713 1156 1743 non
1193 1698 1318 1753 licet,
1358 1714 1453 1744 non
1493 1698 1603 1744 licet
1633 1698 1858 1745 invidere.

454 1775 780 1822 Exaltationis
822 1777 950 1835 apud
986 1791 1073 1821 nos
1119 1791 1216 1821 non
1261 1782 1417 1835 potest
1464 1791 1564 1822 esse
1603 1775 1858 1822 contentio.

452 1854 526 1900 De
558 1853 830 1899 humilitate
855 1854 915 1899 ad
939 1868 1127 1899 summa
1150 1853 1419 1907 crescimus,
1444 1852 1698 1899 didicimus
1733 1854 1859 1899 unde
1875 1867 1925 1895 πο

446 1934 730 1992 placeamus.
802 1932 1022 1992 Denique
1046 1937 1094 1977 et
1116 1930 1379 1990 Apostolus
1406 1931 1589 1978 Paulus
1613 1930 1859 1977 instruens

451 2016 498 2056 et
522 2025 719 2056 monens
744 2015 797 2055 ut
821 2010 905 2070 qui
935 2009 1196 2055 illuminati
1221 2009 1404 2055 Christi
1433 2009 1613 2055 lumine
1642 2009 1860 2055 tenebras

452 2094 711 2134 nocturnae
734 2086 1109 2134 conversationis
1134 2086 1384 2140 evasimus,
1404 2086 1455 2132 in
1478 2086 1617 2133 factis
1642 2092 1786 2147 atque
1809 2086 1860 2133 in

452 2165 675 2226 operibus
709 2164 907 2211 luminis
943 2165 1258 2219 ambulemus,
1295 2163 1462 2210 scribit
1499 2171 1547 2210 et
1583 2163 1716 2218 dicit,
1750 2161 1863 2210 Noae

453 2242 682 2297 transivit,
740 2241 838 2289 dies
895 2247 1044 2288 autem
1102 2241 1531 2304 appropinquavit;
1595 2239 1861 2302 abjiciamus
1875 2252 1924 2294 25

452 2336 559 2385 erqo
613 2336 752 2383 opera
810 2318 1112 2374 tenebrarum,
1160 2325 1201 2365 et
1249 2318 1496 2365 indicamus
1550 2334 1683 2365 arma
1731 2317 1860 2366 lucis.

459 2397 699 2461 Tanquam
736 2397 786 2443 in
824 2397 899 2443 die
930 2396 1136 2443 decenter
1167 2394 1457 2450 ambulemu&
1491 2411 1583 2442 non
1615 2396 1667 2442 in
1697 2410 1862 2443 comes-

452 2473 707 2522 sationibus
753 2479 794 2521 et
840 2471 1140 2529 ebrietatibuS‚
1187 2488 1279 2520 non
1319 2473 1370 2519 in
1408 2470 1784 2535 concupiscentiis
1820 2478 1863 2520 et

456 2551 775 2616 impudicitiis,
818 2567 910 2598 non
960 2551 1007 2597 in
1056 2549 1379 2598 certaminibus
1426 2556 1467 2597 et
1512 2548 1622 2597 zela.
1693 2550 1745 2597 Si
1791 2565 1863 2597 re-

455 2637 696 2679 cesserunt
729 2632 787 2677 de
823 2635 1010 2691 pectore
1042 2635 1126 2676 tuo
1150 2629 1386 2683 tenebrae,
1419 2628 1460 2675 si
1492 2643 1587 2675 nox
1622 2628 1733 2675 inde
1767 2627 1926 2677 dis-30

454 2725 594 2756 cussa
616 2716 702 2765 est,
728 2709 769 2755 si
793 2709 948 2770 caligo
972 2709 1161 2755 detersa
1184 2713 1271 2763 est,
1296 2707 1337 2753 si
1371 2705 1664 2753 illuminavit
1696 2718 1862 2751 sensus

455 2795 563 2834 tuos
598 2787 821 2847 splendor
848 2786 958 2840 diei,
982 2786 1022 2832 si
1058 2786 1199 2831 homo
1224 2784 1341 2831 lucis
1372 2799 1472 2830 esse
1505 2781 1716 2843 coepisti,
1740 2796 1862 2842 quae

455 2873 568 2910 sunt
606 2864 788 2911 Christi
830 2878 972 2926 gere3
1009 2862 1124 2924 quia
1162 2863 1245 2908 lux
1286 2868 1334 2908 et
1371 2861 1472 2908 dies
1513 2860 1737 2908 Christus
1773 2864 1860 2905 est.
