2034 3204
455 264 539 306 178
903 261 1413 303 ANNOTATIONES

454 370 565 412 tione
586 369 830 413 Tertulliani
851 369 1036 426 principe
1056 368 1340 425 conjunctione
1359 369 1438 418 vel,
1454 367 1627 410 eandem
1654 366 1856 417 revocavi,

453 427 606 484 alioqui
625 436 666 471 et
684 442 761 485 pro
782 436 860 470 aut
879 433 976 470 ante
995 428 1182 470 ‘nominis
1195 427 1447 483 petitionem
1465 425 1703 482 scripturus.

511 486 559 528 P.
586 499 679 542 103.
713 485 739 527 l.
764 496 803 541 7.
839 484 1021 542 pietatis]
1058 484 1346 541 Benignitatis‚
1382 482 1704 534 benevolentiae,
1745 481 1858 538 apud

452 542 528 585 hos
557 543 792 600 scriptores.

512 600 619 643 Ibid.
640 601 667 643 l.
694 613 759 644 12.
791 600 887 642 Uno
907 599 1036 656 igitur
1066 613 1220 657 genere
1250 605 1324 641 aut
1347 598 1560 654 vocabulo]
1578 599 1770 640 Fortasse
1799 598 1856 640 le-
1870 605 1894 644 5

451 658 647 715 gendum,
677 673 762 700 uno
791 659 929 713 iyitur
957 657 1153 712 yenerali
1178 657 1394 698 vocabulo.
1456 656 1584 698 Paulo
1609 656 1718 698 infra
1743 656 1857 712 apud

452 715 742 765 Muratorium,
767 715 855 756 sine
881 714 1140 765 auctoritate,
1168 714 1280 769 quod
1306 713 1443 764 sciam,
1465 719 1602 756 exstat
1628 715 1857 769 proditum

450 782 511 817 est
531 788 608 830 pro
620 775 850 829 proditum
856 773 1030 827 fuerat.

509 831 615 873 Ibid.
638 831 664 872 l.
691 844 759 886 23.
791 829 907 885 quasi
937 829 990 871 sit
1020 835 1063 871 et
1085 828 1206 885 alius]
1238 829 1305 871 Ita
1325 828 1546 885 Rigaltius.
1599 827 1709 870 Olim
1729 829 1857 871 aliud

450 903 527 945 pro
559 889 677 930 alius
717 887 833 930 editt.
867 887 979 943 quod
1013 886 1180 943 quidem
1218 886 1428 928 revocavit
1459 885 1740 936 Muratorius;
1783 886 1856 928 sed
1874 901 1923 927 10

449 946 573 1003 paulo
593 951 687 1002 post
717 945 858 994 habes,
878 946 1150 999 sanctzflcari
1170 959 1255 1000 per
1283 946 1552 1000 semetipsum
1581 958 1731 986 nomen
1759 943 1855 986 Dei.

450 1003 576 1046 Valet
594 1003 760 1046 interim
780 1004 833 1045 de
853 1017 935 1059 quo
954 1002 1064 1044 idem
1085 1008 1211 1058 atque
1231 1017 1262 1043 a
1281 1016 1374 1058 quo.

509 1061 614 1103 Ibid.
641 1062 666 1104 l.
689 1075 759 1118 31.
791 1059 1060 1117 Angelorum,
1093 1060 1128 1102 si
1157 1059 1441 1109 meruerimus,
1473 1058 1702 1115 candidati]
1734 1059 1857 1102 Hanc

448 1118 640 1161 editionis
668 1118 877 1175 principis,
899 1132 1019 1174 quae,
1039 1123 1087 1159 ut
1114 1117 1212 1168 dixi,
1234 1123 1297 1159 est
1319 1116 1604 1174 Gangneiana‚
1625 1116 1854 1167 lectionem,

449 1182 775 1219 commutaverat
802 1191 894 1218 cum
924 1175 1058 1218 altera
1083 1177 1412 1224 meminerimus,
1434 1174 1477 1216 in
1497 1174 1594 1217 edit.
1616 1189 1691 1217 sua
1712 1174 1855 1217 Basili·
1873 1182 1920 1221 15

450 1235 539 1277 ensi
569 1249 678 1277 anno
716 1246 825 1290 1550
857 1233 1144 1290 sigismundus
1176 1232 1385 1276 Gelenius.
1448 1233 1680 1288 Posteaque
1714 1247 1856 1275 vocem

448 1294 744 1342 meruerimus,
764 1306 871 1347 quae
900 1306 926 1333 a
954 1291 1136 1334 Pamelio
1155 1291 1349 1334 restituta
1367 1290 1517 1340 fuerat,
1541 1289 1692 1332 Codice
1723 1290 1858 1333 Fulvii

451 1350 594 1393 Ursini
624 1350 745 1392 nixus
773 1348 991 1406 Rigaltius‚
1010 1348 1218 1391 renitente
1238 1348 1346 1398 licet,
1366 1354 1414 1390 ut
1433 1347 1505 1398 ait,
1527 1348 1563 1389 A
1597 1347 1743 1390 obardi
1770 1348 1855 1400 illo,

448 1408 599 1451 iterum
627 1407 862 1450 eliminavit.
926 1407 1064 1458 Quum
1089 1421 1189 1449 vero
1215 1407 1359 1449 melior
1385 1405 1486 1448 mihi
1512 1405 1552 1448 vi
1582 1411 1724 1449 eretur
1752 1405 1856 1448 haec

449 1466 584 1516 lectio,
606 1466 780 1517 eandem
801 1465 937 1507 denuo
956 1464 1160 1507 revocavi.
1870 1474 1922 1500 20

508 1524 557 1566 P.
583 1537 676 1577 104.
706 1523 732 1565 l.
757 1536 796 1578 9.
827 1536 925 1564 rm·
953 1536 1170 1564 vomnvms
1195 1535 1280 1564 ‘rm
1304 1535 1347 1563 m
1377 1534 1520 1564 conns
1546 1534 1600 1562 m*
1626 1535 1668 1563 m
1696 1521 1854 1577 mam]

448 1581 641 1624 Abfuisse
670 1596 697 1623 a
726 1579 931 1622 nonnullis
962 1579 1142 1636 antiquis
1168 1578 1366 1622 orationis
1395 1578 1637 1621 Dominicae
1668 1578 1856 1621 formulis

448 1637 764 1696 comparationis
790 1637 1045 1688 adverbium,
1068 1637 1164 1679 hinc
1194 1643 1238 1680 et
1264 1637 1430 1680 aliunde
1457 1635 1662 1679 discimus.
1722 1637 1855 1678 Porro

448 1697 629 1740 variasse
658 1696 700 1738 in
730 1695 874 1738 iisdem
899 1695 1001 1737 ordo
1021 1694 1265 1752 petitionum
1285 1695 1434 1737 harum
1455 1694 1631 1745 videtur,
1653 1695 1762 1737 Fiat
1786 1709 1856 1737 vo-

449 1756 595 1798 luntas
623 1763 714 1805 tua,
737 1760 780 1796 et
799 1754 945 1796 veniat
971 1767 1148 1809 reynum
1178 1761 1329 1802 tuum5
1360 1751 1460 1809 quin
1487 1757 1531 1795 et
1550 1751 1660 1795 infra
1678 1751 1722 1794 in
1745 1751 1854 1810 capi·
1869 1765 1919 1804 25

453 1813 563 1855 tibus
584 1814 609 1854 6
632 1818 675 1854 et
695 1822 718 1866 7
740 1811 850 1853 idem
871 1810 973 1853 ordo
994 1817 1196 1853 servatur.

507 1870 611 1912 Ibid.
634 1870 660 1912 l.
691 1883 755 1924 14.
787 1883 861 1911 nos
880 1883 1019 1910 sumus
1050 1868 1206 1911 coelum
1237 1873 1281 1911 et
1307 1869 1439 1921 terra]
1463 1867 1535 1910 Ait
1566 1867 1783 1910 Schutzius
1811 1867 1855 1909 in

447 1928 600 1971 notulis
630 1927 685 1970 ad
719 1926 817 1970 edit.
851 1926 1087 1977 Halensem,
1123 1930 1135 1950 ‘
1154 1925 1222 1969 Sic
1253 1925 1360 1968 ludit
1393 1925 1653 1982 Cyprianus?
1713 1925 1856 1968 Verba

448 1986 571 2042 hujus
599 1985 642 2027 in
672 1985 778 2027 libro
799 1984 851 2027 de
873 1983 1074 2027 Oratione
1096 1983 1312 2027 Dominica
1342 1984 1444 2026 haec
1474 1988 1582 2034 sunt,
1606 1989 1616 2007 ‘
1630 1983 1741 2026 Nam
1762 1997 1855 2026 cum

448 2051 459 2069 ‘
482 2058 631 2101 corpus
651 2058 674 2086 e
695 2049 811 2086 terra
836 2048 879 2085 et
909 2041 1098 2099 spiritum
1129 2041 1409 2099 possideamus
1435 2055 1460 2083 e
1487 2041 1612 2091 coelo,
1634 2040 1712 2098 ipsi
1738 2046 1852 2084 terra
1868 2057 1920 2094 30

448 2106 461 2126 ‘
481 2107 524 2144 et
544 2101 699 2143 coelum
721 2115 874 2152 sumus,
896 2106 939 2142 et
958 2099 999 2142 in
1021 2105 1212 2156 utroque,
1227 2099 1271 2143 id
1290 2105 1368 2150 est,
1385 2105 1428 2142 et
1448 2113 1620 2156 corpore
1635 2104 1679 2142 et
1693 2098 1854 2156 spiritu,

449 2166 459 2184 ‘
481 2164 529 2202 ut
549 2158 629 2202 Dei
651 2158 839 2201 voluntas
859 2157 944 2207 fiat,
967 2160 1156 2200 oramus!

503 2218 548 2259 P.
572 2228 667 2273 105.
698 2216 724 2259 l.
748 2229 812 2259 10.
843 2216 955 2272 quod
985 2221 1027 2258 et
1051 2216 1158 2258 Fiat
1188 2215 1387 2258 voluntas
1417 2213 1515 2272 tua]
1545 2215 1627 2257 Est
1657 2228 1733 2271 pro
1760 2228 1856 2272 par-

446 2272 572 2318 ticula
592 2283 631 2317 et
652 2274 792 2331 legere
813 2273 901 2316 vult
922 2272 1140 2317 Schutzius
1158 2288 1168 2323 ;
1200 2272 1273 2315 sed
1294 2272 1350 2314 nil
1371 2272 1625 2315 mutandum.

507 2331 612 2374 Ibid.
635 2331 662 2374 l.
684 2345 746 2387 15.
767 2337 950 2373 nostram
971 2329 1293 2387 suspensionem]
1317 2329 1413 2373 Scil.
1435 2329 1794 2387 exspectationem.
1867 2348 1919 2388 35

506 2389 612 2432 Ibid.
636 2389 664 2431 l.
688 2390 752 2430 16.
775 2394 1029 2446 protractum
1051 2388 1257 2444 quendam
1278 2387 1319 2429 in
1340 2387 1520 2441 saeculo]
1541 2386 1790 2430 Particulam
1806 2387 1856 2430 in

446 2447 611 2490 demum
642 2446 843 2497 revocavi,
875 2460 998 2502 quam
1034 2445 1190 2502 primus
1225 2444 1407 2487 omisisse
1437 2444 1645 2503 Rigaltius
1676 2444 1853 2488 videtur.

448 2505 602 2549 Confer
623 2503 732 2547 infra
753 2503 795 2547 S.
812 2503 1066 2561 Cyprianum
1088 2502 1140 2546 de
1161 2502 1419 2546 Mortalitate
1439 2516 1556 2559 capp.
1577 2514 1640 2554 12,
1662 2516 1673 2544 ι
1684 2516 1725 2559 3.

506 2562 612 2606 Ibid.
633 2561 661 2604 l.
681 2574 748 2618 23.
779 2561 826 2604 in
845 2561 959 2617 visu]
996 2560 1090 2604 scil.
1113 2562 1161 2603 in
1187 2561 1360 2603 vim'mw.
1422 2560 1564 2603 Posuit
1584 2560 1750 2617 quidem
1782 2559 1854 2602 Ri-

446 2619 598 2677 galtius
629 2620 669 2662 in
695 2625 872 2675 utraque
902 2634 977 2662 sua
996 2617 1175 2661 editione
1196 2619 1369 2662 invidia
1382 2634 1396 2668 ;
1429 2618 1540 2661 haud
1572 2632 1669 2661 vero
1689 2623 1853 2661 secutus
1866 2636 1918 2670 40

446 2685 510 2721 est
541 2692 634 2721 cum
675 2675 942 2720 Muratorius.
1004 2676 1124 2718 Nunc
1153 2675 1358 2719 exstitisse
1390 2677 1565 2719 invidia
1598 2676 1640 2718 in
1670 2675 1852 2719 editione

447 2734 632 2793 principe
653 2733 829 2785 invenio,
851 2734 924 2777 sed
944 2748 970 2776 a
992 2733 1164 2776 Gclcnio
1185 2739 1329 2791 postea
1348 2739 1564 2777 mutatum.

506 2793 550 2835 1³.
577 2794 667 2835 106.
692 2792 716 2835 1.
739 2806 774 2835 1.
797 2790 1001 2849 petitioni]
1026 2791 1140 2834 Fors.
1161 2791 1421 2835 scribendum
1436 2792 1657 2848 petitione.

508 2850 609 2892 lbid.
642 2850 666 2893 l.
694 2861 730 2905 7.
761 2856 804 2892 et
836 2849 922 2892 vita
952 2848 1089 2906 panis]
1129 2849 1266 2901 Forte,
1303 2849 1411 2893 vitae
1443 2847 1573 2906 panis.
1606 2847 1849 2891 SCIIUTZ.

446 2908 571 2951 Cet-w
591 2906 649 2950 sic
669 2906 812 2951 scribit
834 2908 875 2950 S.
895 2906 1142 2964 Cyprianus
1865 2918 1916 2957 45
