2034 3204
199 1160 210 1182 1
230 1151 331 1183 Joan.
349 1152 381 1182 ii.

200 1205 247 1237 ¹9-

241 1784 307 1813 (“Α
319 1782 355 1813 Ρ.

199 1826 396 1858 XXXVII.

416 249 499 290 152
885 250 1345 293 TERTULLIANI

414 358 658 405 videamus
693 360 810 419 quid
857 361 1094 414 didicerit,
1130 361 1246 420 quid
1288 361 1513 413 docuerit,
1549 360 1666 419 quid
1707 375 1815 405 cum

414 437 658 482 Africanis
705 453 894 497 quoque
944 438 1169 484 Ecclesiis
1215 438 1564 484 contesserarit.
1652 437 1817 483 Unum

413 514 572 560 Deum
618 515 752 560 novit
792 523 1051 562 creatorem
1101 516 1442 569 universitatis,
1480 523 1526 561 et
1568 515 1817 561 Christum

414 592 578 637 Jesum
627 608 686 637 ex
722 592 909 654 virgine
947 593 1106 638 Maria
1145 592 1320 638 Filium
1362 593 1450 637 Dei
1493 592 1733 644 creatoris,
1771 600 1818 637 et

413 669 568 714 carnis
616 670 1008 715 resurrectionem
1038 685 1051 723 ;
1098 669 1277 732 Legem
1317 677 1366 715 et
1404 669 1668 730 Prophetas
1710 684 1855 722 cu1n5

413 747 700 808 evangelicis
725 754 773 791 et
801 747 1072 806 apostolicis
1105 747 1283 792 litteris
1308 747 1486 800 miscet,
1511 756 1560 793 et
1591 747 1702 792 inde
1738 763 1820 806 po-

414 830 486 868 tat
522 824 696 874 fidem;
734 839 837 868 eam
876 839 1000 883 aqua
1036 824 1212 884 signat,
1237 824 1412 869 Sancto
1442 825 1630 884 Spiritu
1661 824 1820 877 vestit,

414 901 707 946 eucharistia
737 901 901 959 pascit,
928 901 1214 961 martyrium
1239 903 1533 954 exhortatur,
1559 909 1605 947 et
1639 903 1707 948 ita
1738 903 1820 947 ad-

413 994 576 1023 versus
613 979 736 1023 hanc
771 978 1126 1024 iustitutionem
1164 979 1402 1025 neminem
1435 980 1616 1040 recipit.
1690 980 1821 1026 Haec

413 1065 485 1102 est
526 1056 773 1102 institutio
810 1073 902 1102 non
940 1058 1047 1104 dico
1077 1059 1180 1119 jam
1217 1074 1339 1118 quae
1374 1059 1564 1105 futuras
1608 1060 1820 1105 haereses
1838 1078 1886 1102 10

413 1134 801 1194 praenuntiabat,
825 1136 905 1180 sed
932 1137 990 1181 de
1014 1152 1110 1196 qua
1136 1138 1350 1182 haereses
1374 1138 1669 1196 prodierunt.
1727 1137 1820 1183 Sed

413 1228 507 1257 non
534 1228 696 1258 omnes
716 1211 874 1274 [fors.
893 1213 1112 1275 omnino]
1131 1230 1189 1260 ex
1213 1214 1308 1264 illa,
1328 1231 1387 1260 ex
1411 1230 1507 1274 quo
1531 1216 1685 1260 factae
1709 1222 1822 1261 sunt

415 1292 642 1336 adversus
686 1291 831 1338 illam.
904 1292 1069 1338 Etiam
1106 1294 1163 1338 de
1202 1293 1354 1338 olivae
1395 1295 1562 1338 nucleo
1602 1293 1735 1339 mitis
1774 1300 1822 1338 et

415 1368 602 1428 opimae
638 1378 685 1414 et
723 1370 1011 1415 necessariae
1047 1386 1185 1430 asper
1217 1372 1419 1416 oleaster
1447 1371 1633 1416 oritur:
1675 1371 1819 1416 etiam

416 1448 473 1492 de
500 1462 734 1506 papavere
759 1448 875 1493 ficus
900 1448 1201 1509 gratissimae
1226 1456 1272 1493 et
1296 1448 1606 1494 suavissimae
1625 1455 1822 1494 ventosa
1838 1463 1885 1501 15

417 1533 463 1570 et
490 1540 609 1570 vana
642 1511 892 1585 caprificus
924 1526 1153 1588 exsurgit.
1228 1526 1303 1571 Ita
1335 1533 1382 1571 et
1415 1527 1628 1572 haereses
1652 1527 1710 1571 de
1740 1542 1822 1572 no-

416 1609 515 1648 stro
540 1602 960 1657 fructificaverunt,
989 1620 1079 1649 nou
1109 1611 1309 1657 nostrae,
1324 1606 1579 1666 degeneres
1605 1603 1821 1650 veritatis

415 1696 580 1741 grano,
605 1689 651 1726 et
677 1682 923 1728 mendacio
947 1682 1197 1727 silvestres.

484 1758 535 1804 Si
562 1759 676 1804 haec
702 1759 771 1805 ita
795 1776 844 1805 se
868 1760 1047 1805 habent
1071 1766 1126 1805 ut
1145 1760 1320 1805 veritas
1341 1760 1478 1805 nobis
1503 1759 1820 1821 adjudicetur,

417 1836 704 1896 quicumque
740 1837 789 1882 in
826 1853 880 1883 ea
916 1839 1081 1900 regula
1116 1837 1394 1891 incedimuS,
1430 1853 1573 1897 quam
1608 1836 1824 1883 Ecclesia
1838 1857 1888 1882 20

417 1915 477 1959 ab
513 1914 773 1973 Apostolis‚
811 1915 1034 1975 Apostoli
1081 1931 1110 1960 a
1147 1914 1355 1968 Christo,
1393 1915 1614 1961 Christus
1656 1930 1685 1960 a
1719 1914 1824 1960 Deo

418 1992 630 2046 tradidit,
667 2001 853 2038 constat
902 1993 1024 2038 ratio
1071 1992 1303 2052 propositi
1352 1994 1517 2045 nostri,
1553 1991 1823 2038 definientis

421 2086 510 2116 non
550 2086 653 2117 esse
700 2072 1019 2116 admittendos
1066 2070 1328 2116 haereticos
1370 2071 1429 2116 ad
1473 2070 1728 2116 ineundam
1765 2070 1824 2115 de

419 2148 679 2208 scripturis
716 2149 1116 2208 provocationem,
1141 2164 1260 2208 quos
1293 2148 1395 2194 siue
1420 2148 1681 2208 Scripturis
1718 2163 1826 2208 pro-

421 2227 587 2272 bamus
612 2228 669 2272 ad
689 2227 963 2287 Scripturas
988 2242 1081 2272 non
1108 2226 1360 2286 pertinere.
1433 2226 1483 2272 Si
1511 2226 1636 2272 enim
1663 2226 1825 2272 haere-
1840 2238 1887 2277 25

420 2304 499 2349 tici
525 2314 651 2356 sunt,
677 2304 941 2350 Christiani
966 2321 1066 2350 esse
1092 2321 1185 2350 non
1219 2311 1435 2364 possunt,
1463 2320 1555 2349 non
1580 2320 1610 2350 a
1633 2303 1824 2350 Christo

421 2382 637 2427 habendo
660 2384 786 2441 quod
820 2383 879 2427 de
914 2398 1001 2428 sua
1032 2382 1259 2428 electione
1283 2381 1448 2427 sectati
1479 2381 1823 2427 haereticorum

422 2461 608 2506 nomine
644 2461 921 2506 admittunt.
997 2461 1070 2506 lta
1107 2459 1488 2505 non-Christiani
1529 2461 1710 2506 nullum
1740 2461 1823 2521 jus

419 2538 615 2597 rapiunt
639 2537 1022 2583 Christianarum
1056 2537 1336 2583 litterarum.
1409 2535 1484 2582 Ad
1510 2553 1629 2596 quos
1655 2538 1823 2583 merito

419 2616 671 2661 dicendum
703 2625 787 2667 est,
814 2615 908 2669 Qui
942 2615 1095 2660 estis?
1132 2615 1337 2674 quando,
1363 2622 1410 2659 et
1435 2615 1560 2660 unde
1586 2614 1779 2661 venistis
1800 2615 1888 2661 ‚⁹30

420 2693 533 2752 quid
573 2693 619 2738 iu
660 2708 764 2739 meo
799 2693 941 2753 agitis
968 2709 1059 2738 non
1090 2692 1217 2738 mei?
1256 2708 1350 2752 quo
1375 2692 1578 2752 denique
1605 2692 1820 2739 Marcion

416 2772 525 2829 jure
561 2772 742 2830 sylvam
783 2786 932 2815 ineam
973 2770 1169 2816 raedis?
1213 2786 1304 2830 qun
1344 2769 1534 2816 licentia
1570 2770 1822 2816 Vale-utine

423 2846 573 2892 fontes
630 2864 755 2892 meos
815 2847 1093 2893 transvertis
1120 2848 1140 2893 ἶ)
1209 2863 1303 2907 qua
1354 2854 1583 2906 potestate
1631 2846 1821 2907 Apelles
