2034 3204
411 209 496 248 358
878 208 1346 250 ANNOTATIONES

414 314 589 356 mutavit
619 313 848 364 Manutius,
871 317 946 370 qui
975 329 1018 357 se
1052 316 1350 357 Christianum
1379 316 1597 363 mentitur,
1618 328 1670 356 ex
1698 315 1814 358 editt.

415 370 706 414 vetustioribus
725 371 900 414 restitui.

473 429 520 470 P.
538 441 637 485 324.
657 429 684 471 l.
704 443 770 484 24.
792 434 835 471 et
856 429 931 471 zeli
951 443 999 470 ac
1019 428 1158 471 livoris
1177 428 1355 483 alienus]
1379 428 1504 471 Vocis
1531 430 1700 472 alienus
1725 444 1818 471 cum

414 486 606 542 genitivis
632 486 720 529 istis
747 485 1053 536 constructioni,
1075 499 1200 541 quam
1226 484 1384 541 primus
1410 486 1568 543 recepit
1591 486 1815 535 Manutius,

414 543 729 600 patrocinantur
751 544 853 586 Cod.
875 550 1050 599 uterque
1066 543 1175 585 Novi
1192 542 1367 600 Collegii
1384 557 1433 585 ac
1453 558 1568 586 meus
1583 544 1818 587 Tewatera-
1831 551 1854 589 5

415 616 504 643 nus.
576 602 699 644 Nunc
725 601 834 643 addo
862 601 952 643 MS.
981 605 1204 656 utrumque
1232 600 1486 643 Drurianum
1514 607 1557 644 et
1583 602 1817 645 Meerman-

415 673 569 701 nanum
608 673 700 701 cum
746 658 859 700 Flori
899 657 1188 715 Lugdunensis
1229 658 1535 701 Commentario
1577 658 1733 702 inedito
1775 659 1818 701 in

416 716 536 758 Pauli
555 716 774 773 Epistolas.
836 716 1030 758 Alteram
1047 730 1147 758 vero
1173 715 1531 766 constructionem,
1553 731 1660 773 quae
1684 716 1819 774 posita

416 779 479 816 est
498 773 541 815 in
562 773 680 816 editt.
702 773 988 816 Manutianam
1008 772 1364 830 praecedentibus,
1385 782 1426 816 et
1445 789 1476 816 a
1493 775 1582 817 zelo
1605 789 1660 817 ac
1688 775 1819 817 livore

416 832 596 880 alienus,
614 845 721 873 unus
741 831 793 873 de
812 830 928 873 libris
947 831 1048 874 meis
1063 831 1204 874 habet.
1236 831 1432 874 Proxime
1450 837 1557 888 post,
1573 831 1617 874 in
1632 831 1820 888 Apostoli
1838 844 1884 869 10

414 888 540 941 ῥήσει,
571 903 704 940 voces,
735 889 1002 938 carnalibus,
1025 897 1248 945 tanquam,
1270 903 1377 945 quae
1397 904 1424 932 a
1444 894 1564 932 textu
1594 889 1818 932 Baluziano

415 945 524 987 forte
546 946 798 996 exciderant,
818 946 995 989 restitui.

474 1004 522 1046 P.
539 1016 637 1060 325.
657 1004 684 1046 l.
700 1017 771 1060 30.
792 1005 1000 1047 secundus
1016 1006 1151 1055 ‚homo
1180 1005 1233 1047 de
1262 1004 1392 1060 coelo]
1423 1005 1491 1047 De
1521 1005 1599 1047 hac
1619 1004 1821 1048 varietate

418 1061 604 1103 consulas
623 1061 733 1104 Novi
753 1061 1010 1104 Testamenti
1037 1061 1262 1110 editiones;
1296 1076 1448 1118 easque
1469 1067 1512 1105 et
1537 1061 1647 1104 infra
1673 1061 1742 1109 adi
1769 1062 1821 1104 de

416 1118 624 1175 scriptura
641 1119 713 1161 illa
724 1128 945 1176 portemus
964 1133 1042 1176 pro
1055 1120 1343 1175 portabimus,
1365 1119 1567 1176 siquidem
1587 1119 1629 1161 in
1651 1119 1822 1163 Graecis
1839 1131 1885 1169 15

417 1176 582 1275 p}urimi
604 1177 776 1220 Codices
795 1177 939 1234 scripti
965 1183 1008 1220 et
1028 1177 1176 1220 Patres
1203 1176 1441 1230 φορέσωμεν
1470 1177 1627 1220 habent
1652 1191 1729 1234 pro
1749 1182 1823 1231 φο-

417 1251 440 1286 ρ
462 1251 600 1287 σομεν.

477 1292 523 1333 Ρ.
539 1294 639 1346 326.
668 1292 695 1333 1.
720 1294 787 1334 26.
814 1307 902 1334 esse
929 1292 1071 1346 talem]
1104 1292 1254 1334 Exstat
1280 1291 1322 1333 in
1350 1291 1445 1334 edit.
1473 1291 1711 1341 Baluziana,
1738 1307 1823 1335 esse

418 1364 460 1392 se
489 1350 630 1400 talem,
652 1364 750 1401 non,
782 1355 829 1392 ut
857 1349 974 1407 prius
1003 1349 1181 1406 positum
1212 1356 1318 1400 erat,
1348 1364 1433 1393 esse
1464 1358 1503 1393 te
1533 1351 1675 1393 talem.
1739 1350 1823 1393 Sed

419 1407 603 1463 expunxi
626 1422 681 1457 se,
703 1408 815 1463 quod
841 1422 893 1450 ex
922 1407 1053 1464 priori
1077 1421 1176 1450 voce
1204 1412 1340 1449 ortum
1369 1421 1458 1450 esse
1484 1407 1626 1464 possit,
1646 1407 1823 1450 auctori·
1839 1424 1888 1449 20

419 1470 507 1506 tate
541 1465 662 1507 nixus
693 1465 822 1508 Codd.
855 1465 1031 1508 duorum
1066 1464 1178 1522 apud
1212 1464 1309 1507 edit.
1345 1464 1480 1507 Oxon.
1512 1470 1555 1508 et
1589 1465 1683 1508 MS.
1713 1465 1822 1508 Novi

422 1521 524 1564 Coll.
544 1536 582 1570 2,
604 1529 646 1565 et
670 1522 846 1566 duorum
870 1537 1068 1565 meorum.
1130 1522 1272 1564 Habet
1292 1536 1390 1565 vero
1411 1537 1496 1565 esse
1521 1530 1558 1565 te
1579 1523 1710 1565 talem
1729 1523 1822 1565 MS.

420 1579 530 1621 Novi
558 1579 661 1623 Coll.
684 1594 716 1623 1.
789 1580 912 1623 Nunc
941 1579 1050 1623 adde
1077 1585 1300 1636 utrumque
1330 1579 1586 1622 Drurianum
1617 1585 1660 1622 et
1686 1580 1822 1623 Meer-

420 1648 683 1680 marmanum.
744 1639 845 1680 Mox
875 1643 969 1695 post
998 1651 1139 1680 vocem
1159 1638 1420 1692 firmandus,
1451 1637 1521 1680 lin.
1545 1651 1614 1694 33,
1644 1637 1822 1695 positum

421 1701 485 1737 est
503 1694 547 1736 in
567 1695 692 1738 MSto
712 1695 809 1738 olim
829 1696 1031 1738 Tewater.
1053 1703 1093 1739 et
1113 1696 1348 1738 ornandus.
1841 1704 1888 1742 25

480 1752 526 1793 P.
542 1764 643 1808 327.
667 1753 693 1794 l.
714 1765 752 1796 2.
785 1752 989 1796 Salutaris
1019 1752 1223 1810 operatio]
1260 1752 1302 1795 h.
1324 1767 1358 1794 e.
1391 1752 1653 1809 eleemosyna
1682 1753 1825 1796 salutis

420 1816 616 1852 aeternae
636 1810 790 1853 efficax.
853 1811 882 1853 J
884 1825 951 1853 am
971 1816 1070 1854 ante
1090 1810 1199 1853 idem
1226 1810 1421 1866 loquendi
1444 1810 1590 1853 modus
1615 1809 1825 1867 reperitur

419 1867 496 1910 sub
516 1867 639 1910 finem
659 1867 753 1911 libri
773 1869 826 1911 de
849 1869 989 1925 Opere
1010 1874 1053 1912 et
1073 1868 1359 1926 Eleemosyna.

480 1925 585 1967 Ibid.
621 1925 648 1968 l.
677 1938 746 1982 32.
787 1926 840 1970 de
879 1932 1137 1969 sacramento
1179 1926 1323 1969 Crucis
1362 1932 1405 1968 et
1443 1925 1578 1968 cibum
1618 1925 1744 1968 sumis
1783 1931 1826 1968 et

421 1984 581 2039 potum]
606 1984 689 2026 Per
709 1990 1011 2027 sacramentum
1035 1984 1179 2027 Crucis
1199 1983 1264 2026 hic
1291 1983 1484 2040 intelligit
1506 1982 1740 2040 Cyprianus
1764 1988 1826 2026 to-
1839 1993 1890 2030 30

422 2047 510 2083 tum
540 2040 695 2084 Christi
725 2042 768 2084 in
797 2056 970 2099 corpore
1001 2042 1181 2085 humano
1213 2046 1497 2090 commeatum,
1526 2055 1607 2097 quo
1637 2040 1827 2098 redemp-

422 2098 576 2141 tionem
612 2098 778 2142 Israelis
812 2099 989 2157 peregit.
1067 2099 1271 2165 Exempla
1310 2098 1464 2142 scilicet
1497 2104 1540 2141 et
1574 2098 1702 2142 verba
1741 2098 1826 2141 sive

423 2156 621 2199 mandata
637 2157 805 2209 Christi,
823 2172 997 2224 quorum
1014 2157 1299 2200 observatione
1314 2156 1463 2200 alimur
1482 2155 1526 2198 in
1545 2155 1671 2199 vitam
1692 2162 1827 2199 aeter-

423 2228 544 2264 nam3
576 2229 624 2256 ac
673 2221 890 2258 raesertim
910 2230 987 2272 per
1005 2215 1193 2267 Crucem,
1215 2214 1294 2257 hoc
1318 2220 1381 2257 est
1400 2214 1630 2272 passionem
1652 2219 1695 2257 et
1719 2228 1827 2256 mor-

424 2276 522 2314 tem.
571 2272 634 2314 RI
678 2273 804 2315 ALT.
883 2273 963 2315 Hic
996 2272 1245 2316 mentionem
1284 2271 1384 2314 facit
1420 2277 1565 2315 auctor
1603 2277 1690 2314 tum
1735 2285 1828 2314 esus
1842 2282 1892 2321 35

424 2335 627 2386 potusque
646 2329 690 2372 in
713 2336 970 2373 sacramento
994 2330 1136 2373 Crucis
1163 2344 1235 2374 seu
1262 2329 1406 2372 mortis
1427 2328 1596 2378 Christi,
1618 2343 1724 2384 quae
1745 2329 1828 2372 Eu-

424 2386 623 2430 charistia
642 2393 716 2438 est,
738 2393 825 2431 tum
847 2402 945 2431 vero
967 2387 1162 2431 virtutem
1182 2387 1435 2437 clementiae,
1458 2386 1582 2444 pacis,
1600 2386 1826 2436 charitatis,

424 2458 532 2501 quae
552 2459 642 2487 cum
665 2451 921 2488 sacramento
941 2445 1010 2489 illo
1031 2445 1348 2503 conjunguntur.
1411 2445 1542 2487 Porro
1567 2458 1696 2500 aquas
1716 2443 1827 2501 apud

426 2501 641 2545 Merrham
702 2518 748 2546 er
777 2503 933 2561 lignum
965 2503 1104 2547 dulces
1133 2503 1276 2553 factas,
1298 2501 1518 2560 imaginem
1549 2516 1621 2545 seu
1651 2501 1826 2559 figuram

425 2573 515 2602 esse
535 2575 664 2603 carun
696 2576 760 2603 em
781 2559 980 2604 virtutum
1001 2560 1112 2604 dicit.
1844 2565 1895 2599 40

486 2618 529 2659 l’.
547 2620 646 2672 328.
669 2618 694 2661 l.
713 2632 755 2672 4.
777 2618 1003 2677 laborabis]
1028 2618 1278 2662 Praeferunt
1299 2618 1465 2661 labores
1485 2616 1609 2660 editio
1637 2614 1829 2673 princeps

426 2681 469 2717 ct
493 2691 515 2716 c
539 2673 756 2719 Codicibus
787 2676 887 2721 meis
914 2691 1031 2729 unus,
1053 2676 1165 2734 quod
1192 2675 1290 2719 mihi
1320 2674 1415 2719 olim
1444 2674 1576 2718 minus
1604 2679 1716 2717 recte
1743 2673 1829 2730 pla-

426 2731 521 2831 cuit.
577 2734 651 2777 Est
671 2740 807 2777 antem
823 2736 1129 2791 prosperanda
1144 2734 1356 2783 valetudo,
1373 2747 1479 2790 quae
1495 2739 1592 2791 eget
1613 2737 1659 2775 ut
1674 2730 1829 2774 firmior

441 2798 511 2833 iat.

489 2846 590 2890 lbid.
629 2847 652 2889 1.
686 2860 722 2902 7.
757 2848 800 2891 'si
837 2848 985 2892 sectari
1023 2863 1102 2892 non
1143 2846 1280 2904 potes]
1317 2847 1469 2905 Vulgo,
1501 2848 1553 2892 Si
1585 2854 1728 2890 autem
1762 2860 1830 2889 eos
1845 2857 1893 2894 45
