2034 3204
424 239 509 280 410
894 238 973 279 -AN
976 238 1017 279 N
1021 237 1282 280 OTATION
1286 236 1354 279 Es

422 358 521 385 vero
552 348 637 385 tam
667 349 831 385 ceterae
858 343 1080 385 Versiones
1104 342 1294 390 Latinae,
1325 357 1449 398 quam
1482 340 1631 384 Graeci
1661 339 1756 381 libri
1786 344 1829 381 et

423 401 563 443 excusi
583 406 626 443 et
645 401 799 457 scripti.
862 401 946 443 Sed
969 401 1022 442 ab
1044 400 1231 442 omnibus
1260 406 1371 442 totus
1391 399 1597 455 discrepat
1619 397 1828 440 Canonem

425 459 535 501 hunc
554 458 740 501 referens
760 458 948 510 Rufinus,
971 458 1080 500 Hist.
1102 458 1214 499 Eccl.
1236 472 1280 508 Χ,
1298 471 1339 513 5.

948 547 1170 591 CANON
1211 547 1311 589 XII.

484 619 531 660 P.
552 628 652 673 377.
672 617 701 658 l.
724 630 789 672 13.
813 618 876 659 καὶ
896 616 1134 670 ἀποθέμενοι
1153 618 1223 661 τὰς
1243 617 1382 670 ζώνας]
1420 615 1480 658 Ut
1502 630 1569 657 res
1589 615 1664 657 sub
1686 619 1829 672 tyran·
1843 622 1866 663 5

427 676 522 718 nide
553 674 696 717 Licinii
725 681 864 731 gestas
893 680 1286 716 commemoraverat
1317 674 1459 716 Canon
1487 672 1740 721 novissimus,
1771 672 1831 714 ita

426 732 691 776 duodecimus
711 732 777 774 hic
798 732 943 774 Canon
963 732 1017 774 ab
1037 731 1191 788 optimo
1210 732 1447 788 Interprete
1463 731 1628 772 Zonara
1646 730 1702 772 ad
1719 729 1830 772 idem

425 798 588 847 tempus
607 789 803 832 refertur.
855 790 958 843 Περὶ
978 789 1310 843 στρατευομένων,
1324 788 1383 831 ait
1402 788 1483 838 ille,
1502 790 1523 829 ὁ
1541 788 1683 830 Κανῶν
1698 786 1831 829 διαλέ-

425 865 550 902 γεται,
573 848 637 889 καὶ
657 847 965 901 ἆποῤῥιψάντων
984 848 1059 899 μὲν
1078 849 1146 891 τὰς
1167 848 1302 897 ζώνας,
1325 846 1448 901 ἤγουν
1469 847 1518 887 τὰ
1537 848 1605 898 τῆς
1625 846 1832 898 στρατείας

425 905 654 958 παράσημα,
677 905 832 958 ὅρμημα
852 906 895 946 δὲ
915 906 1013 958 πρὸς
1031 906 1247 959 μαρτυρίαν
1269 902 1563 956 ἐνδειξαμένων,
1585 902 1652 946 οὓς
1672 903 1736 944 καὶ
1755 901 1831 944 ὑπὸ
1848 910 1896 945 10'

425 966 492 1015 τῆς
520 961 643 1006 Θείας
673 964 835 1017 χάριτος
862 963 1056 1015 κληθῆναί
1079 967 1217 1016 φησιν,
1241 962 1292 1005 ὦς
1321 960 1368 1004 δι’
1392 961 1542 1013 ἐκείνης
1573 959 1831 1013 ἐπιῤῥωσθέν-

425 1037 494 1063 τας
513 1019 609 1073 πρὸς
628 1020 700 1071 τὴν
721 1020 911 1061 ἔνστασιν
931 1022 998 1071 τῆς
1018 1021 1236 1074 ὁμολογίας
1255 1021 1323 1071 τῆς
1342 1019 1528 1073 πίστεως,
1543 1017 1626 1060 εἶτα
1648 1019 1692 1059 ἐν
1711 1034 1830 1069 μετα-

424 1078 566 1132 μελείᾳ
600 1077 828 1131 γενομένων
859 1078 922 1118 καὶ
957 1077 1064 1121 αὖθις
1099 1079 1155 1120 εἷς
1194 1077 1266 1129 τὴν
1301 1075 1496 1129 προτέραν
1528 1075 1832 1116 ἐπανελθόντων

426 1135 649 1188 στρατείαν,
673 1136 735 1176 καὶ
763 1136 908 1185 ταύτην
937 1135 1136 1188 ἀργυρίοις
1166 1130 1540 1186 ἆνακτησαμένωνῆ
1570 1133 1828 1186 βενεφικίοις.

427 1194 507 1234 Διᾶ
526 1193 601 1244 μὲν
621 1194 698 1245 γὰρ
717 1196 795 1234 τῶν
816 1192 1012 1246 ἀργυρίων
1032 1195 1218 1243 δηλοῦται
1238 1194 1286 1233 τὰ
1305 1190 1500 1246 χρήματα,
1516 1191 1580 1232 διὰ
1600 1191 1643 1231 δὲ
1663 1193 1742 1231 τῶν
1761 1193 1831 1242 βε·
1848 1198 1895 1238 15

427 1250 616 1302 νεφικίων
632 1249 738 1292 ἅπαν
755 1249 857 1293 εἶδος
876 1249 1037 1304 χάριτός
1056 1266 1099 1291 τε
1121 1250 1186 1291 καὶ
1205 1250 1435 1301 δεξιώσεως·
1468 1250 1536 1300 τῆς
1555 1249 1633 1301 γὰρ
1650 1248 1832 1289 Λατίνων

426 1307 634 1349 διαλέκτου
655 1308 758 1349 οὖσα
776 1307 800 1359 ἡ
820 1306 937 1359 λέξις,
956 1307 1187 1360 εὐεργεσίαν
1206 1309 1324 1359 δηλοῖ
1339 1305 1435 1358 πρὸς
1453 1303 1676 1355 Ἑλληνίδα
1693 1307 1832 1356 μεθερ-

425 1364 669 1416 μηνευομένη
699 1363 918 1406 διάλεκτον·
959 1364 1162 1417 εὐεργετεῖ
1189 1363 1232 1405 δέ
1263 1380 1332 1411 τις,
1363 1361 1387 1415 ἢ
1418 1362 1602 1417 χρήματα
1633 1360 1830 1416 παρέχων,

425 1421 450 1473 ἢ
480 1422 616 1465 ἄλλως
646 1423 800 1474 θέλημα
830 1422 1061 1474 οἱονδήποτε
1093 1425 1255 1475 πληρῶν
1285 1438 1404 1468 τινος,
1437 1423 1560 1471 δῆλον
1590 1420 1633 1461 δὲ
1663 1419 1830 1468 πάντως,

427 1480 488 1520 ὅτι
523 1479 652 1523 οὐδεὶς
685 1483 860 1522 τοιοῦτος
894 1480 1296 1532 ἆναστρατεύσασθαι
1332 1477 1496 1530 ἐδυνήθη
1533 1476 1594 1527 ἂν,
1629 1478 1664 1519 εἰ
1697 1476 1750 1529 μὴ
1783 1477 1830 1529 τῇ
1847 1490 1898 1515 20

427 1535 560 1593 πλάνῃ
587 1534 793 1578 συνέθετο.
855 1537 997 1578 Verba
1026 1536 1191 1578 interim
1220 1539 1382 1588 δωρεαῖς
1413 1535 1476 1576 καὶ
1504 1534 1757 1588 ὑποσχέσεσι
1783 1539 1831 1576 ut

427 1593 548 1636 lectio
572 1593 738 1650 varians
757 1608 783 1636 a
805 1594 880 1636 Ch.
901 1594 1079 1637 Justello
1110 1593 1244 1650 posita
1273 1599 1369 1635 sunt
1399 1607 1474 1649 pro
1504 1592 1750 1645 βενεφικίοις
1777 1591 1833 1634 ad

428 1666 560 1708 marg.
585 1651 747 1694 Codicis
779 1651 901 1694 Univ.
932 1652 1041 1694 Eccl.
1070 1651 1185 1707 atqui
1215 1665 1291 1707 pro
1321 1650 1691 1706 interpretamento
1721 1655 1829 1692 sunt.

433 1709 496 1750 Ad
515 1709 795 1765 quaestionem
816 1709 928 1765 quod
948 1709 1109 1758 attinet,
1131 1715 1271 1751 utrum
1298 1707 1450 1750 bellum
1472 1721 1652 1763 unquam
1676 1705 1832 1749 licitum

427 1767 540 1823 apud
562 1766 818 1809 Christianos
845 1767 940 1809 olim
971 1767 1212 1817 haberetur,
1239 1765 1347 1808 bella
1366 1764 1529 1821 quidem
1556 1764 1683 1821 justa,
1704 1778 1833 1820 quan-
1849 1775 1897 1816 25
1967 1776 1973 1782 ·

429 1831 516 1866 tum
547 1839 626 1890 ego
656 1824 832 1882 legendo
863 1824 1057 1881 comperi,
1090 1823 1280 1872 Eusebio,
1313 1822 1558 1872 Athanasio,
1584 1821 1832 1879 Augustino,

431 1882 695 1938 Concihoque
722 1882 855 1939 primo
876 1881 1111 1925 Arelatensi
1135 1882 1379 1938 probantur,
1399 1878 1716 1923 reclamantibus
1735 1894 1834 1922 vero

430 1939 686 1982 Tertulliano
717 1947 759 1983 et
780 1939 1008 1989 Lactantio,
1031 1939 1129 1982 dum
1156 1953 1303 1996 parum
1335 1938 1411 1981 sibi
1441 1943 1602 1980 constat
1626 1937 1669 1979 in
1689 1937 1767 1980 hac
1786 1951 1834 1980 re

430 1997 648 2040 tractanda
680 1998 897 2055 Origenes.
958 1998 1115 2041 Verum
1146 2011 1287 2039 omnes
1317 1996 1524 2038 Ecclesiae
1550 1996 1708 2044 Patres,
1730 1994 1835 2037 sicut

433 2055 616 2097 Ecclesia
639 2055 729 2112 ipsa
754 2056 797 2097 in
824 2055 951 2098 sacris
978 2055 1061 2097 suis
1083 2054 1331 2103 Canonibus‚
1353 2053 1548 2095 militibus
1576 2052 1833 2103 Christianis,
1847 2068 1900 2105 30

430 2127 605 2168 quorum
627 2112 786 2155 exstitit
812 2128 987 2171 magnus
1013 2127 1176 2169 semper
1196 2126 1392 2154 numerus
1415 2111 1457 2153 in
1483 2110 1730 2153 exercitibus
1751 2111 1835 2153 Ro-

430 2170 574 2219 mania
596 2185 892 2228 saepenumero
921 2170 1157 2228 injungunt,
1181 2169 1323 2212 sedulo
1352 2183 1400 2212 ac
1431 2168 1538 2211 serio
1568 2167 1644 2210 sibi
1674 2182 1834 2218 cavere,

432 2242 484 2270 no
513 2228 738 2285 quidquam
768 2228 1095 2285 superstitiosum
1125 2233 1267 2284 agant,
1288 2233 1361 2269 aut
1389 2225 1527 2269 munia
1553 2233 1704 2283 gerant
1728 2240 1834 2282 quae

432 2285 628 2342 spurcitie
648 2286 904 2329 idololatriae
924 2285 1202 2342 inquinentur.

493 2343 538 2385 Ρ.
561 2344 662 2401 378.
684 2343 709 2385 l.
734 2346 772 2386 8.
794 2348 862 2385 τοῦ
884 2342 1066 2399 εἰσίεναι]
1089 2343 1258 2385 Habent
1280 2341 1461 2385 Concilia
1484 2344 1553 2383 τοῦ
1577 2341 1630 2393 μὴ
1652 2342 1831 2389 εἰσίεναι,
1847 2353 1898 2393 35

432 2400 504 2443 sed
534 2401 588 2443 ad
618 2415 749 2458 marg.
782 2401 915 2458 posita
944 2406 1007 2443 est
1036 2400 1155 2443 lectio
1185 2403 1255 2442 τοῦ
1285 2399 1464 2448 εἷσίευαι,
1494 2398 1692 2454 additque
1724 2398 1835 2440 Har-

432 2458 593 2507 duinus,
617 2466 626 2482 ⁴
649 2459 816 2502 Rectius
843 2462 912 2501 τοῦ
943 2460 1110 2501 εῑσίεναι
1139 2457 1250 2514 apud
1272 2457 1502 2499 Zonaram:
1564 2455 1695 2498 immo
1722 2455 1834 2512 apud

431 2530 572 2558 omnes
594 2517 806 2559 Canonum
831 2516 1101 2559 Collectiones
1122 2515 1329 2571 librosque
1349 2513 1522 2570 scriptos
1545 2512 1803 2556 Bodleianos.

494 2573 595 2616 lbid.
629 2574 655 2616 l.
678 2588 717 2629 9.
751 2575 886 2626 ἀρκεῖν
921 2574 1093 2629 ἑαυτοῖς]
1137 2573 1275 2630 Vulgo
1310 2572 1454 2622 αὐτοῖς,
1490 2570 1563 2614 sed
1597 2570 1714 2626 jussu
1749 2585 1833 2613 om-

434 2630 544 2673 nium
569 2631 762 2675 Codicum
791 2630 1104 2674 Bodleianorum
1133 2630 1175 2674 id
1203 2629 1372 2678 mutavi,
1394 2628 1471 2672 etsi
1492 2629 1623 2673 αὐτοῖς
1643 2643 1733 2670 cum
1755 2627 1834 2685 spi·
1849 2645 1899 2680 40

435 2688 517 2731 ritu
540 2688 619 2731 loni
648 2703 724 2746 pro
754 2691 907 2733 ἑαυτοῖς
934 2689 974 2731 in
1003 2688 1116 2731 libris
1143 2687 1304 2744 scriptis
1331 2692 1544 2730 auctorum
1571 2685 1835 2743 antiquorum

436 2746 528 2800 poni
551 2746 664 2789 solet.

942 2803 1158 2846 CANON
1203 2802 1325 2844 xm.

497 2869 598 2911 lbid.
644 2871 665 2911 Ι.
712 2885 771 2922 ¹4·
816 2875 883 2912 τοῦ
924 2873 1150 2913 τελευταίου
1199 2871 1260 2912 καὶ
1303 2868 1610 2923 ἀναγκαιοτάτου
1652 2866 1830 2921 ἑφοδίου]
