2034 3204
348 222 646 265 CONCILII
684 219 1291 264 CONSTANTINOPOL.
1327 219 1504 262 Uva.
1569 219 1655 262 389

247 354 321 395 σε,
347 333 425 384 καὶ
448 332 498 383 ἐν
521 336 645 384 πᾶσι
677 334 775 386 τοῖς
812 333 979 384 καλοῖς
1003 326 1338 396 διαπρέποντα,
1367 330 1393 380 ὁ
1420 328 1543 384 Θεὸς
1569 351 1657 397 χα-

247 417 437 484 ρίσαιτο
461 418 520 486 τῇ
547 415 807 484 οἰκουμένῃ,
831 415 990 484 εὐχαῖς
1018 417 1116 466 τῶν
1141 413 1304 480 ἁγίων,
1330 412 1415 465 τὸν
1442 415 1506 469 ὡς
1531 415 1654 479 ἀλη-

191 566 193 569 .
247 505 342 558 θῶς
365 501 718 565 εὐσεβέστατον
742 501 820 553 καὶ
844 498 1220 570 θεοφιλέστατον
1246 497 1477 550 Βασιλέα.

248 644 346 679 rum,
365 635 411 671 ut
434 636 486 680 te,
506 632 572 683 qui
598 645 640 671 re
659 645 750 670 vera
767 632 923 683 pietatis
978 635 1139 680 rentem,
1159 631 1329 683 aspiciat.

211 691 234 730 5
247 686 560 734 mndiOSiSSimus’
590 686 755 737 denique
793 699 923 725 aman'
1033 713 1194 746 Gentiani
1242 713 1386 745 Hei-veti
1418 711 1659 754 Inoerpmtatio

248 739 419 779 tissimus
449 740 667 791 Imperator
694 753 746 789 es,
774 745 924 780 sancto-
1066 757 1109 789 ab
1140 757 1320 789 Harduino
1355 756 1536 798 recognita,
1568 754 1659 797 apud

248 807 335 833 rum
372 794 548 846 precibus
586 795 683 833 bene
720 795 922 842 valentem,
1068 801 1216 832 concilia
1238 801 1318 833 edit.
1338 800 1506 833 Harduin.
1532 803 1611 831 tom.
1632 806 1655 836 1,

249 849 501 900 omnibusque
514 849 717 900 praeclaris
732 849 845 887 rebus
857 849 924 888 flo-
1067 855 1143 886 1³²·ss-
1157 845 1231 885 807-

324 995 451 1050 Τοίδε
476 995 658 1066 ὥρισαν
677 1001 720 1050 οὶ
744 999 793 1050 ἐν
817 1000 1326 1052 Κωνσταντινουπόλει
1352 997 1509 1068 χάριτι
1531 1001 1658 1050 Θεοῦ

190 1110 236 1136 ιο
250 1081 562 1139 συνελθόντες
586 1082 877 1136 Ἐπίσκοποι
913 1084 964 1136 ἐκ
999 1082 1243 1154 διαφόρων
1273 1086 1512 1154 ἐπαρχιῶν
1538 1082 1658 1136 κατὰ

250 1170 429 1234 κλῆσιν
453 1174 539 1221 τοῦ
566 1167 916 1230 εὐσεβεστάτου
943 1169 1196 1226 Βασιλέως
1222 1170 1505 1222 Θεοδοσίου.

309 1302 415 1341 Haec
448 1302 699 1341 decreverunt
731 1316 775 1341 ac
805 1307 926 1342 statu·
982 1303 1196 1342 Theodosio
1257 1303 1428 1354 piissimo
1491 1304 1661 1355 Impera-

253 1361 366 1396 erunt
394 1356 586 1407 Episcopi,
605 1356 671 1408 qui
699 1357 824 1407 gratia
853 1357 926 1396 Dei
981 1362 1076 1396 tore.

254 1424 302 1449 ex
330 1410 489 1449 diversis
514 1411 720 1461 provinciis
739 1411 926 1450 Constan-
1026 1411 1152 1443 concil.
1190 1411 1271 1443 edit.
1303 1412 1417 1444 Labbe
1449 1416 1483 1443 et,
1514 1412 1659 1444 Cossart.

197 1464 415 1516 15tinopoli
448 1470 718 1512 convenerunt,
749 1466 874 1504 vocati
904 1479 927 1504 a
1070 1454 1183 1491 V⁰¹·¹¹’
1199 1465 1362 1497 pag.945.

553 1616 796 1664 TITULI
833 1617 1360 1673 CAPITULORUM,

471 1728 537 1760 Ex
563 1728 746 1761 Ismom
771 1729 1079 1762 MERCA'roms
1101 1730 1438 1763 COLLEGPIONE.

254 1811 286 1853 Ι.
320 1810 639 1853 Custodiendam
671 1825 759 1853 esse
790 1811 913 1854 fidem
943 1811 1114 1853 Patrum
1144 1817 1421 1853 trecentorum
1449 1812 1589 1854 decem
1619 1820 1662 1855 ct

425 1885 529 1922 octo.

190 1971 239 1995 20
254 1948 310 1990 ΙΙ.
344 1948 404 1991 Ut
439 1947 630 2004 Episcopi
665 1962 779 1990 suam
814 1947 1029 1990 dioecesim
1070 1949 1319 2005 gubernent,
1355 1963 1430 1991 nec
1467 1949 1520 1990 ad
1562 1949 1662 1991 alias

426 2015 636 2057 accedant.

255 2083 333 2125 111.
364 2083 461 2125 Non
488 2082 681 2126 invitatos
702 2082 926 2140 Episcopos
947 2084 1058 2126 ultra
1078 2084 1294 2126 dioecesim
1316 2085 1526 2141 propi-iam
1548 2099 1662 2127 acce-

425 2152 526 2194 dere
547 2167 629 2194 non
650 2152 815 2195 debere.

256 2221 330 2263 IV.
363 2221 428 2263 De
459 2220 651 2263 Ecclesiis
683 2220 907 2263 barbaricis
938 2221 1092 2278 positis,
1119 2220 1203 2263 sive
1231 2221 1273 2263 in
1303 2221 1528 2263 barbaricis
1556 2236 1663 2263 com-

193 2310 240 2348 ²5
428 2289 581 2345 positis.

256 2359 306 2400 V.
341 2356 487 2415 [Apud
518 2358 699 2400 Graecos
740 2358 841 2414 111.]
901 2358 967 2400 De
1017 2359 1172 2400 honore
1219 2358 1662 2414 Constantinopolitani

429 2426 633 2483 Episcopi.

255 2496 330 2538 VI.
360 2496 477 2552 [IV.]
515 2496 580 2538 De
602 2495 785 2538 Maximo
807 2494 964 2551 Cynico
987 2494 1249 2551 Philosopho.

256 2564 354 2606 VII.
399 2565 464 2606 De
503 2564 584 2606 fide
626 2563 812 2619 symboli
852 2563 964 2620 apud
1007 2563 1401 2619 Constantinopolim
1439 2563 1660 2606 constituti.

192 2662 243 2698 30
430 2631 581 2691 [Apud
613 2631 819 2674 Isidorum
852 2630 1018 2673 ultimus
1043 2630 1188 2673 Canon
1218 2637 1282 2673 est
1313 2631 1553 2687 Symbolum
1578 2631 1660 2674 ΟΡ.

434 2700 560 2756 Apud
583 2699 766 2742 Graecos
783 2698 926 2740 Canon
943 2698 984 2739 V
1005 2704 1080 2748 est,
1100 2699 1165 2740 De
1186 2704 1296 2740 tomo
1320 2698 1658 2741 Occidentalium.

431 2769 492 2810 VI
534 2768 599 2810 De
639 2766 944 2809 accusatoribus
986 2767 1281 2823 Episcoporum
1323 2767 1659 2810 orthodoxorum.

434 2837 468 2877 V
475 2837 515 2877 II
539 2836 603 2877 De
625 2834 867 2877 admissione
889 2835 1222 2890 haereticorum]
