2034 3204
394 216 482 256 280
903 218 946 260 S.
978 218 1298 260 CYPRIANI

397 324 552 369 tristes
586 324 730 379 eritis,
765 325 851 371 sed
880 327 1076 373 tristitia
1111 333 1260 373 vestra
1298 327 1348 373 in
1382 322 1604 373 laetitiam
1643 327 1802 374 veniet.

397 401 519 454 Quis
544 417 637 447 non
662 401 862 448 tristitia
884 419 1043 449 carere
1066 410 1209 463 optet,
1234 404 1342 464 quis
1365 419 1462 449 non
1485 405 1544 450 ad
1569 404 1802 450 laetitiam

397 479 560 524 venire
593 479 825 525 festinet?
862 481 1067 534 Quando
1101 487 1263 526 autem
1296 481 1348 526 in
1382 481 1616 527 laetitiam
1644 482 1804 528 veniat

398 563 562 600 nostra
584 555 785 601 tristitia
807 556 1046 603 Dominus
1078 559 1234 603 denuo
1257 557 1359 617 ipse
1381 559 1604 612 declarat,
1627 557 1802 613 dicens,

176 681 266 713 Joan
293 681 349 712 xvi
398 629 574 677 Ite-rum
600 630 756 678 videbo
779 648 868 686 vOS,
894 639 936 679 et
958 633 1175 696 ‘qaudebz't
1197 650 1277 681 cor
1299 641 1494 681 vestrum
1518 640 1560 681 et
1576 635 1799 698 yaudz'am
1816 650 1839 689 5

180 734 232 755 22.
270 705 277 712 ”
353 705 359 711 “
398 714 592 756 vestrum
623 726 754 756 nemo
778 710 956 773 defferet
978 728 1006 758 a
1030 712 1166 759 vobis
1225 714 1388 767 Quum
1417 730 1530 777 ergo
1554 715 1803 761 Christum

400 786 560 831 videre
583 789 792 849 gaudere
815 789 891 842 sit,
916 806 1002 835 nec
1026 791 1176 850 possit
1199 807 1300 837 esse
1330 792 1562 854 gaudium
1585 799 1803 838 nostrum

398 863 492 909 nisi
516 880 667 923 quum
692 866 951 913 viderimus
980 867 1245 922 Christum,
1268 885 1391 928 quae
1421 869 1621 915 caecitas
1653 869 1803 915 animi

398 955 580 999 quaeve
614 944 855 990 dementia
884 951 957 990 est
992 960 1152 991 amare
1188 962 1431 1006 pressuras
1463 952 1511 992 et
1546 962 1722 1006 poenas
1755 954 1804 993 et

397 1019 633 1078 lacrymas
657 1021 839 1071 mundi,
864 1028 912 1067 et
935 1038 1030 1068 non
1054 1023 1280 1069 festinare
1302 1023 1463 1083 potius
1487 1025 1546 1069 ad
1570 1024 1803 1085 gaudium
1821 1042 1870 1068 10

396 1097 523 1154 quod
550 1112 798 1157 nunquam
820 1099 972 1159 possit
995 1100 1187 1147 auferri.

178 1227 230 1258 Ex
248 1227 361 1258 infide-
467 1173 553 1220 IV.
594 1174 699 1220 Hoc
732 1183 894 1222 autem
925 1176 996 1233 fit,
1019 1177 1192 1224 fratres
1215 1178 1525 1232 dilectissimi,
1550 1178 1665 1239 quia
1687 1178 1804 1224 fides

176 1270 273 1302 litate
288 1271 328 1302 fit
398 1251 544 1305 deest,
586 1253 702 1312 quia
742 1270 881 1300 nemo
918 1255 1069 1301 credit
1108 1271 1219 1302 vera
1257 1272 1358 1303 esse
1398 1272 1521 1316 quae
1563 1254 1804 1316 promittit

177 1315 368 1390 ξἰζᾛζῗ
398 1326 543 1381 Deus,
569 1327 653 1387 qui
683 1345 826 1375 verax
861 1338 944 1386 est,
969 1333 1107 1393 cujus
1141 1348 1296 1378 sermo
1319 1332 1618 1378 credentibus
1653 1333 1805 1377 aeter-

175 1411 377 1434 aversemur.
397 1420 488 1450 nus
524 1412 572 1451 et
606 1406 772 1453 firmus
807 1415 892 1454 est.
963 1409 1015 1454 Si
1051 1409 1140 1454 tibi
1175 1410 1252 1454 vir
1278 1410 1441 1470 gravis
1473 1416 1521 1455 et
1548 1408 1802 1455 laudabilis
1821 1427 1869 1467 15

397 1482 579 1541 aliquid
615 1485 930 1543 polliceretur,
955 1487 1154 1532 haberes
1182 1486 1350 1547 utique
1379 1486 1621 1547 pollicenti
1645 1485 1803 1540 fidem,

396 1575 480 1605 nec
521 1567 567 1605 te
607 1561 709 1607 falli
747 1570 832 1608 aut
869 1564 1022 1624 decipi
1061 1565 1122 1610 ab
1158 1580 1213 1610 eo
1249 1566 1461 1610 crederes
1498 1579 1642 1624 quem
1676 1570 1804 1610 stare

396 1637 447 1683 in
483 1639 780 1686 sermonibus
815 1647 960 1700 atque
994 1641 1044 1687 in
1082 1642 1267 1688 actibus
1305 1642 1404 1688 suis
1432 1642 1589 1688 scires.
1659 1642 1803 1688 Nunc

397 1715 530 1761 Deus
572 1723 728 1762 tecum
771 1718 995 1778 loquitur,
1035 1726 1082 1764 et
1122 1726 1176 1765 tu
1213 1727 1372 1765 mente
1410 1719 1654 1766 incredula
1698 1736 1803 1780 per-

398 1791 521 1839 fidus
553 1793 794 1841 fluctuas?
846 1795 976 1842 Deus
1014 1797 1103 1842 tibi
1138 1798 1196 1842 de
1233 1798 1322 1843 hoc
1352 1798 1533 1843 mundo
1567 1797 1803 1843 recedenti
1820 1822 1870 1848 20

399 1869 809 1918 immortalitatem
846 1879 990 1933 atque
1018 1874 1349 1920 aeternitatem
1381 1874 1644 1934 pollicetur,
1674 1881 1722 1921 et
1750 1881 1805 1922 tu

397 1948 628 1994 dubitas?
670 1948 776 1996 Hoc
800 1956 872 1996 est
900 1950 1058 1997 Deum
1083 1952 1278 1997 omnino
1307 1967 1402 1997 non
1438 1967 1590 2006 nosse,
1616 1953 1704 1998 hoc
1733 1959 1805 1998 est

398 2024 650 2071 Christum
685 2027 978 2074 credentium
1017 2030 1302 2091 magistrum
1337 2036 1528 2089 peccato
1551 2029 1806 2076 inereduli-

399 2102 513 2148 tatis
538 2103 787 2158 offendere,
815 2105 901 2151 hoc
924 2113 994 2152 est
1020 2106 1070 2152 in
1097 2106 1312 2152 Ecclesia
1334 2107 1643 2153 constitutam
1663 2105 1804 2153 fidem

398 2180 447 2225 in
472 2181 614 2226 domo
638 2180 745 2227 fidei
773 2197 866 2228 non
893 2183 1078 2229 habere.
1144 2183 1392 2237 Quantum
1416 2184 1569 2244 prosit
1592 2184 1721 2230 exire
1745 2185 1804 2230 de
1819 2207 1868 2246 25

397 2260 584 2304 saeculo
608 2259 831 2305 Christus
856 2260 957 2319 ipse
985 2261 1153 2307 salutis
1185 2269 1329 2321 atque
1364 2261 1588 2308 utilitatis
1613 2269 1804 2308 nostrae

397 2335 628 2396 magister
658 2336 880 2390 ostendit,
915 2337 999 2396 qui
1032 2353 1182 2397 quum
1214 2338 1434 2398 discipuli
1470 2339 1573 2400 ejus
1604 2339 1805 2386 contris-

398 2419 618 2459 tarentur
650 2415 775 2473 quod
819 2430 868 2460 se
909 2415 1012 2475 jam
1050 2415 1227 2461 diceret
1269 2431 1578 2469 recessurum,
1617 2418 1802 2463 locutus

322 2548 328 2555 ⁴
398 2498 470 2536 est
504 2492 561 2537 ad
596 2507 675 2537 eos
706 2493 882 2545 (licens,
910 2490 970 2539 Si
1003 2508 1072 2538 me
1103 2491 1392 2547 damas-setis,
1417 2492 1682 2557 ‚qauderetis
1714 2494 1804 2540 uti·

177 2548 277 2625 ‘gffn’
299 2558 362 2579 ω’
399 2584 495 2630 que,
519 2570 735 2630 qnoniam
772 2568 891 2615 rado
919 2568 982 2615 ad
1011 2569 1230 2621 Patrem:
1265 2572 1436 2617 docens
1464 2579 1511 2618 et
1534 2573 1801 2626 osteudenS,
1816 2598 1868 2635 30

398 2662 547 2706 quum
583 2647 678 2693 cari
716 2663 835 2707 quos
869 2648 1117 2710 diligimus
1154 2650 1213 2694 (le
1242 2650 1428 2695 saeculo
1461 2657 1652 2705 exeunt,
1683 2665 1802 2712 gau-

397 2724 604 2770 dendum
632 2724 790 2784 potius
814 2741 958 2785 quam
988 2726 1258 2772 dolendum.
1330 2726 1485 2787 Cujus
1521 2725 1587 2772 rei
1624 2742 1803 2772 memor

400 2800 564 2846 beatus
604 2802 866 2860 Apostolus
910 2803 1086 2849 Paulus
1136 2803 1182 2849 iu
1222 2803 1421 2863 epistola
1459 2819 1544 2849 sua
1582 2803 1714 2862 ponit
1754 2812 1801 2849 et
