<?xml version="1.0" encoding="UTF-8"?>
<!DOCTYPE html PUBLIC "-//W3C//DTD XHTML 1.0 Transitional//EN"
    "http://www.w3.org/TR/xhtml1/DTD/xhtml1-transitional.dtd">
<html xmlns="http://www.w3.org/1999/xhtml" xml:lang="en" lang="en">
 <head>
  <title>
</title>
<meta http-equiv="Content-Type" content="text/html;charset=utf-8" />
  <meta name='ocr-system' content='tesseract 3.04.00' />
  <meta name='ocr-capabilities' content='ocr_page ocr_carea ocr_par ocr_line ocrx_word'/>
</head>
<body>
  <div class='ocr_page' id='page_1' title='image "./scriptorumeccles01rout_0391.png"; bbox 0 0 2034 3204; ppageno 0'>
   <div class='ocr_carea' id='block_1_1' title="bbox 397 214 1498 265">
    <p class='ocr_par' dir='ltr' id='par_1_1' title="bbox 397 214 1498 265">
     <span class='ocr_line' id='line_1_1' title="bbox 397 214 1498 265; baseline 0.008 -9"><span class='ocrx_word' id='word_1_1' title='bbox 397 214 673 258; x_wconf 85' lang='lat' dir='ltr'><strong>NICAENI</strong></span> <span class='ocrx_word' id='word_1_2' title='bbox 709 215 1005 259; x_wconf 87' lang='lat' dir='ltr'><strong>CONCILII</strong></span> <span class='ocrx_word' id='word_1_3' title='bbox 1042 216 1498 265; x_wconf 84' lang='lat' dir='ltr'><strong>UNIVERSALIS.</strong></span> 
     </span>
    </p>
   </div>
   <div class='ocr_carea' id='block_1_2' title="bbox 1578 223 1664 267">
    <p class='ocr_par' dir='ltr' id='par_1_2' title="bbox 1578 223 1664 267">
     <span class='ocr_line' id='line_1_2' title="bbox 1578 223 1664 267; baseline 0.012 -2"><span class='ocrx_word' id='word_1_4' title='bbox 1578 223 1664 267; x_wconf 82' lang='lat'><strong>375</strong></span> 
     </span>
    </p>
   </div>
   <div class='ocr_carea' id='block_1_3' title="bbox 763 373 1146 424">
    <p class='ocr_par' dir='ltr' id='par_1_3' title="bbox 763 373 1146 424">
     <span class='ocr_line' id='line_1_3' title="bbox 763 373 1146 424; baseline 0.005 -2"><span class='ocrx_word' id='word_1_5' title='bbox 763 373 1038 424; x_wconf 90' lang='grc' dir='ltr'><strong>ΚΑΝΩΝ</strong></span> <span class='ocrx_word' id='word_1_6' title='bbox 1080 374 1146 424; x_wconf 90' lang='grc' dir='ltr'><strong>Η.</strong></span> 
     </span>
    </p>
   </div>
   <div class='ocr_carea' id='block_1_4' title="bbox 219 475 1659 807">
    <p class='ocr_par' dir='ltr' id='par_1_4' title="bbox 255 475 1659 721">
     <span class='ocr_line' id='line_1_4' title="bbox 333 475 1658 549; baseline 0.005 -22"><span class='ocrx_word' id='word_1_7' title='bbox 333 477 452 544; x_wconf 86' lang='grc' dir='ltr'>Περὶ</span> <span class='ocrx_word' id='word_1_8' title='bbox 470 480 567 528; x_wconf 83' lang='grc' dir='ltr'><strong>τῶν</strong></span> <span class='ocrx_word' id='word_1_9' title='bbox 585 475 912 543; x_wconf 76' lang='grc' dir='ltr'>ὀνομαζόντων</span> <span class='ocrx_word' id='word_1_10' title='bbox 929 476 1018 544; x_wconf 77' lang='grc' dir='ltr'><strong>μὲν</strong></span> <span class='ocrx_word' id='word_1_11' title='bbox 1034 477 1228 535; x_wconf 75' lang='grc' dir='ltr'>ἑαυτοὺς</span> <span class='ocrx_word' id='word_1_12' title='bbox 1255 480 1509 549; x_wconf 81' lang='grc' dir='ltr'>Καθαρούς</span> <span class='ocrx_word' id='word_1_13' title='bbox 1529 504 1658 547; x_wconf 87' lang='grc' dir='ltr'>ποτε,</span> 
     </span>
     <span class='ocr_line' id='line_1_5' title="bbox 255 560 1655 635; baseline 0.005 -23"><span class='ocrx_word' id='word_1_14' title='bbox 255 561 652 632; x_wconf 80' lang='grc' dir='ltr'>προσερχομένων</span> <span class='ocrx_word' id='word_1_15' title='bbox 678 560 727 614; x_wconf 77' lang='grc' dir='ltr'><strong>δὲ</strong></span> <span class='ocrx_word' id='word_1_16' title='bbox 755 567 815 633; x_wconf 87' lang='grc' dir='ltr'><strong>τῇ</strong></span> <span class='ocrx_word' id='word_1_17' title='bbox 852 565 1084 633; x_wconf 84' lang='grc' dir='ltr'>καθολικῇ</span> <span class='ocrx_word' id='word_1_18' title='bbox 1110 566 1187 616; x_wconf 83' lang='grc' dir='ltr'><strong>καὶ</strong></span> <span class='ocrx_word' id='word_1_19' title='bbox 1212 565 1515 635; x_wconf 82' lang='grc' dir='ltr'>ἀποστολικῇ</span> <span class='ocrx_word' id='word_1_20' title='bbox 1541 566 1655 619; x_wconf 80' lang='grc' dir='ltr'><strong>Ἐκ-</strong></span> 
     </span>
     <span class='ocr_line' id='line_1_6' title="bbox 255 644 1659 721; baseline 0.006 -26"><span class='ocrx_word' id='word_1_21' title='bbox 255 645 455 715; x_wconf 75' lang='grc' dir='ltr'>κλησίᾳ,</span> <span class='ocrx_word' id='word_1_22' title='bbox 499 644 633 714; x_wconf 76' lang='grc' dir='ltr'>ἔδοξε</span> <span class='ocrx_word' id='word_1_23' title='bbox 671 647 732 716; x_wconf 82' lang='grc' dir='ltr'><strong>τῇ</strong></span> <span class='ocrx_word' id='word_1_24' title='bbox 771 647 885 717; x_wconf 80' lang='grc' dir='ltr'>ἁγίᾳ</span> <span class='ocrx_word' id='word_1_25' title='bbox 926 649 1005 700; x_wconf 86' lang='grc' dir='ltr'><strong>καὶ</strong></span> <span class='ocrx_word' id='word_1_26' title='bbox 1043 645 1234 718; x_wconf 78' lang='grc' dir='ltr'>μεγάλῃ</span> <span class='ocrx_word' id='word_1_27' title='bbox 1277 646 1491 721; x_wconf 76' lang='grc' dir='ltr'>Συνόδῳ,</span> <span class='ocrx_word' id='word_1_28' title='bbox 1531 648 1659 704; x_wconf 79' lang='grc' dir='ltr'>ὥστε</span> 
     </span>
    </p>

    <p class='ocr_par' dir='ltr' id='par_1_5' title="bbox 219 729 1652 807">
     <span class='ocr_line' id='line_1_7' title="bbox 219 729 1652 807; baseline 0.006 -27"><span class='ocrx_word' id='word_1_29' title='bbox 219 755 242 794; x_wconf 91' lang='lat'>5</span> <span class='ocrx_word' id='word_1_30' title='bbox 255 730 687 798; x_wconf 79' lang='grc' dir='ltr'>χειροθετουμένους</span> <span class='ocrx_word' id='word_1_31' title='bbox 723 729 893 787; x_wconf 75' lang='grc' dir='ltr'>αὐτοὺς</span> <span class='ocrx_word' id='word_1_32' title='bbox 925 731 1079 797; x_wconf 78' lang='grc' dir='ltr'>μένειν</span> <span class='ocrx_word' id='word_1_33' title='bbox 1110 734 1257 789; x_wconf 81' lang='grc' dir='ltr'>οὕτως</span> <span class='ocrx_word' id='word_1_34' title='bbox 1289 734 1339 785; x_wconf 84' lang='grc' dir='ltr'><strong>ἐν</strong></span> <span class='ocrx_word' id='word_1_35' title='bbox 1370 738 1440 804; x_wconf 77' lang='grc' dir='ltr'><strong>τῷ</strong></span> <span class='ocrx_word' id='word_1_36' title='bbox 1471 733 1652 807; x_wconf 75' lang='grc' dir='ltr'>κλήρῳ.</span> 
     </span>
    </p>
   </div>
   <div class='ocr_carea' id='block_1_5' title="bbox 258 813 1660 891">
    <p class='ocr_par' dir='ltr' id='par_1_6' title="bbox 258 813 1660 891">
     <span class='ocr_line' id='line_1_8' title="bbox 258 813 1660 891; baseline 0.007 -24"><span class='ocrx_word' id='word_1_37' title='bbox 258 813 367 883; x_wconf 84' lang='grc' dir='ltr'><strong>Πρὸ</strong></span> <span class='ocrx_word' id='word_1_38' title='bbox 391 814 585 869; x_wconf 81' lang='grc' dir='ltr'>πάντων</span> <span class='ocrx_word' id='word_1_39' title='bbox 610 816 660 869; x_wconf 82' lang='grc' dir='ltr'><strong>δὲ</strong></span> <span class='ocrx_word' id='word_1_40' title='bbox 693 822 834 870; x_wconf 86' lang='grc' dir='ltr'>τοῦτο</span> <span class='ocrx_word' id='word_1_41' title='bbox 868 819 1173 884; x_wconf 87' lang='grc' dir='ltr'>ὁμολογῆσαι</span> <span class='ocrx_word' id='word_1_42' title='bbox 1197 817 1367 875; x_wconf 80' lang='grc' dir='ltr'>αὐτοὺς</span> <span class='ocrx_word' id='word_1_43' title='bbox 1402 820 1660 891; x_wconf 77' lang='grc' dir='ltr'>ε’γγραφως</span> 
     </span>
    </p>
   </div>
   <div class='ocr_carea' id='block_1_6' title="bbox 253 900 1661 1148">
    <p class='ocr_par' dir='ltr' id='par_1_7' title="bbox 253 900 1661 1148">
     <span class='ocr_line' id='line_1_9' title="bbox 253 900 1661 970; baseline 0.004 -17"><span class='ocrx_word' id='word_1_44' title='bbox 253 900 499 968; x_wconf 87' lang='grc' dir='ltr'>προσήκει,</span> <span class='ocrx_word' id='word_1_45' title='bbox 539 901 610 955; x_wconf 81' lang='grc' dir='ltr'>ὅτι</span> <span class='ocrx_word' id='word_1_46' title='bbox 647 900 974 968; x_wconf 87' lang='grc' dir='ltr'>συνθήσονται</span> <span class='ocrx_word' id='word_1_47' title='bbox 1018 905 1095 956; x_wconf 85' lang='grc' dir='ltr'><strong>καὶ</strong></span> <span class='ocrx_word' id='word_1_48' title='bbox 1133 903 1524 970; x_wconf 83' lang='grc' dir='ltr'>ἀκολουθήσουσι</span> <span class='ocrx_word' id='word_1_49' title='bbox 1561 911 1661 963; x_wconf 78' lang='grc' dir='ltr'>τοῖς</span> 
     </span>
     <span class='ocr_line' id='line_1_10' title="bbox 253 988 1656 1058; baseline 0.004 -20"><span class='ocrx_word' id='word_1_50' title='bbox 253 989 338 1052; x_wconf 81' lang='grc' dir='ltr'><strong>τῆς</strong></span> <span class='ocrx_word' id='word_1_51' title='bbox 363 989 620 1053; x_wconf 80' lang='grc' dir='ltr'>καθολικῆς</span> <span class='ocrx_word' id='word_1_52' title='bbox 651 990 730 1040; x_wconf 87' lang='grc' dir='ltr'><strong>καὶ</strong></span> <span class='ocrx_word' id='word_1_53' title='bbox 754 988 1082 1054; x_wconf 80' lang='grc' dir='ltr'>ἀποστολικῆς</span> <span class='ocrx_word' id='word_1_54' title='bbox 1105 989 1403 1055; x_wconf 77' lang='grc' dir='ltr'>Ἐκκλησίας</span> <span class='ocrx_word' id='word_1_55' title='bbox 1429 989 1656 1058; x_wconf 87' lang='grc' dir='ltr'>δόγμασι·</span> 
     </span>
     <span class='ocr_line' id='line_1_11' title="bbox 253 1069 1659 1148; baseline 0.004 -25"><span class='ocrx_word' id='word_1_56' title='bbox 253 1071 378 1124; x_wconf 86' lang='grc' dir='ltr'>τοῦτ’</span> <span class='ocrx_word' id='word_1_57' title='bbox 417 1070 539 1136; x_wconf 78' lang='grc' dir='ltr'>ἔστι,</span> <span class='ocrx_word' id='word_1_58' title='bbox 587 1073 664 1124; x_wconf 86' lang='grc' dir='ltr'><strong>καὶ</strong></span> <span class='ocrx_word' id='word_1_59' title='bbox 705 1069 920 1138; x_wconf 77' lang='grc' dir='ltr'>διγάμοις</span> <span class='ocrx_word' id='word_1_60' title='bbox 963 1077 1215 1138; x_wconf 85' lang='grc' dir='ltr'>κοινωνεῖν,</span> <span class='ocrx_word' id='word_1_61' title='bbox 1256 1075 1333 1125; x_wconf 82' lang='grc' dir='ltr'><strong>καὶ</strong></span> <span class='ocrx_word' id='word_1_62' title='bbox 1371 1079 1468 1131; x_wconf 79' lang='grc' dir='ltr'>τοῖς</span> <span class='ocrx_word' id='word_1_63' title='bbox 1504 1078 1554 1128; x_wconf 87' lang='grc' dir='ltr'><strong>ἐν</strong></span> <span class='ocrx_word' id='word_1_64' title='bbox 1590 1083 1659 1148; x_wconf 79' lang='grc' dir='ltr'><strong>τῷ</strong></span> 
     </span>
    </p>
   </div>
   <div class='ocr_carea' id='block_1_7' title="bbox 193 1155 1659 1312">
    <p class='ocr_par' dir='ltr' id='par_1_8' title="bbox 193 1155 1659 1312">
     <span class='ocr_line' id='line_1_12' title="bbox 193 1155 1659 1229; baseline 0.005 -22"><span class='ocrx_word' id='word_1_65' title='bbox 193 1182 242 1208; x_wconf 92' lang='lat'><strong>10</strong></span> <span class='ocrx_word' id='word_1_66' title='bbox 255 1158 448 1228; x_wconf 76' lang='grc' dir='ltr'>διωγμῷ</span> <span class='ocrx_word' id='word_1_67' title='bbox 484 1156 936 1226; x_wconf 88' lang='grc' dir='ltr'>παραπεπτωκόσιν,</span> <span class='ocrx_word' id='word_1_68' title='bbox 964 1157 1039 1229; x_wconf 82' lang='grc' dir='ltr'><strong>ἐφ’</strong></span> <span class='ocrx_word' id='word_1_69' title='bbox 1067 1155 1135 1210; x_wconf 82' lang='grc' dir='ltr'><strong>ὧν</strong></span> <span class='ocrx_word' id='word_1_70' title='bbox 1172 1161 1248 1212; x_wconf 81' lang='grc' dir='ltr'><strong>καὶ</strong></span> <span class='ocrx_word' id='word_1_71' title='bbox 1286 1158 1458 1229; x_wconf 78' lang='grc' dir='ltr'>χρόνος</span> <span class='ocrx_word' id='word_1_72' title='bbox 1493 1161 1659 1215; x_wconf 82' lang='grc' dir='ltr'>τέτακ-</span> 
     </span>
     <span class='ocr_line' id='line_1_13' title="bbox 253 1240 1659 1312; baseline 0.004 -18"><span class='ocrx_word' id='word_1_73' title='bbox 253 1265 347 1307; x_wconf 88' lang='grc' dir='ltr'>ται,</span> <span class='ocrx_word' id='word_1_74' title='bbox 375 1244 452 1295; x_wconf 85' lang='grc' dir='ltr'><strong>καὶ</strong></span> <span class='ocrx_word' id='word_1_75' title='bbox 485 1242 646 1312; x_wconf 80' lang='grc' dir='ltr'>καιρὸς</span> <span class='ocrx_word' id='word_1_76' title='bbox 678 1240 895 1311; x_wconf 80' lang='grc' dir='ltr'>ὥρισται,</span> <span class='ocrx_word' id='word_1_77' title='bbox 924 1241 1051 1296; x_wconf 78' lang='grc' dir='ltr'>ὥστε</span> <span class='ocrx_word' id='word_1_78' title='bbox 1079 1242 1250 1300; x_wconf 77' lang='grc' dir='ltr'>αὐτοὺς</span> <span class='ocrx_word' id='word_1_79' title='bbox 1287 1246 1582 1311; x_wconf 85' lang='grc' dir='ltr'>ἀκολουθεῖν,</span> <span class='ocrx_word' id='word_1_80' title='bbox 1610 1249 1659 1300; x_wconf 87' lang='grc' dir='ltr'><strong>ἐν</strong></span> 
     </span>
    </p>
   </div>
   <div class='ocr_carea' id='block_1_8' title="bbox 253 1327 1659 1396">
    <p class='ocr_par' dir='ltr' id='par_1_9' title="bbox 253 1327 1659 1396">
     <span class='ocr_line' id='line_1_14' title="bbox 253 1327 1659 1396; baseline 0.004 -16"><span class='ocrx_word' id='word_1_81' title='bbox 253 1332 393 1392; x_wconf 84' lang='grc' dir='ltr'>πᾶσι,</span> <span class='ocrx_word' id='word_1_82' title='bbox 415 1333 514 1384; x_wconf 78' lang='grc' dir='ltr'>τοῖς</span> <span class='ocrx_word' id='word_1_83' title='bbox 531 1327 743 1396; x_wconf 90' lang='grc' dir='ltr'>δόγμασι</span> <span class='ocrx_word' id='word_1_84' title='bbox 766 1329 851 1393; x_wconf 78' lang='grc' dir='ltr'><strong>τῆς</strong></span> <span class='ocrx_word' id='word_1_85' title='bbox 875 1331 1133 1394; x_wconf 75' lang='grc' dir='ltr'>καθολικῆς</span> <span class='ocrx_word' id='word_1_86' title='bbox 1149 1328 1462 1396; x_wconf 82' lang='grc' dir='ltr'>Ἐκκλησίας.</span> <span class='ocrx_word' id='word_1_87' title='bbox 1499 1329 1659 1385; x_wconf 89' lang='grc' dir='ltr'>Ἔνθα</span> 
     </span>
    </p>
   </div>
   <div class='ocr_carea' id='block_1_9' title="bbox 251 1412 1660 1569">
    <p class='ocr_par' dir='ltr' id='par_1_10' title="bbox 251 1412 1660 1569">
     <span class='ocr_line' id='line_1_15' title="bbox 252 1412 1660 1487; baseline 0.003 -21"><span class='ocrx_word' id='word_1_88' title='bbox 252 1412 339 1479; x_wconf 75' lang='grc' dir='ltr'><strong>μὲν</strong></span> <span class='ocrx_word' id='word_1_89' title='bbox 364 1414 447 1466; x_wconf 78' lang='grc' dir='ltr'><strong>οὖν</strong></span> <span class='ocrx_word' id='word_1_90' title='bbox 471 1413 660 1477; x_wconf 82' lang='grc' dir='ltr'>πάντες,</span> <span class='ocrx_word' id='word_1_91' title='bbox 695 1413 816 1487; x_wconf 78' lang='lat' dir='ltr'><strong>[fors.</strong></span> <span class='ocrx_word' id='word_1_92' title='bbox 841 1412 1028 1486; x_wconf 80' lang='grc' dir='ltr'>πάντη]</span> <span class='ocrx_word' id='word_1_93' title='bbox 1059 1413 1146 1467; x_wconf 80' lang='grc' dir='ltr'>εἴτε</span> <span class='ocrx_word' id='word_1_94' title='bbox 1181 1416 1231 1466; x_wconf 84' lang='grc' dir='ltr'><strong>ἐν</strong></span> <span class='ocrx_word' id='word_1_95' title='bbox 1263 1414 1459 1481; x_wconf 75' lang='grc' dir='ltr'>κώμαις,</span> <span class='ocrx_word' id='word_1_96' title='bbox 1486 1417 1574 1470; x_wconf 80' lang='grc' dir='ltr'>εἴτε</span> <span class='ocrx_word' id='word_1_97' title='bbox 1609 1419 1660 1470; x_wconf 83' lang='grc' dir='ltr'><strong>ἐν</strong></span> 
     </span>
     <span class='ocr_line' id='line_1_16' title="bbox 251 1498 1658 1569; baseline 0.004 -18"><span class='ocrx_word' id='word_1_98' title='bbox 251 1498 455 1551; x_wconf 88' lang='grc' dir='ltr'>πόλεσιν</span> <span class='ocrx_word' id='word_1_99' title='bbox 493 1501 627 1552; x_wconf 83' lang='grc' dir='ltr'>αὐτοὶ</span> <span class='ocrx_word' id='word_1_100' title='bbox 662 1499 798 1566; x_wconf 91' lang='grc' dir='ltr'>μόνοι</span> <span class='ocrx_word' id='word_1_101' title='bbox 835 1499 1128 1568; x_wconf 85' lang='grc' dir='ltr'>εὑρίσκοιντο</span> <span class='ocrx_word' id='word_1_102' title='bbox 1163 1501 1581 1569; x_wconf 78' lang='grc' dir='ltr'>χειροτονηθέντες,</span> <span class='ocrx_word' id='word_1_103' title='bbox 1615 1507 1658 1556; x_wconf 85' lang='grc' dir='ltr'><strong>οἱ</strong></span> 
     </span>
    </p>
   </div>
   <div class='ocr_carea' id='block_1_10' title="bbox 191 1582 1688 1993">
    <p class='ocr_par' dir='ltr' id='par_1_11' title="bbox 191 1582 1688 1993">
     <span class='ocr_line' id='line_1_17' title="bbox 191 1582 1655 1658; baseline 0.003 -24"><span class='ocrx_word' id='word_1_104' title='bbox 191 1603 238 1644; x_wconf 90' lang='lat'><strong>15</strong></span> <span class='ocrx_word' id='word_1_105' title='bbox 249 1583 588 1652; x_wconf 84' lang='grc' dir='ltr'>εὑρισκόμενοι,</span> <span class='ocrx_word' id='word_1_106' title='bbox 616 1587 667 1638; x_wconf 84' lang='grc' dir='ltr'><strong>ἐν</strong></span> <span class='ocrx_word' id='word_1_107' title='bbox 691 1588 760 1656; x_wconf 76' lang='grc' dir='ltr'><strong>τῷ</strong></span> <span class='ocrx_word' id='word_1_108' title='bbox 784 1583 950 1655; x_wconf 78' lang='grc' dir='ltr'>κλήρῳ</span> <span class='ocrx_word' id='word_1_109' title='bbox 973 1582 1166 1636; x_wconf 77' lang='grc' dir='ltr'>ἔσονται</span> <span class='ocrx_word' id='word_1_110' title='bbox 1200 1586 1251 1636; x_wconf 86' lang='grc' dir='ltr'><strong>ἐν</strong></span> <span class='ocrx_word' id='word_1_111' title='bbox 1274 1588 1342 1655; x_wconf 77' lang='grc' dir='ltr'><strong>τῷ</strong></span> <span class='ocrx_word' id='word_1_112' title='bbox 1373 1587 1502 1658; x_wconf 76' lang='grc' dir='ltr'>αὐτῷ</span> <span class='ocrx_word' id='word_1_113' title='bbox 1527 1588 1655 1658; x_wconf 91' lang='grc' dir='ltr'>σχή-</span> 
     </span>
     <span class='ocr_line' id='line_1_18' title="bbox 249 1668 1659 1735; baseline 0.005 -16"><span class='ocrx_word' id='word_1_114' title='bbox 249 1687 379 1733; x_wconf 90' lang='grc' dir='ltr'>ματι·</span> <span class='ocrx_word' id='word_1_115' title='bbox 414 1671 452 1719; x_wconf 82' lang='grc' dir='ltr'><strong>εὶ</strong></span> <span class='ocrx_word' id='word_1_116' title='bbox 478 1668 528 1722; x_wconf 81' lang='grc' dir='ltr'><strong>δὲ</strong></span> <span class='ocrx_word' id='word_1_117' title='bbox 545 1675 631 1722; x_wconf 84' lang='grc' dir='ltr'><strong>τοῦ</strong></span> <span class='ocrx_word' id='word_1_118' title='bbox 654 1672 740 1735; x_wconf 79' lang='grc' dir='ltr'><strong>τῆς</strong></span> <span class='ocrx_word' id='word_1_119' title='bbox 764 1671 1022 1734; x_wconf 80' lang='grc' dir='ltr'>καθολικῆς</span> <span class='ocrx_word' id='word_1_120' title='bbox 1038 1669 1336 1734; x_wconf 78' lang='grc' dir='ltr'>Ἐκκλησίας</span> <span class='ocrx_word' id='word_1_121' title='bbox 1355 1670 1659 1726; x_wconf 89' lang='grc' dir='ltr'>Ἐπισκόπου</span> 
     </span>
     <span class='ocr_line' id='line_1_19' title="bbox 250 1749 1688 1822; baseline 0.002 -16"><span class='ocrx_word' id='word_1_122' title='bbox 250 1749 281 1817; x_wconf 82' lang='grc' dir='ltr'>ἢ</span> <span class='ocrx_word' id='word_1_123' title='bbox 310 1753 655 1822; x_wconf 80' lang='grc' dir='ltr'>Πρεσβυτέρου</span> <span class='ocrx_word' id='word_1_124' title='bbox 678 1754 815 1810; x_wconf 75' lang='grc' dir='ltr'>ὄντος</span> <span class='ocrx_word' id='word_1_125' title='bbox 843 1752 1197 1822; x_wconf 82' lang='grc' dir='ltr'>προσέρχονταί</span> <span class='ocrx_word' id='word_1_126' title='bbox 1223 1775 1360 1818; x_wconf 79' lang='grc' dir='ltr'>τινες,</span> <span class='ocrx_word' id='word_1_127' title='bbox 1388 1753 1655 1822; x_wconf 85' lang='grc' dir='ltr'>πρόδηλον,</span> <span class='ocrx_word' id='word_1_128' title='bbox 1678 1759 1688 1767; x_wconf 76' lang='lat'><em>&#39;</em></span> 
     </span>
     <span class='ocr_line' id='line_1_20' title="bbox 253 1836 1660 1908; baseline 0.004 -20"><span class='ocrx_word' id='word_1_129' title='bbox 253 1838 318 1892; x_wconf 78' lang='grc' dir='ltr'><strong>ὡς</strong></span> <span class='ocrx_word' id='word_1_130' title='bbox 339 1839 366 1890; x_wconf 87' lang='grc' dir='ltr'><strong>ὁ</strong></span> <span class='ocrx_word' id='word_1_131' title='bbox 389 1837 477 1904; x_wconf 77' lang='grc' dir='ltr'><strong>μὲν</strong></span> <span class='ocrx_word' id='word_1_132' title='bbox 499 1839 800 1895; x_wconf 82' lang='grc' dir='ltr'>Ἐπίσκοπος</span> <span class='ocrx_word' id='word_1_133' title='bbox 834 1841 920 1904; x_wconf 77' lang='grc' dir='ltr'><strong>τῆς</strong></span> <span class='ocrx_word' id='word_1_134' title='bbox 941 1838 1241 1904; x_wconf 76' lang='grc' dir='ltr'>Ἐκκλησίας</span> <span class='ocrx_word' id='word_1_135' title='bbox 1269 1836 1363 1907; x_wconf 78' lang='grc' dir='ltr'>ἕξει</span> <span class='ocrx_word' id='word_1_136' title='bbox 1388 1837 1444 1892; x_wconf 83' lang='grc' dir='ltr'><strong>τὸ</strong></span> <span class='ocrx_word' id='word_1_137' title='bbox 1470 1838 1660 1908; x_wconf 82' lang='grc' dir='ltr'>ἀξίωμα</span> 
     </span>
     <span class='ocr_line' id='line_1_21' title="bbox 252 1921 1656 1993; baseline 0.004 -19"><span class='ocrx_word' id='word_1_138' title='bbox 252 1927 337 1974; x_wconf 88' lang='grc' dir='ltr'><strong>τοῦ</strong></span> <span class='ocrx_word' id='word_1_139' title='bbox 365 1921 685 1977; x_wconf 87' lang='grc' dir='ltr'>Ἐπισκόπου·</span> <span class='ocrx_word' id='word_1_140' title='bbox 727 1926 753 1977; x_wconf 85' lang='grc' dir='ltr'>ὁ</span> <span class='ocrx_word' id='word_1_141' title='bbox 779 1922 827 1976; x_wconf 81' lang='grc' dir='ltr'><strong>δὲ</strong></span> <span class='ocrx_word' id='word_1_142' title='bbox 853 1921 1194 1990; x_wconf 65' lang='grc' dir='ltr'>ὀνομαζόμενος</span> <span class='ocrx_word' id='word_1_143' title='bbox 1230 1923 1362 1992; x_wconf 86' lang='grc' dir='ltr'>παρὰ</span> <span class='ocrx_word' id='word_1_144' title='bbox 1389 1928 1488 1980; x_wconf 77' lang='grc' dir='ltr'>τοῖς</span> <span class='ocrx_word' id='word_1_145' title='bbox 1513 1931 1656 1993; x_wconf 89' lang='grc' dir='ltr'>λεγο-</span> 
     </span>
    </p>
   </div>
   <div class='ocr_carea' id='block_1_11' title="bbox 418 2111 760 2152">
    <p class='ocr_par' dir='ltr' id='par_1_12' title="bbox 418 2111 760 2152">
     <span class='ocr_line' id='line_1_22' title="bbox 418 2111 760 2152; baseline 0.003 -1"><span class='ocrx_word' id='word_1_146' title='bbox 418 2111 531 2152; x_wconf 81' lang='lat' dir='ltr'><strong>CAN</strong></span> <span class='ocrx_word' id='word_1_147' title='bbox 534 2113 610 2152; x_wconf 86' lang='grc' dir='ltr'><strong>ΟΝ</strong></span> <span class='ocrx_word' id='word_1_148' title='bbox 642 2113 760 2152; x_wconf 91' lang='lat' dir='ltr'><strong>VIII.</strong></span> 
     </span>
    </p>
   </div>
   <div class='ocr_carea' id='block_1_12' title="bbox 249 2183 928 2887">
    <p class='ocr_par' dir='ltr' id='par_1_13' title="bbox 249 2183 928 2887">
     <span class='ocr_line' id='line_1_23' title="bbox 307 2183 927 2238; baseline 0.006 -16"><span class='ocrx_word' id='word_1_149' title='bbox 307 2184 367 2223; x_wconf 93' lang='lat' dir='ltr'><strong>De</strong></span> <span class='ocrx_word' id='word_1_150' title='bbox 396 2183 467 2233; x_wconf 87' lang='lat' dir='ltr'><strong>his,</strong></span> <span class='ocrx_word' id='word_1_151' title='bbox 495 2185 562 2236; x_wconf 86' lang='lat' dir='ltr'><strong>qui</strong></span> <span class='ocrx_word' id='word_1_152' title='bbox 590 2198 631 2224; x_wconf 92' lang='lat' dir='ltr'><strong>se</strong></span> <span class='ocrx_word' id='word_1_153' title='bbox 655 2186 927 2238; x_wconf 74' lang='lat' dir='ltr'>cognominant</span> 
     </span>
     <span class='ocr_line' id='line_1_24' title="bbox 252 2237 927 2289; baseline 0.004 -13"><span class='ocrx_word' id='word_1_154' title='bbox 252 2237 450 2287; x_wconf 77' lang='lat' dir='ltr'><strong>catharos,</strong></span> <span class='ocrx_word' id='word_1_155' title='bbox 468 2238 510 2277; x_wconf 92' lang='lat' dir='ltr'><strong>id</strong></span> <span class='ocrx_word' id='word_1_156' title='bbox 529 2243 587 2278; x_wconf 84' lang='lat' dir='ltr'><strong>est</strong></span> <span class='ocrx_word' id='word_1_157' title='bbox 608 2241 783 2289; x_wconf 87' lang='lat' dir='ltr'><strong>mundos,</strong></span> <span class='ocrx_word' id='word_1_158' title='bbox 803 2241 835 2279; x_wconf 91' lang='lat' dir='ltr'><strong>si</strong></span> <span class='ocrx_word' id='word_1_159' title='bbox 859 2241 927 2279; x_wconf 84' lang='lat' dir='ltr'><strong>ali-</strong></span> 
     </span>
     <span class='ocr_line' id='line_1_25' title="bbox 251 2293 926 2343; baseline 0.006 -13"><span class='ocrx_word' id='word_1_160' title='bbox 251 2293 404 2343; x_wconf 84' lang='lat' dir='ltr'><strong>quando</strong></span> <span class='ocrx_word' id='word_1_161' title='bbox 433 2294 610 2333; x_wconf 86' lang='lat' dir='ltr'><strong>venerint</strong></span> <span class='ocrx_word' id='word_1_162' title='bbox 636 2294 686 2332; x_wconf 87' lang='lat' dir='ltr'><strong>ad</strong></span> <span class='ocrx_word' id='word_1_163' title='bbox 715 2294 926 2334; x_wconf 81' lang='lat' dir='ltr'><strong>Ecclesiam</strong></span> 
     </span>
     <span class='ocr_line' id='line_1_26' title="bbox 251 2346 926 2399; baseline 0.006 -14"><span class='ocrx_word' id='word_1_164' title='bbox 251 2346 487 2396; x_wconf 80' lang='lat' dir='ltr'><strong>catholicam,</strong></span> <span class='ocrx_word' id='word_1_165' title='bbox 533 2348 678 2399; x_wconf 77' lang='lat' dir='ltr'><strong>placuit</strong></span> <span class='ocrx_word' id='word_1_166' title='bbox 717 2354 849 2389; x_wconf 86' lang='lat' dir='ltr'><strong>sancto</strong></span> <span class='ocrx_word' id='word_1_167' title='bbox 886 2355 926 2390; x_wconf 84' lang='lat' dir='ltr'><strong>et</strong></span> 
     </span>
     <span class='ocr_line' id='line_1_27' title="bbox 250 2401 927 2455; baseline 0.007 -17"><span class='ocrx_word' id='word_1_168' title='bbox 250 2413 391 2452; x_wconf 87' lang='lat' dir='ltr'><strong>magno</strong></span> <span class='ocrx_word' id='word_1_169' title='bbox 429 2401 600 2441; x_wconf 84' lang='lat' dir='ltr'><strong>Concilio</strong></span> <span class='ocrx_word' id='word_1_170' title='bbox 632 2406 678 2442; x_wconf 85' lang='lat' dir='ltr'><strong>ut</strong></span> <span class='ocrx_word' id='word_1_171' title='bbox 714 2403 927 2455; x_wconf 88' lang='lat' dir='ltr'><strong>impositio-</strong></span> 
     </span>
     <span class='ocr_line' id='line_1_28' title="bbox 250 2456 927 2508; baseline 0.007 -16"><span class='ocrx_word' id='word_1_172' title='bbox 250 2467 340 2493; x_wconf 86' lang='lat' dir='ltr'><strong>nem</strong></span> <span class='ocrx_word' id='word_1_173' title='bbox 368 2468 504 2494; x_wconf 85' lang='lat' dir='ltr'><strong>manus</strong></span> <span class='ocrx_word' id='word_1_174' title='bbox 535 2456 764 2508; x_wconf 72' lang='lat' dir='ltr'><strong>accipientes</strong></span> <span class='ocrx_word' id='word_1_175' title='bbox 799 2458 854 2497; x_wconf 86' lang='lat' dir='ltr'><strong>sic</strong></span> <span class='ocrx_word' id='word_1_176' title='bbox 885 2459 927 2497; x_wconf 91' lang='lat' dir='ltr'><strong>in</strong></span> 
     </span>
     <span class='ocr_line' id='line_1_29' title="bbox 249 2508 925 2560; baseline 0.006 -12"><span class='ocrx_word' id='word_1_177' title='bbox 249 2508 352 2548; x_wconf 91' lang='lat' dir='ltr'><strong>clero</strong></span> <span class='ocrx_word' id='word_1_178' title='bbox 369 2516 627 2560; x_wconf 85' lang='lat' dir='ltr'><strong>permaneant.</strong></span> <span class='ocrx_word' id='word_1_179' title='bbox 669 2511 777 2550; x_wconf 89' lang='lat' dir='ltr'><strong>Haec</strong></span> <span class='ocrx_word' id='word_1_180' title='bbox 795 2517 925 2552; x_wconf 85' lang='lat' dir='ltr'><strong>autem</strong></span> 
     </span>
     <span class='ocr_line' id='line_1_30' title="bbox 249 2564 926 2617; baseline 0.004 -15"><span class='ocrx_word' id='word_1_181' title='bbox 249 2576 342 2614; x_wconf 87' lang='lat' dir='ltr'><strong>prae</strong></span> <span class='ocrx_word' id='word_1_182' title='bbox 369 2564 546 2603; x_wconf 86' lang='lat' dir='ltr'><strong>omnibus</strong></span> <span class='ocrx_word' id='word_1_183' title='bbox 571 2578 635 2604; x_wconf 91' lang='lat' dir='ltr'><strong>eos</strong></span> <span class='ocrx_word' id='word_1_184' title='bbox 662 2565 815 2617; x_wconf 89' lang='lat' dir='ltr'><strong>scriptis</strong></span> <span class='ocrx_word' id='word_1_185' title='bbox 837 2580 926 2605; x_wconf 91' lang='lat' dir='ltr'><strong>con-</strong></span> 
     </span>
     <span class='ocr_line' id='line_1_31' title="bbox 250 2617 927 2670; baseline 0.004 -14"><span class='ocrx_word' id='word_1_186' title='bbox 250 2617 357 2657; x_wconf 88' lang='lat' dir='ltr'><strong>venit</strong></span> <span class='ocrx_word' id='word_1_187' title='bbox 383 2618 567 2669; x_wconf 90' lang='lat' dir='ltr'><strong>profiteri,</strong></span> <span class='ocrx_word' id='word_1_188' title='bbox 592 2619 696 2670; x_wconf 89' lang='lat' dir='ltr'><strong>quod</strong></span> <span class='ocrx_word' id='word_1_189' title='bbox 720 2620 927 2660; x_wconf 82' lang='lat' dir='ltr'><strong>catholicae</strong></span> 
     </span>
     <span class='ocr_line' id='line_1_32' title="bbox 252 2673 928 2727; baseline 0.006 -17"><span class='ocrx_word' id='word_1_190' title='bbox 252 2676 292 2711; x_wconf 91' lang='lat' dir='ltr'><strong>et</strong></span> <span class='ocrx_word' id='word_1_191' title='bbox 328 2673 559 2722; x_wconf 89' lang='lat' dir='ltr'><strong>apostolicae</strong></span> <span class='ocrx_word' id='word_1_192' title='bbox 603 2673 796 2713; x_wconf 82' lang='lat' dir='ltr'><strong>Ecclesiae</strong></span> <span class='ocrx_word' id='word_1_193' title='bbox 833 2675 928 2727; x_wconf 88' lang='lat' dir='ltr'><strong>dog-</strong></span> 
     </span>
     <span class='ocr_line' id='line_1_33' title="bbox 250 2727 924 2779; baseline 0.006 -15"><span class='ocrx_word' id='word_1_194' title='bbox 250 2730 356 2765; x_wconf 80' lang='lat' dir='ltr'><strong>mata</strong></span> <span class='ocrx_word' id='word_1_195' title='bbox 385 2727 594 2778; x_wconf 83' lang='lat' dir='ltr'><strong>suscipiant</strong></span> <span class='ocrx_word' id='word_1_196' title='bbox 624 2732 663 2767; x_wconf 91' lang='lat' dir='ltr'><strong>et</strong></span> <span class='ocrx_word' id='word_1_197' title='bbox 690 2733 924 2779; x_wconf 87' lang='lat' dir='ltr'><strong>sequantur:</strong></span> 
     </span>
     <span class='ocr_line' id='line_1_34' title="bbox 250 2780 926 2832; baseline 0.004 -14"><span class='ocrx_word' id='word_1_198' title='bbox 250 2780 291 2818; x_wconf 88' lang='lat' dir='ltr'><strong>id</strong></span> <span class='ocrx_word' id='word_1_199' title='bbox 317 2785 386 2828; x_wconf 88' lang='lat' dir='ltr'><strong>est,</strong></span> <span class='ocrx_word' id='word_1_200' title='bbox 407 2786 446 2819; x_wconf 88' lang='lat' dir='ltr'><strong>et</strong></span> <span class='ocrx_word' id='word_1_201' title='bbox 463 2781 627 2832; x_wconf 83' lang='lat' dir='ltr'><strong>bigamis</strong></span> <span class='ocrx_word' id='word_1_202' title='bbox 649 2794 690 2820; x_wconf 88' lang='lat' dir='ltr'><strong>se</strong></span> <span class='ocrx_word' id='word_1_203' title='bbox 715 2783 926 2821; x_wconf 89' lang='lat' dir='ltr'><strong>communi-</strong></span> 
     </span>
     <span class='ocr_line' id='line_1_35' title="bbox 251 2835 928 2887; baseline 0.006 -14"><span class='ocrx_word' id='word_1_204' title='bbox 251 2847 346 2883; x_wconf 85' lang='lat' dir='ltr'><strong>care,</strong></span> <span class='ocrx_word' id='word_1_205' title='bbox 367 2839 407 2874; x_wconf 86' lang='lat' dir='ltr'><strong>et</strong></span> <span class='ocrx_word' id='word_1_206' title='bbox 428 2835 488 2874; x_wconf 91' lang='lat' dir='ltr'><strong>his</strong></span> <span class='ocrx_word' id='word_1_207' title='bbox 513 2835 579 2886; x_wconf 89' lang='lat' dir='ltr'><strong>qui</strong></span> <span class='ocrx_word' id='word_1_208' title='bbox 604 2835 645 2874; x_wconf 92' lang='lat' dir='ltr'><strong>in</strong></span> <span class='ocrx_word' id='word_1_209' title='bbox 664 2837 928 2887; x_wconf 85' lang='lat' dir='ltr'><strong>persecutione</strong></span> 
     </span>
    </p>
   </div>
   <div class='ocr_carea' id='block_1_13' title="bbox 979 2080 1659 2891">
    <p class='ocr_par' dir='ltr' id='par_1_14' title="bbox 979 2080 1659 2891">
     <span class='ocr_line' id='line_1_36' title="bbox 981 2080 1658 2135; baseline 0.007 -17"><span class='ocrx_word' id='word_1_210' title='bbox 981 2080 1149 2131; x_wconf 86' lang='lat' dir='ltr'><strong>prolapsi</strong></span> <span class='ocrx_word' id='word_1_211' title='bbox 1169 2086 1269 2128; x_wconf 90' lang='lat' dir='ltr'><strong>sunt,</strong></span> <span class='ocrx_word' id='word_1_212' title='bbox 1290 2095 1381 2133; x_wconf 84' lang='lat' dir='ltr'><strong>erga</strong></span> <span class='ocrx_word' id='word_1_213' title='bbox 1399 2096 1496 2134; x_wconf 88' lang='lat' dir='ltr'><strong>quos</strong></span> <span class='ocrx_word' id='word_1_214' title='bbox 1515 2088 1554 2122; x_wconf 89' lang='lat' dir='ltr'><strong>et</strong></span> <span class='ocrx_word' id='word_1_215' title='bbox 1573 2097 1658 2135; x_wconf 87' lang='lat' dir='ltr'><strong>spa-</strong></span> 
     </span>
     <span class='ocr_line' id='line_1_37' title="bbox 981 2135 1659 2189; baseline 0.004 -15"><span class='ocrx_word' id='word_1_216' title='bbox 981 2135 1037 2174; x_wconf 78' lang='lat' dir='ltr'><strong>tia</strong></span> <span class='ocrx_word' id='word_1_217' title='bbox 1060 2135 1270 2174; x_wconf 87' lang='lat' dir='ltr'><strong>constituta</strong></span> <span class='ocrx_word' id='word_1_218' title='bbox 1293 2141 1395 2184; x_wconf 89' lang='lat' dir='ltr'><strong>sunt,</strong></span> <span class='ocrx_word' id='word_1_219' title='bbox 1416 2142 1455 2176; x_wconf 86' lang='lat' dir='ltr'><strong>et</strong></span> <span class='ocrx_word' id='word_1_220' title='bbox 1482 2142 1659 2189; x_wconf 81' lang='lat' dir='ltr'><strong>tempora</strong></span> 
     </span>
     <span class='ocr_line' id='line_1_38' title="bbox 981 2188 1658 2237; baseline 0.007 -11"><span class='ocrx_word' id='word_1_221' title='bbox 981 2188 1149 2237; x_wconf 82' lang='lat' dir='ltr'><strong>definita,</strong></span> <span class='ocrx_word' id='word_1_222' title='bbox 1168 2190 1224 2229; x_wconf 84' lang='lat' dir='ltr'><strong>ita</strong></span> <span class='ocrx_word' id='word_1_223' title='bbox 1246 2195 1291 2228; x_wconf 91' lang='lat' dir='ltr'><strong>ut</strong></span> <span class='ocrx_word' id='word_1_224' title='bbox 1311 2191 1503 2232; x_wconf 87' lang='lat' dir='ltr'><strong>Ecclesiae</strong></span> <span class='ocrx_word' id='word_1_225' title='bbox 1528 2193 1658 2231; x_wconf 79' lang='lat' dir='ltr'><strong>catho-</strong></span> 
     </span>
     <span class='ocr_line' id='line_1_39' title="bbox 981 2243 1658 2297; baseline 0.007 -16"><span class='ocrx_word' id='word_1_226' title='bbox 981 2243 1074 2282; x_wconf 89' lang='lat' dir='ltr'><strong>licae</strong></span> <span class='ocrx_word' id='word_1_227' title='bbox 1103 2248 1142 2282; x_wconf 92' lang='lat' dir='ltr'><strong>et</strong></span> <span class='ocrx_word' id='word_1_228' title='bbox 1169 2244 1399 2295; x_wconf 89' lang='lat' dir='ltr'><strong>apostolicae</strong></span> <span class='ocrx_word' id='word_1_229' title='bbox 1430 2246 1572 2297; x_wconf 84' lang='lat' dir='ltr'><strong>placita</strong></span> <span class='ocrx_word' id='word_1_230' title='bbox 1601 2260 1658 2286; x_wconf 86' lang='lat' dir='ltr'><strong>se-</strong></span> 
     </span>
     <span class='ocr_line' id='line_1_40' title="bbox 980 2298 1658 2348; baseline 0.006 -13"><span class='ocrx_word' id='word_1_231' title='bbox 980 2302 1148 2348; x_wconf 86' lang='lat' dir='ltr'><strong>quantur</strong></span> <span class='ocrx_word' id='word_1_232' title='bbox 1170 2298 1211 2336; x_wconf 89' lang='lat' dir='ltr'><strong>in</strong></span> <span class='ocrx_word' id='word_1_233' title='bbox 1237 2299 1426 2338; x_wconf 90' lang='lat' dir='ltr'><strong>omnibus.</strong></span> <span class='ocrx_word' id='word_1_234' title='bbox 1484 2300 1658 2340; x_wconf 92' lang='lat' dir='ltr'><strong>Ubicun-</strong></span> 
     </span>
     <span class='ocr_line' id='line_1_41' title="bbox 980 2352 1659 2403; baseline 0.009 -14"><span class='ocrx_word' id='word_1_235' title='bbox 980 2365 1054 2403; x_wconf 91' lang='lat' dir='ltr'><strong>que</strong></span> <span class='ocrx_word' id='word_1_236' title='bbox 1072 2365 1175 2400; x_wconf 86' lang='lat' dir='ltr'><strong>vero,</strong></span> <span class='ocrx_word' id='word_1_237' title='bbox 1190 2352 1270 2391; x_wconf 86' lang='lat' dir='ltr'><strong>sive</strong></span> <span class='ocrx_word' id='word_1_238' title='bbox 1283 2353 1324 2391; x_wconf 91' lang='lat' dir='ltr'><strong>in</strong></span> <span class='ocrx_word' id='word_1_239' title='bbox 1339 2354 1558 2394; x_wconf 85' lang='lat' dir='ltr'><strong>civitatibus</strong></span> <span class='ocrx_word' id='word_1_240' title='bbox 1577 2356 1659 2395; x_wconf 88' lang='lat' dir='ltr'><strong>sive</strong></span> 
     </span>
     <span class='ocr_line' id='line_1_42' title="bbox 980 2406 1658 2459; baseline 0.004 -14"><span class='ocrx_word' id='word_1_241' title='bbox 980 2406 1145 2445; x_wconf 83' lang='lat' dir='ltr'><strong>castellis</strong></span> <span class='ocrx_word' id='word_1_242' title='bbox 1164 2407 1238 2458; x_wconf 84' lang='lat' dir='ltr'><strong>ipsi</strong></span> <span class='ocrx_word' id='word_1_243' title='bbox 1263 2408 1335 2446; x_wconf 93' lang='lat' dir='ltr'><strong>soli</strong></span> <span class='ocrx_word' id='word_1_244' title='bbox 1353 2409 1496 2459; x_wconf 89' lang='lat' dir='ltr'><strong>reperti</strong></span> <span class='ocrx_word' id='word_1_245' title='bbox 1514 2409 1658 2449; x_wconf 86' lang='lat' dir='ltr'><strong>fuerint</strong></span> 
     </span>
     <span class='ocr_line' id='line_1_43' title="bbox 980 2460 1658 2512; baseline 0.006 -14"><span class='ocrx_word' id='word_1_246' title='bbox 980 2460 1159 2508; x_wconf 89' lang='lat' dir='ltr'><strong>ordinati,</strong></span> <span class='ocrx_word' id='word_1_247' title='bbox 1205 2461 1273 2512; x_wconf 91' lang='lat' dir='ltr'><strong>qui</strong></span> <span class='ocrx_word' id='word_1_248' title='bbox 1322 2461 1571 2502; x_wconf 84' lang='lat' dir='ltr'><strong>inveniuntur</strong></span> <span class='ocrx_word' id='word_1_249' title='bbox 1616 2464 1658 2502; x_wconf 90' lang='lat' dir='ltr'><strong>in</strong></span> 
     </span>
     <span class='ocr_line' id='line_1_44' title="bbox 979 2514 1658 2568; baseline 0.007 -16"><span class='ocrx_word' id='word_1_250' title='bbox 979 2514 1091 2562; x_wconf 88' lang='lat' dir='ltr'><strong>clero,</strong></span> <span class='ocrx_word' id='word_1_251' title='bbox 1110 2515 1151 2552; x_wconf 87' lang='lat' dir='ltr'><strong>in</strong></span> <span class='ocrx_word' id='word_1_252' title='bbox 1170 2515 1306 2553; x_wconf 90' lang='lat' dir='ltr'><strong>eodem</strong></span> <span class='ocrx_word' id='word_1_253' title='bbox 1327 2515 1463 2555; x_wconf 87' lang='lat' dir='ltr'><strong>habitu</strong></span> <span class='ocrx_word' id='word_1_254' title='bbox 1484 2530 1658 2568; x_wconf 87' lang='lat' dir='ltr'><strong>perseve-</strong></span> 
     </span>
     <span class='ocr_line' id='line_1_45' title="bbox 979 2568 1657 2617; baseline 0.007 -11"><span class='ocrx_word' id='word_1_255' title='bbox 979 2573 1067 2607; x_wconf 85' lang='lat' dir='ltr'><strong>rent</strong></span> <span class='ocrx_word' id='word_1_256' title='bbox 1082 2582 1093 2616; x_wconf 76' lang='lat'><em>3</em></span> <span class='ocrx_word' id='word_1_257' title='bbox 1118 2568 1186 2607; x_wconf 91' lang='lat' dir='ltr'><strong>ubi</strong></span> <span class='ocrx_word' id='word_1_258' title='bbox 1204 2574 1345 2617; x_wconf 89' lang='lat' dir='ltr'><strong>autem,</strong></span> <span class='ocrx_word' id='word_1_259' title='bbox 1362 2570 1568 2610; x_wconf 88' lang='lat' dir='ltr'><strong>catholicae</strong></span> <span class='ocrx_word' id='word_1_260' title='bbox 1584 2572 1657 2611; x_wconf 89' lang='lat' dir='ltr'><strong>Ec-</strong></span> 
     </span>
     <span class='ocr_line' id='line_1_46' title="bbox 981 2622 1656 2677; baseline 0.007 -18"><span class='ocrx_word' id='word_1_261' title='bbox 981 2622 1116 2660; x_wconf 87' lang='lat' dir='ltr'><strong>clesiae</strong></span> <span class='ocrx_word' id='word_1_262' title='bbox 1136 2623 1327 2674; x_wconf 87' lang='lat' dir='ltr'><strong>Episcopo</strong></span> <span class='ocrx_word' id='word_1_263' title='bbox 1346 2625 1407 2663; x_wconf 89' lang='lat' dir='ltr'><strong>vel</strong></span> <span class='ocrx_word' id='word_1_264' title='bbox 1427 2624 1656 2677; x_wconf 84' lang='lat' dir='ltr'><strong>Presbytero</strong></span> 
     </span>
     <span class='ocr_line' id='line_1_47' title="bbox 983 2676 1656 2728; baseline 0.007 -14"><span class='ocrx_word' id='word_1_265' title='bbox 983 2676 1206 2726; x_wconf 90' lang='lat' dir='ltr'><strong>constituto,</strong></span> <span class='ocrx_word' id='word_1_266' title='bbox 1225 2678 1383 2728; x_wconf 83' lang='lat' dir='ltr'><strong>quidam</strong></span> <span class='ocrx_word' id='word_1_267' title='bbox 1410 2692 1460 2717; x_wconf 84' lang='lat' dir='ltr'><strong>ex</strong></span> <span class='ocrx_word' id='word_1_268' title='bbox 1486 2679 1562 2718; x_wconf 86' lang='lat' dir='ltr'><strong>illis</strong></span> <span class='ocrx_word' id='word_1_269' title='bbox 1589 2681 1656 2719; x_wconf 88' lang='lat' dir='ltr'><strong>ad-</strong></span> 
     </span>
     <span class='ocr_line' id='line_1_48' title="bbox 980 2730 1656 2785; baseline 0.007 -17"><span class='ocrx_word' id='word_1_270' title='bbox 980 2730 1151 2779; x_wconf 86' lang='lat' dir='ltr'><strong>veniunt,</strong></span> <span class='ocrx_word' id='word_1_271' title='bbox 1171 2736 1320 2770; x_wconf 88' lang='lat' dir='ltr'><strong>certum</strong></span> <span class='ocrx_word' id='word_1_272' title='bbox 1345 2737 1414 2781; x_wconf 89' lang='lat' dir='ltr'><strong>est,</strong></span> <span class='ocrx_word' id='word_1_273' title='bbox 1434 2734 1538 2784; x_wconf 90' lang='lat' dir='ltr'><strong>quod</strong></span> <span class='ocrx_word' id='word_1_274' title='bbox 1563 2734 1656 2785; x_wconf 92' lang='lat' dir='ltr'><strong>Epi-</strong></span> 
     </span>
     <span class='ocr_line' id='line_1_49' title="bbox 981 2785 1656 2840; baseline 0.006 -18"><span class='ocrx_word' id='word_1_275' title='bbox 981 2798 1118 2836; x_wconf 86' lang='lat' dir='ltr'><strong>scopus</strong></span> <span class='ocrx_word' id='word_1_276' title='bbox 1151 2785 1342 2825; x_wconf 82' lang='lat' dir='ltr'><strong>Ecclesiae</strong></span> <span class='ocrx_word' id='word_1_277' title='bbox 1373 2787 1530 2828; x_wconf 85' lang='lat' dir='ltr'><strong>habebit</strong></span> <span class='ocrx_word' id='word_1_278' title='bbox 1563 2789 1656 2840; x_wconf 90' lang='lat' dir='ltr'><strong>Epi-</strong></span> 
     </span>
     <span class='ocr_line' id='line_1_50' title="bbox 981 2839 1654 2891; baseline 0.007 -14"><span class='ocrx_word' id='word_1_279' title='bbox 981 2839 1087 2890; x_wconf 87' lang='lat' dir='ltr'><strong>scopi</strong></span> <span class='ocrx_word' id='word_1_280' title='bbox 1133 2840 1363 2891; x_wconf 87' lang='lat' dir='ltr'><strong>dignitatem</strong></span> <span class='ocrx_word' id='word_1_281' title='bbox 1377 2855 1389 2890; x_wconf 80' lang='lat'>3</span> <span class='ocrx_word' id='word_1_282' title='bbox 1435 2842 1468 2881; x_wconf 89' lang='lat' dir='ltr'><strong>is</strong></span> <span class='ocrx_word' id='word_1_283' title='bbox 1513 2847 1654 2891; x_wconf 88' lang='lat' dir='ltr'><strong>autem,</strong></span> 
     </span>
    </p>
   </div>
  </div>
 </body>
</html>
