1988 3216
630 267 706 309 AD
741 264 1177 308 PHILIPPENSES.
1555 262 1610 307 19

203 374 275 416 sed
306 374 411 416 sicut
441 374 648 431 passibilia
682 374 868 416 membra
897 379 940 415 et
969 372 1153 415 errantia
1193 386 1263 414 eos
1303 376 1521 418 revocate;
1564 376 1610 411 ut

203 434 383 484 omnium
414 448 596 484 vestrum
627 457 778 499 corpus
809 442 988 484 salvetis.
1050 442 1141 483 Hoc
1177 440 1283 482 enim
1321 445 1506 496 agentes,
1539 453 1610 479 vos

202 510 312 567 ipsos
331 511 570 553 aedificatis.

263 579 363 620 XII.
407 579 578 621 Confido
619 579 726 621 enim
758 594 829 621 vos
862 580 966 622 bene
999 577 1247 621 exercitatos
1281 591 1371 619 esse
1406 575 1448 618 in
1483 574 1611 617 sacris

167 647 347 697 51iteris‚
379 653 422 690 et
451 648 553 689 nihil
584 664 655 690 vos
685 648 814 698 latet;
856 648 956 690 mihi
991 654 1128 690 autem
1160 661 1242 689 non
1278 652 1341 688 est
1375 658 1609 687 concessum

203 716 352 759 modo:
385 722 430 758 ut
450 716 514 758 his
535 717 762 774 Scripturis
787 717 941 760 dictum
973 723 1059 766 est;
1091 716 1392 763 8Ινιιιιοὶπιὶπὶ,
1413 722 1452 756 et
1480 713 1611 755 nolite
1623 720 1712 752 Psal.
1732 721 1775 752 iv.
1799 729 1829 760 5·

196 799 390 840 peccare.
453 786 521 836 Et,
545 785 563 813 b
577 786 654 828 Sol
671 801 756 828 non
775 787 946 829 occidat
965 800 1093 842 super
1106 785 1389 827 iracundiam
1410 790 1611 825 vestram.
1623 789 1762 832 Eph.iv.
1776 787 1826 822 26.

205 855 360 896 Beatus
395 854 466 910 qui
505 854 800 897 cmeminerit:
841 855 953 911 quod
993 869 1072 912 ego
1111 853 1238 895 credo
1275 867 1365 894 esse
1403 851 1446 893 in
1483 850 1608 892 vobis.

205 923 320 964 Deus
350 930 488 965 autem
522 929 564 965 et
596 924 722 965 Pater
754 923 920 965 Domini
950 922 1080 965 nostri
1110 923 1213 965 Jesu
1246 920 1415 970 Christi,
1446 926 1489 962 et
1523 919 1611 976 ipse
1624 927 1710 969 Eph.
1730 928 1750 959 i.
1772 937 1800 968 3.

144 1007 191 1032 10
204 993 484 1050 sempiternus
502 995 707 1043 Pontifex,
726 995 803 1037 Dei
821 995 959 1044 Filius,
975 995 1100 1037 ‚Iesus
1117 993 1321 1044 Christus,
1337 992 1527 1035 aedificet
1540 1006 1612 1034 vos

203 1062 246 1104 in
276 1061 358 1104 fide
389 1068 431 1104 et
461 1062 652 1113 veritate,
684 1070 727 1106 et
756 1063 799 1105 in
829 1063 939 1105 omni
968 1062 1308 1112 mansuetudine;
1341 1068 1385 1104 et
1413 1061 1501 1104 sine
1530 1060 1613 1103 ira-

204 1130 366 1181 cundia,
403 1136 446 1173 et
481 1130 522 1172 in
557 1131 759 1188 patientia
793 1138 835 1174 et
875 1131 1190 1189 longanimitate
1228 1136 1271 1173 et
1309 1129 1530 1173 tolerantia
1569 1134 1612 1171 et

205 1198 419 1241 castitate:
450 1205 493 1241 et
513 1199 584 1242 det
604 1199 718 1242 vobis
738 1205 892 1242 sortem
913 1206 956 1242 et
982 1205 1144 1256 partem
1171 1198 1282 1241 inter
1301 1204 1465 1240 sanctos
1491 1212 1585 1240 suos
1599 1210 1747 1247 30010eu.
1766 1210 1787 1240 i.

205 1272 248 1309 et
278 1266 395 1308 nobis
415 1266 622 1309 vobiscum
650 1274 692 1310 et
719 1267 908 1310 omnibus
927 1268 997 1324 qui
1024 1273 1121 1310 sunt
1145 1267 1221 1310 sub
1241 1266 1368 1315 coelo,
1389 1265 1460 1322 qui
1480 1264 1609 1306 credi·
1628 1263 1676 1286 ¹²·

145 1343 190 1381 15
205 1335 288 1378 turi
308 1341 405 1377 sunt
424 1335 466 1378 in
489 1335 709 1378 Dominum
735 1342 922 1379 nostrum
943 1338 1087 1379 Jesum
1111 1336 1337 1384 Christum,
1359 1342 1401 1378 et
1422 1334 1464 1376 in
1485 1334 1611 1391 ipsius

135 1458 138 1460 v
206 1404 387 1454 Patrem,
425 1404 495 1461 qui
535 1405 794 1448 resuscitavit
834 1421 928 1448 eum
967 1420 994 1447 a
1034 1405 1218 1448 mortuis.
1299 1405 1383 1446 Pro
1422 1403 1611 1446 omnibus
1622 1414 1698 1446 Gal.
1718 1414 1738 1445 i.
1758 1423 1784 1445 1.

204 1473 355 1516 sanetis
384 1479 513 1516 orate.
576 1474 708 1517 Orate
731 1474 856 1517 etiam
886 1489 963 1531 pro
993 1474 1163 1532 regibus
1192 1480 1235 1516 et
1264 1472 1539 1531 potestatibus
1568 1477 1611 1515 et
1627 1481 1736 1513 1'1'im.
1749 1481 1782 1513 ii.
1798 1490 1827 1512 2.

203 1541 469 1599 principibus,
496 1549 623 1599 atque
652 1557 729 1600 pro
759 1543 1105 1600 persequentibus
1134 1549 1177 1586 et
1207 1542 1441 1584 odientibus
1461 1556 1545 1591 vos,
1567 1546 1610 1583 et
1623 1546 1710 1578 Mat.
1726 1556 1757 1578 v.
1773 1557 1826 1585 44-

204 1625 281 1668 pro
308 1610 479 1653 inimicis
505 1611 663 1654 crucis:
693 1618 739 1655 ut
759 1612 919 1655 fruetus
939 1619 1076 1656 vester
1104 1612 1344 1655 manifestus
1371 1610 1424 1654 sit
1453 1610 1497 1652 in
1525 1625 1611 1653 om·

143 1699 191 1725 20
205 1679 349 1731 nibus,
338 1696 347 1705 ·
382 1686 427 1723 ut
447 1680 534 1723 sitis
554 1681 597 1723 in
616 1682 686 1724 illo
707 1681 894 1739 perfecti.
1624 1687 1711 1720 Mat.
1727 1698 1746 1718 v
1774 1689 1826 1727 48.

294 1800 339 1869 γι
387 1802 433 1832 ‘¹’
438 1802 712 1875 Εγραψατε
729 1827 810 1870 μοι
834 1828 912 1858 και
938 1807 1065 1871 ὑμεῖς
1091 1827 1167 1857 και
1181 1803 1430 1872 Ῐγνατιος,
1453 1803 1656 1892 [Epist.
1621 1817 1654 1848 A
1680 1816 1725 1848 ud
1692 1815 1805 1891 um-Eu

202 1899 251 1938 “d
272 1899 470 1951 Polycarp.
494 1901 550 1952 ἐξ·
572 1910 591 1950 7
616 1906 656 1940 et
676 1891 789 1966 8.]‘''
769 1914 845 1944 ινα
862 1891 943 1943 ἐάν
957 1914 1028 1947 τις
1052 1890 1312 1961 ἀπέρχηται
1331 1894 1395 1947 εἰς
1412 1890 1607 1959 Σύριαν,
1620 1870 1818 1990 Ξῑέζὸέωι

202 1977 278 2028 καὶ
309 1974 370 2028 τὰ
398 1977 509 2044 παρ’
539 1978 670 2043 ὑμῶν
708 1976 983 2046 ἀποκομίσῃ
1022 1975 1297 2045 γράμματα·
1348 1976 1464 2045 ὅπερ
1500 1999 1608 2029 ποι-

202 2059 329 2126 ήσω,
371 2060 453 2112 ἐὰν
497 2060 638 2122 λάβω
685 2061 848 2131 καιρὸν
886 2063 1088 2124 εὔθετον,
1134 2061 1222 2113 εἴτε
1263 2061 1375 2128 ἐγὼ,
1417 2061 1506 2114 εἴτε
1557 2085 1613 2114 ον

142 2170 191 2209 25
203 2145 386 2216 πέμψω
409 2146 779 2214 πρεσβεύσοντα
798 2149 874 2199 καὶ
899 2148 1005 2214 περὶ
1032 2148 1177 2211 ὑμῶν.
1226 2146 1329 2203 Τὰς
1348 2145 1614 2203 ἐπιστολὰς

203 2230 441 2297 Ἰγνατίου
466 2229 552 2286 τὰς
576 2231 878 2301 πεμφθείσας
903 2230 1013 2295 ἡμῖν
1041 2232 1116 2283 ὑπ’
1145 2231 1309 2293 αὑτοῦ,
1329 2231 1406 2282 καὶ
1431 2230 1611 2294 ἄλλοις,

204 2314 326 2372 ὅσας
376 2314 562 2385 εἴχομεν
613 2316 724 2384 παρ’
770 2316 900 2381 ἡμῖν,
953 2315 1232 2386 ἐπέμψαμεν
1283 2317 1407 2381 ὑμῖν,
1455 2314 1613 2372 καθὼς

259 2463 376 2503 XIII.
399 2464 481 2504 Seri
484 2465 614 2516 psistis
638 2465 733 2504 mihi
754 2470 792 2505 et
810 2479 880 2505 vos
935 2479 1018 2518 ego,
1051 2479 1119 2504 seu
1155 2466 1304 2517 legatus
1330 2478 1444 2517 quem
1473 2465 1613 2504 misero

203 2522 242 2557 et
261 2517 450 2570 IgnatiuS,
469 2524 515 2558 ut
539 2519 571 2558 si
591 2519 677 2571 quis
695 2520 803 2559 vadit
831 2520 880 2558 ad
934 2534 1006 2571 pro
1034 2520 1153 2559 vobis
1211 2520 1406 2571 Epistulas
1435 2532 1524 2558 sane
1548 2520 1613 2571 Ig-

139 2586 191 2622 30
205 2571 367 2623 Syriam,
405 2572 551 2612 deferat
592 2573 723 2613 literas
764 2587 880 2622 meas,
935 2574 1042 2622 natii,
1054 2588 1151 2626 quae
1165 2574 1410 2613 transmissae
1424 2579 1613 2612 suntevo-

203 2639 298 2677 quas
316 2626 440 2665 fecero
459 2627 508 2666 ad
526 2641 623 2666 vos·
613 2658 624 2675 ‚
653 2628 685 2666 si
703 2628 880 2667 habueri·
935 2629 995 2667 bis
1022 2630 1072 2667 ab
1090 2641 1147 2675 eo,
1167 2634 1207 2667 et
1234 2628 1338 2676 alias,
1358 2633 1612 2678 quantascun-

202 2693 289 2719 mus
317 2685 471 2732 tempus
499 2686 772 2733 opportunum,
801 2682 881 2721 sive
936 2696 1010 2734 que
1038 2683 1140 2734 apud
1168 2695 1238 2721 nos
1255 2682 1470 2730 habuimus,
1489 2688 1613 2722 trans-

768 2802 820 2834 Ex
835 2802 956 2834 Smichi
971 2802 1049 2834 edit.

247 2871 264 2890 ὓ
281 2866 367 2897 Psal.
388 2867 430 2898 iv.
452 2875 480 2906 5.
619 2867 632 2888 b
650 2867 735 2909 Eph.
751 2868 794 2899 iv.
812 2867 862 2900 26.
999 2876 1015 2893 c
1034 2868 1089 2900 Al.
1105 2869 1290 2901 crediderit.
1396 2867 1414 2893 d
1431 2868 1614 2901 Habentur

205 2909 333 2941 Graeca
348 2910 430 2942 haec
446 2910 534 2952 apud
552 2911 744 2949 Eusebium,
764 2912 798 2943 in
815 2911 886 2944 loco
903 2912 1016 2944 citato.
1121 2917 1137 2936 θ
1153 2912 1244 2954 Lege
1260 2912 1360 2946 nobis.

872 2980 942 3010 ΟΖ
