2034 3204
400 220 481 263 198
869 219 949 262 AN
952 220 990 261 N
996 220 1257 263 OTATION
1260 220 1329 263 Es

397 339 488 366 cum
509 326 622 367 nielli
644 324 863 383 Rigaltius.
916 326 1000 369 Sed
1022 327 1185 383 Lupum
1205 333 1331 383 atque
1352 326 1616 369 Thomasium
1637 330 1803 368 secutus

396 383 521 424 nulla
541 397 621 440 ego
641 382 817 425 restitui.

455 439 502 481 P.
525 443 620 495 138.
640 440 667 482 l.
687 453 751 495 19.
772 455 820 482 ac
841 441 875 482 si
895 441 1058 497 prolata
1084 456 1168 483 non
1190 441 1265 498 sit]
1298 442 1390 484 Hoc
1411 442 1533 491 valet,
1555 440 1728 498 perinde
1755 454 1803 482 ac

397 495 430 538 si
451 496 615 553 prolata
634 512 716 539 non
736 497 801 540 sit.

456 554 562 596 Ibid.
592 555 619 596 l.
647 567 714 610 23.
745 569 828 611 qua
858 569 1002 597 rursus
1034 556 1300 612 convertunt]
1350 556 1402 597 In
1433 555 1661 612 exemplari
1691 555 1838 613 Ago-5

397 610 518 654 bardi
552 612 719 669 legitur,
757 613 875 663 Quae
909 627 1055 654 susum
1089 627 1252 655 rursus.
1313 613 1371 655 Et
1401 614 1668 656 confirmatur
1700 613 1802 656 Cod.

398 669 650 711 Divionensi.
712 669 981 726 Augustinus,
995 669 1038 711 in
1059 669 1190 726 Epist.
1207 670 1236 712 J
1239 670 1395 719 oannis,
1413 671 1484 712 Tr.
1504 672 1542 720 8,
1565 677 1575 694 ⁶
1595 670 1718 722 Quod
1737 685 1804 712 su-

400 733 409 749 ‘
428 741 531 776 sum,
551 727 678 769 facias
701 727 866 783 jusum;
898 727 1010 783 quod
1037 727 1242 775 deorsum,
1265 727 1393 770 facias
1419 742 1592 770 sursum.
1653 729 1804 770 Jusum

400 791 408 807 ‘
429 783 488 826 vis
507 784 646 826 facere
667 785 817 835 Deum,
839 789 883 826 et
901 791 944 826 te
969 783 1138 827 susum?
1178 785 1482 842 Praecipitaris,
1503 799 1586 827 non
1617 784 1802 828 elevaris.

400 848 410 864 ‘
429 841 505 883 Ille
525 841 633 883 enim
649 856 812 898 semper
824 856 986 884 sursum
1007 845 1096 885 est.'
1142 843 1198 884 Et
1211 843 1350 885 Tract.
1373 856 1436 885 10.
1459 850 1469 866 ‘
1486 843 1635 885 Susum
1650 857 1716 885 me
1731 843 1804 884 ho·
1819 859 1867 884 10

400 907 563 948 ⁸noras,
582 899 723 955 jusum
750 899 907 942 calcas!
968 900 1116 956 Itaque
1143 900 1200 942 sic
1226 900 1472 958 legendum:
1505 907 1514 923 ‘
1533 901 1690 942 Eadem
1717 899 1805 958 agi-

399 965 407 979 ‘
427 957 504 998 tati
524 956 745 1006 dementia,
767 971 850 1013 qua
869 972 1015 1000 susum
1024 958 1175 1013 jusum
1194 957 1467 1000 convert-unt?
1496 958 1730 1001 RIGALT.

456 1014 503 1056 P.
528 1028 619 1070 139.
641 1014 667 1056 l.
690 1028 754 1069 19·
781 1020 824 1056 et
850 1014 994 1071 utique
1023 1015 1208 1072 implevit
1233 1015 1546 1072 repromissum]
1585 1016 1656 1057 An
1686 1015 1803 1065 haec,

396 1077 470 1113 aut
496 1071 661 1113 demum
687 1071 759 1114 illa
784 1071 827 1113 in
854 1072 988 1129 capite
1011 1083 1081 1127 27,
1101 1087 1193 1115 cum
1217 1073 1495 1115 Montanismo
1522 1074 1628 1115 benc
1659 1087 1806 1115 conve-

397 1129 525 1177 niant,
557 1129 677 1171 valde
708 1129 864 1172 dubito.
932 1131 1058 1172 Certe
1089 1130 1132 1172 in
1167 1130 1273 1173 libro
1304 1131 1357 1173 de
1387 1130 1654 1188 Monogamia
1685 1131 1866 1183 Mon-15

396 1186 551 1229 tanista
563 1186 652 1242 jam
671 1187 805 1230 faetus
826 1187 1105 1230 Tertullianus
1125 1188 1184 1230 ita
1204 1188 1370 1230 scribit:
1403 1194 1415 1212 ‘
1431 1188 1671 1230 Paracletus
1692 1188 1751 1244 [h.
1767 1203 1803 1230 e.

399 1251 408 1267 ‘
426 1250 473 1286 ut
492 1244 562 1286 ille
581 1244 739 1294 statuit,
760 1245 1001 1301 Montanus]
1022 1246 1154 1288 multa
1179 1246 1336 1288 habens
1364 1246 1537 1288 edocere
1557 1260 1664 1302 quae
1690 1245 1734 1288 in
1757 1245 1806 1288 il-

399 1309 407 1324 ‘
426 1302 508 1344 lum
530 1301 689 1344 distulit
709 1302 912 1344 Dominus
932 1303 1156 1345 secundum
1182 1303 1521 1360 praefinitionem'
1542 1303 1618 1346 διο.
1639 1317 1729 1360 cap.
1753 1316 1803 1354 23

397 1366 441 1402 et
468 1366 624 1416 postea,
646 1374 734 1415 cap.
759 1374 810 1411 ¹4
839 1360 968 1417 ejusd.
990 1361 1098 1411 libri,
1122 1369 1131 1384 ‘
1150 1361 1360 1419 Regnavit
1390 1360 1545 1403 duritia
1574 1361 1710 1403 cordis
1739 1375 1806 1403 us-

398 1424 407 1440 ⁴
426 1431 507 1473 que
527 1417 583 1459 ad
604 1417 840 1467 Christum;
871 1418 1112 1475 regnaverit
1133 1425 1175 1461 et
1195 1418 1411 1460 infirmitas
1437 1418 1570 1461 carnis
1599 1433 1727 1475 usque
1750 1418 1804 1461 ad
1817 1435 1867 1461 20

399 1482 408 1497 ‘
427 1475 721 1516 Paracletum·
762 1476 883 1517 Nova
912 1476 979 1517 lex
1009 1476 1179 1518 abstulit
1210 1476 1442 1533 repudium.
1504 1475 1664 1518 Habuit
1694 1476 1806 1533 quod

400 1540 409 1553 ‘
427 1532 613 1574 auferret
639 1547 746 1575 nova
775 1533 1009 1589 prophetia,
1029 1534 1252 1576 secundum
1280 1533 1600 1585 matrimonium,
1622 1547 1704 1576 non
1731 1532 1805 1575 mi-

399 1597 407 1613 ‘
426 1604 503 1631 nus
523 1589 740 1646 repudium
762 1590 936 1647 prioris!
983 1590 1051 1634 Sic
1072 1591 1179 1633 enim
1201 1591 1310 1634 inter
1339 1606 1451 1649 ungo
1471 1590 1617 1633 locum.

457 1646 563 1689 Ibid.
585 1647 610 1689 l.
637 1660 703 1690 22.
731 1647 931 1704 Spiritum
955 1648 1170 1703 Sanctum]
1203 1649 1296 1700 Quo
1353 1648 1512 1691 exstitit
1537 1656 1734 1691 sanctum
1760 1648 1804 1690 in

399 1704 594 1747 Rhenani
625 1705 777 1748 Codice
807 1720 860 1747 ex
895 1706 1079 1763 principe
1109 1706 1289 1749 editione
1322 1706 1539 1756 revocavi3
1579 1705 1623 1747 in
1658 1706 1801 1749 eadem
1817 1721 1866 1760 25

399 1769 539 1804 tamen
574 1762 753 1804 editione
793 1763 923 1806 multa
958 1764 1035 1806 hoc
1070 1764 1159 1806 loco
1194 1764 1468 1815 omittuntur;
1513 1778 1688 1820 quorum
1722 1763 1804 1806 alia

400 1819 669 1869 Wouwerius,
700 1819 781 1862 alia
810 1820 1019 1879 Rigaltius
1049 1821 1266 1878 supplevit.
1330 1822 1413 1865 Sed
1445 1827 1487 1864 et
1517 1821 1560 1863 in
1581 1820 1804 1864 Wouwerii

401 1877 551 1920 Codice
571 1886 768 1921 sanctum
788 1879 993 1930 exstabat,
1013 1879 1057 1921 id
1076 1885 1215 1922 tamen
1236 1879 1388 1922 delevit
1409 1878 1628 1936 Rigaltius.

457 1935 504 1977 P.
524 1949 614 1990 140.
637 1935 663 1978 l.
681 1948 692 1976 ι
701 1948 742 1991 3.
764 1936 894 1992 Atqui
914 1936 1170 1994 demutatus]
1205 1936 1427 1980 Substituit
1453 1938 1559 1994 quin
1581 1950 1658 1993 pro
1678 1937 1805 1993 atqui

399 1992 453 2035 Ri
485 1992 631 2042 altius3
663 2007 790 2050 quum
811 2008 910 2036 vero
936 1994 1140 2051 particula
1160 2003 1209 2038 at
1233 1995 1442 2052 denegare
1469 1994 1580 2037 istud
1598 1993 1801 2044 videatur,
1815 2011 1868 2048 30

398 2008 535 2093 imfuci
555 2064 582 2092 a
603 2050 731 2093 Paulo
758 2051 862 2094 alius
884 2052 1101 2110 Evangelii
1125 2052 1313 2102 formam,
1335 2052 1486 2095 idcirco
1516 2066 1605 2094 eam
1637 2051 1804 2094 restitu-

397 2108 546 2150 endam
579 2123 667 2151 esse
699 2123 858 2152 censeo.
920 2110 1037 2152 Infra
1066 2109 1230 2167 quidem
1262 2116 1399 2153 exstat
1431 2109 1543 2167 apud
1575 2108 1803 2166 Rigaltium

398 2173 407 2190 ⁴
425 2165 611 2209 ascendit
631 2168 678 2209 in
701 2165 1059 2224 Hierosolymam,'
1076 2168 1150 2210 sed
1169 2167 1413 2225 particulam
1435 2169 1483 2210 in
1503 2166 1689 2210 nesciunt
1708 2166 1801 2210 edd.

400 2229 497 2266 vett.
520 2230 563 2266 et
584 2224 742 2281 Interp.
760 2224 941 2282 vulgata.

458 2281 561 2324 Ibid.
599 2281 623 2324 l.
646 2294 715 2338 30.
750 2281 891 2339 utique
918 2282 1239 2325 conversationis
1269 2282 1347 2325 fuit
1377 2282 1536 2333 vitium,
1564 2296 1646 2324 non
1682 2295 1803 2338 prae·
1815 2292 1866 2333 35

398 2338 628 2392 dicationis]
674 2339 924 2382 Conferatur
954 2340 1066 2382 loeus
1100 2339 1168 2382 ille
1199 2355 1289 2382 cum
1321 2339 1454 2382 altero
1485 2339 1666 2396 ejusdem
1698 2339 1802 2382 Ter-

398 2394 556 2438 tulliani
588 2395 721 2453 capitc
755 2396 878 2439 tertio
911 2396 1004 2439 libri
1034 2397 1232 2440 adversus
1264 2396 1517 2439 Marcionem
1548 2395 1700 2453 quarti,
1732 2396 1802 2440 ubi

399 2452 539 2496 vitium
586 2453 685 2496 illud
732 2454 1052 2497 conversationis
1098 2469 1179 2497 non
1225 2454 1542 2512 praedicationis
1586 2453 1803 2497 dilucidius

396 2510 579 2568 exponit.
657 2511 720 2554 De
763 2512 890 2554 Paulo
931 2510 1099 2555 Petrum
1141 2512 1422 2579 redarguente
1463 2511 1592 2554 videri
1632 2518 1803 2569 possunt

398 2571 440 2610 S.
463 2568 706 2626 Hieronymi
736 2569 933 2626 epistolae
963 2570 1017 2612 ad
1039 2570 1391 2628 S.August1nu1n,
1413 2584 1519 2627 quae
1549 2584 1575 2612 a
1605 2569 1660 2612 ud
1688 2569 1802 2612 Mar·
1815 2584 1866 2619 40

397 2626 602 2669 tianaenm
630 2626 845 2670 Parisiensi
872 2627 912 2669 in
938 2627 1117 2670 editione
1144 2642 1314 2685 opernm
1337 2627 1519 2684 ejusdem
1542 2627 1565 2669 Ι·
1586 2626 1801 2684 ieronymi,

397 2692 507 2725 tomo
531 2684 723 2733 secundo,
745 2691 841 2727 sunt
872 2684 911 2727 in
941 2684 1085 2728 ordine
1107 2699 1240 2734 txxn,
1263 2699 1393 2735 lxxv,
1415 2691 1456 2727 et
1476 2698 1622 2734 Lxxx;
1654 2690 1697 2727 et
1718 2683 1802 2726 Au-

396 2741 547 2795 gustini
582 2742 635 2784 ad
671 2741 841 2784 lIieron.
871 2757 978 2799 quae
1013 2742 1053 2785 in
1091 2743 1159 2785 illo
1192 2742 1395 2786 volumine
1427 2749 1490 2785 est
1520 2755 1686 2785 Lxxxu.
1753 2741 1801 2783 In

397 2797 504 2839 hism-
538 2814 660 2854 porro
691 2799 871 2856 epistolis
904 2806 989 2843 tota
1018 2800 1264 2843 describitur
1293 2800 1341 2842 lis
1369 2806 1410 2842 ot
1441 2797 1721 2842 controversia
1749 2799 1801 2841 de
