2034 3204
452 257 539 298 336
933 255 1012 296 AN
1015 254 1055 296 N
1059 255 1320 298 OTATION
1325 256 1390 297 Es

514 365 562 406 P.
587 377 682 418 274.
706 364 731 406 l.
756 377 822 407 20.
854 363 1143 419 indisciplinati
1174 369 1216 405 et
1246 362 1413 418 superbi
1444 362 1703 418 postmodum
1734 361 1852 419 facti]

456 423 730 478 Neyliyentcs
758 430 798 464 et
827 422 1153 476 indisciplinati
1176 420 1250 462 διο.
1276 419 1454 476 [Baluzii
1481 419 1618 473 edit.].
1681 419 1858 461 Multum

455 480 620 522 variant
649 479 692 521 in
713 479 791 521 hoe
821 479 909 520 loco
930 484 1074 520 vetera
1093 477 1358 533 exemplaria.
1419 477 1575 518 Eorum
1601 477 1798 519 nonnulla
1817 483 1860 519 et

457 543 618 580 veteres
634 537 835 579 editiones
848 535 1005 578 habent
1019 536 1274 590 neyliyentes
1289 535 1549 590 disciplinae
1560 535 1733 590 superbi
1741 543 1859 590 post-

455 597 629 637 modum
645 595 781 650 facti.
842 593 937 634 Alia
966 592 1162 634 omittunt
1190 606 1332 634 vocem
1361 593 1616 647 neqliycntes
1645 598 1688 634 et
1719 607 1856 634 vocem
1873 605 1896 644 5

455 654 642 708 superbi,
659 652 816 693 habent
834 656 973 692 autem
994 655 1156 692 tantum
1177 658 1216 692 et
1236 650 1561 705 indisciplinati
1573 652 1858 705 postmodum.

458 711 660 761 Fuxense,
674 710 749 751 sed
767 709 840 750 illi
859 708 1115 763 ncyliyentes
1133 708 1416 763 disciplinam
1429 708 1702 763 postmodum
1721 708 1860 750 inobe-

455 769 618 810 dientes
623 768 761 822 facti.
784 765 940 808 BALU
944 766 989 807 Z.
1052 764 1153 808 cod.
1167 764 1301 807 Vossii
1321 764 1364 806 in
1384 765 1482 807 edit.
1506 764 1641 807 Oxon.
1657 765 1861 808 adductus

455 839 652 880 meusque
666 824 813 866 MStus
820 823 1115 865 Tewateranus
1125 823 1380 878 neyliyentes
1391 823 1728 878 disciplinarum
1739 837 1860 879 prae-

455 888 580 924 stant.
641 882 737 922 Duo
767 887 906 923 autem
927 880 1036 922 Novi
1059 879 1232 937 Collegii
1254 880 1425 923 Codices
1448 881 1703 936 neqliyentes
1728 882 1858 923 disci·
1876 897 1925 922 10

450 941 637 995 plinam.
698 939 819 981 Alter
830 953 930 980 vero
943 938 1125 994 ejusdem
1138 937 1311 994 collegii
1326 938 1480 988 Codex,
1494 939 1568 980 sed
1588 938 1659 980 illi
1674 946 1859 994 postmo-

456 998 560 1039 dum
579 997 906 1052 indisciplinati
911 997 1049 1051 facti,
1063 1003 1102 1038 et
1112 997 1285 1050 fiducia
1297 1004 1482 1052 patrum
1500 997 1660 1052 inflati,
1675 996 1856 1047 exhibet,

456 1054 660 1110 quomodo
695 1054 787 1096 MS.
820 1053 1054 1095 Drurianus
1083 1053 1284 1096 vetustior
1323 1068 1367 1095 se
1405 1053 1544 1095 habet.
1607 1053 1657 1095 In
1696 1060 1858 1096 textum

456 1118 626 1168 recepta
645 1117 709 1154 est
729 1111 848 1154 lectio
875 1111 1201 1167 indisciplinati
1219 1111 1262 1152 in
1282 1111 1461 1154 editione
1484 1110 1683 1168 Cypriani
1704 1112 1858 1154 Morel-

455 1169 578 1219 liana,
600 1184 706 1226 quae
726 1183 834 1211 anno
860 1171 973 1225 1564
992 1168 1103 1234 typis
1132 1168 1332 1225 impressa
1351 1175 1425 1211 est.
1487 1169 1619 1210 Porro
1640 1169 1692 1211 de
1713 1169 1857 1212 eadem
1875 1183 1923 1222 15

456 1241 556 1270 voce
585 1228 663 1269 hoc
692 1226 852 1269 notavit
880 1226 923 1268 in
953 1226 1134 1268 editione
1163 1241 1238 1268 sua
1266 1226 1389 1283 hujus
1419 1232 1622 1269 tractatus
1642 1226 1857 1278 Uenerius,

457 1299 575 1328 usum
614 1299 665 1327 ea
695 1284 820 1327 fuisso
854 1284 1066 1341 vulgatum
1111 1283 1388 1340 Interpretem
1427 1284 1472 1326 in
1512 1284 1749 1340 Sapientiae
1787 1284 1856 1327 lib.

456 1357 546 1399 cap.
569 1342 666 1392 xvii,
687 1357 830 1384 comm.
860 1356 894 1391 1,
920 1349 962 1384 et
992 1341 1159 1385 Glossas
1189 1348 1271 1384 vet.
1302 1342 1458 1384 habere
1487 1343 1857 1398 indisciplinatus,

456 1400 618 1453 ἀμαθής.
681 1401 773 1456 Ego
802 1399 963 1442 interea
991 1399 1195 1456 ablegatis
1224 1399 1360 1442 verbis
1389 1401 1644 1456 neyliyentes
1671 1408 1724 1449 et,
1752 1414 1858 1456 quae

456 1464 595 1500 tamen
635 1463 679 1500 et
712 1457 804 1500 MS.
842 1458 1072 1499 Meerman.
1111 1457 1311 1514 agnoscit,
1353 1456 1610 1514 Cyprianum
1649 1457 1858 1514 scripsisse
1873 1473 1923 1499 20

455 1515 659 1566 existimo,
672 1516 759 1558 Sed
773 1515 844 1557 illi
859 1516 1196 1571 indisciplinati,
1210 1523 1249 1558 et
1264 1516 1437 1571 superbi
1443 1516 1718 1571 postmodum
1719 1516 1855 1571 sacti,

456 1580 504 1615 ut
532 1573 655 1622 istud,
684 1573 939 1628 neyliqentes
968 1573 1318 1629 disciplinarum,
1340 1573 1418 1622 vel,
1446 1573 1720 1628 disciplinae,
1748 1573 1857 1616 vocis

457 1629 730 1688 Cyprianicae
750 1630 1075 1686 indisciplinati
1088 1629 1502 1686 interpretamentum
1522 1630 1738 1673 habeatur.

515 1687 620 1731 Ibid.
642 1688 669 1730 1.
686 1692 754 1731 26.
775 1687 849 1730 soli
870 1694 913 1730 et
932 1687 1033 1730 coeli
1053 1687 1116 1730 sui
1135 1687 1316 1745 profugi]
1337 1687 1616 1730 Tertullianus
1636 1687 1855 1745 Apologet.

455 1760 543 1802 cap.
568 1758 638 1796 αι,
669 1753 678 1769 ‘
702 1744 902 1802 Dispersi,
931 1745 1167 1801 palabundi,
1188 1752 1232 1788 et
1260 1746 1366 1789 coeli
1392 1753 1432 1788 et
1459 1746 1543 1788 soli
1571 1745 1643 1802 qui
1671 1754 1858 1789 extorres
1872 1758 1921 1798 25

454 1810 463 1826 ‘
487 1810 693 1860 vagantur
713 1818 789 1860 per
809 1803 978 1845 orbem.'

516 1860 622 1903 Ibid.
655 1861 681 1903 l.
717 1874 787 1916 30.
829 1860 958 1902 multo
997 1860 1176 1903 melioris
1219 1859 1403 1917 obsequii
1443 1866 1486 1903 et
1524 1859 1620 1902 fidei
1659 1860 1857 1917 fortioris]

455 1919 596 1961 Multo
606 1919 824 1974 fidelioris
843 1926 882 1961 et
903 1919 1093 1962 melioris
1113 1919 1303 1974 obsequii
1325 1917 1501 1972 [Baluzii
1517 1917 1653 1976 edit.].
1694 1918 1861 1962 Tertul-

455 1976 589 2019 lianus
623 1976 665 2018 in
700 1975 971 2033 Apologetieo
1005 1975 1178 2032 loquens
1211 1976 1265 2018 de
1295 1975 1482 2024 Judaeis,
1517 1975 1588 2042 qui
1625 1976 1747 2034 eulpa
1783 1990 1860 2018 sua

455 2034 679 2077 amiserant
708 2033 887 2091 gratiam
909 2033 1002 2085 Dei,
1024 2047 1151 2089 quum
1181 2033 1282 2076 coeli
1309 2039 1352 2076 et
1381 2033 1455 2075 soli
1484 2048 1547 2075 sui
1578 2039 1767 2076 extorres
1796 2048 1858 2076 es·
1870 2050 1922 2087 30

455 2098 561 2141 sent,
582 2091 641 2134 ait
670 2098 833 2134 sanctas
854 2106 973 2134 voces
1002 2090 1080 2133 illis
1110 2091 1422 2148 praenuntiasse
1450 2098 1459 2115 ‘
1481 2091 1542 2134 uti
1566 2091 1642 2134 sub
1663 2091 1858 2134 extremis

457 2156 467 2173 ‘
490 2149 702 2192 curriculis
722 2148 873 2192 sacculi
894 2164 945 2191 ex
973 2149 1083 2191 omni
1107 2155 1233 2205 gente
1263 2155 1306 2191 et
1335 2149 1485 2206 populo
1505 2154 1548 2191 et
1573 2149 1660 2191 loeo
1680 2149 1858 2192 cultores

457 2214 467 2231 ⁴
489 2207 565 2249 sibi
593 2207 810 2265 adlegeret
830 2207 946 2249 Deus
972 2206 1101 2249 multo
1122 2206 1355 2249 fideliores?
1416 2206 1668 2256 Lactantius,
1690 2220 1779 2263 cap.
1799 2221 1856 2263 43

458 2265 682 2322 Epitomes,
705 2271 716 2289 ⁶
736 2265 857 2307 aliam
879 2264 955 2307 sibi
976 2264 1138 2321 plebem
1159 2263 1383 2306 fideliorem
1405 2264 1457 2307 de
1481 2264 1635 2307 exteris
1664 2263 1858 2320 gentibus

457 2331 467 2347 ⁴
489 2322 792 2389 congregaret?
852 2322 999 2365 Plures
1028 2321 1123 2364 libri
1144 2328 1305 2364 veteres
1335 2327 1378 2364 et
1407 2321 1607 2364 editiones
1635 2322 1726 2364 heic
1744 2321 1856 2378 apud
1868 2335 1920 2375 35

457 2381 714 2438 cyprianum
737 2378 980 2437 praeferunt
999 2380 1132 2422 multo
1151 2380 1355 2423 meliores.
1418 2379 1467 2421 ln
1489 2379 1669 2422 Fuxensi
1689 2379 1855 2445 legitur,

455 2439 589 2482 multo
608 2438 800 2481 meliores
819 2438 1014 2494 obsequio
1034 2445 1072 2480 et
1083 2438 1174 2492 fide
1180 2438 1405 2493 fortiores.
1456 2437 1505 2479 In
1520 2436 1800 2505 Burgundmo,
1813 2437 1857 2479 in

457 2495 722 2545 Tornaeensi,
744 2501 787 2538 et
816 2495 858 2538 in
880 2494 1278 2552 Gratianopolitano‚
1299 2496 1433 2538 multo
1459 2495 1650 2538 melioris
1667 2495 1858 2551 obsequii

456 2562 495 2597 et
519 2555 631 2610 fidei
651 2554 872 2610 fortioris.
933 2553 1072 2609 Atque
1102 2552 1161 2595 ita
1190 2567 1235 2595 se
1269 2552 1417 2619 legisse
1447 2551 1488 2594 in
1518 2553 1688 2609 antiquo
1718 2567 1855 2595 exem·

456 2612 562 2669 plari
593 2617 771 2655 testatur
802 2610 1009 2668 Rigaltius
1043 2610 1085 2652 in
1117 2610 1470 2653 observationibus
1504 2610 1587 2652 suis
1621 2610 1674 2652 ad
1706 2609 1856 2667 Apolo-
1869 2626 1920 2661 40

455 2669 635 2727 geticum
666 2667 924 2712 Tertulliani.
984 2667 1066 2711 Alii
1095 2674 1182 2711 tres
1210 2667 1383 2725 antiqui,
1413 2669 1546 2711 vnztlto
1571 2668 1788 2724 fidelioris
1817 2675 1856 2711 et

455 2728 646 2770 melioris
660 2728 861 2783 obsequii.
898 2725 1162 2779 Turonensis,
1175 2726 1308 2769 multo
1317 2727 1427 2782 fidei
1433 2726 1657 2782 fortiores.
1700 2726 1856 2769 Carno-

456 2785 596 2834 tensis,
608 2785 742 2827 multo
748 2784 996 2840 faciliores.
1032 2784 1090 2827 At
1092 2785 1317 2840 feliciores
1330 2798 1404 2856 pro
1411 2784 1645 2840 faciliores
1657 2782 1735 2825 scri
1767 2788 1853 2826 tum

456 2848 519 2885 est
540 2842 579 2884 in
596 2842 747 2885 Codice
767 2841 897 2885 saneti
919 2841 1050 2884 Arnul
1084 2841 1138 2884 hi.
1170 2841 1373 2884 BALUL.
1427 2841 1489 2883 Ex
1509 2839 1748 2884 Codicibus.
1788 2839 1852 2882 ovi

456 2900 627 2955 Collcgii
660 2912 681 2942 2
705 2907 746 2941 ct
766 2914 809 2955 3,
831 2914 1002 2955 incoque
1078 2899 1152 2941 Sto
1183 2898 1276 2941 olim
1309 2899 1579 2942 Tewaterano
1606 2898 1746 2947 verba,
1772 2911 1917 2949 nic-45
