2034 3204
378 246 445 287 IN
481 244 1053 287 TERTULLIANl-DE
1093 244 1447 286 ORATIONE.
1530 245 1614 288 177

209 365 343 393 sermo
364 357 439 399 est,
461 350 732 406 quodcunque
753 349 941 398 senseris,
963 349 1069 391 ratio
1091 355 1154 390 est
1170 363 1258 405 cap.
1275 362 1314 404 5.
1377 350 1612 400 Quinetiam

209 408 317 451 infra
335 408 395 451 ait
406 407 697 456 Tertullianus,
721 414 730 430 ‘
745 416 944 464 quantum
966 406 1260 463 substringitur
1283 407 1430 456 verbis,
1451 413 1611 450 tantum

211 465 485 508 ‘diffunditur
505 465 717 507 sensibus.
751 465 970 521 Reponere
991 479 1088 506 vero
1110 464 1197 506 vult
1219 465 1390 506 Latinus
1412 465 1610 513 Latinius,

210 523 251 564 in
269 523 525 565 Bibliotheca
541 538 615 564 sua
637 523 767 565 Sacra
782 530 824 565 et
837 522 1029 571 Profana,
1044 537 1084 579 p.
1103 535 1192 578 194,
1207 537 1294 578 qua
1303 525 1520 578 promovit
1537 538 1611 580 pro

173 581 301 632 5isto,
322 595 410 637 qua
440 582 566 623 venit.
630 580 802 623 Habent
831 581 945 622 editt.
976 579 1214 646 Rigaltiana
1243 580 1509 636 antiquiores,
1531 595 1613 637 quo

210 640 336 681 venit.
397 638 540 680 Posuit
574 638 795 704 Rigaltius,
829 643 1054 694 praeeunte
1085 638 1114 680 J
1119 652 1200 679 unu
1241 637 1490 693 conjectura,
1524 654 1613 694 qua

209 697 336 738 venit.
396 695 455 738 At
474 710 573 738 vero
593 696 636 738 in
657 696 745 738 loco
765 695 903 738 statim
936 702 1028 752 post
1051 701 1261 761 sequente,
1290 695 1367 737 hoc
1392 701 1540 744 exstat,
1563 710 1614 738 ea·

210 755 379 796 ratione
408 769 497 810 qua
531 755 780 809 szwcipitur,
812 753 881 796 ubi
910 767 1035 810 quum
1070 753 1246 810 positum
1280 759 1389 796 esset
1421 753 1463 795 in
1494 753 1611 796 editt.

210 810 407 867 proximis
435 817 533 853 ante
555 811 797 877 Rigaltium,
828 826 878 854 eoe
909 813 1089 860 ratiove,
1119 825 1207 867 qua
1237 811 1423 859 docetur,
1455 818 1612 868 postea,

150 881 197 907 10
210 882 335 925 quum
366 868 408 910 in
438 868 805 912 Emendationibus
835 868 1072 925 Epidicticis
1101 869 1155 910 ad
1187 868 1328 925 Opera
1355 869 1612 915 Tertulliani,

209 940 276 968 an.
302 927 411 968 1608
433 926 566 975 editis,
592 926 838 969 ostendisset
856 927 1041 968 Joannes
1062 926 1359 968 Wouwerius
1350 941 1390 968 ιιι
1419 927 1510 969 MS.
1539 942 1612 969 suo

209 983 305 1049 legi,
322 999 373 1026 ew
391 986 561 1026 ratione
576 999 663 1040 qua
678 986 926 1040 suscipitur,
947 984 974 1025 i.
995 999 1030 1026 e.
1052 983 1321 1040 intelligitur;
1354 984 1431 1026 hoc
1447 984 1612 1041 quidem

211 1040 457 1098 Rigaltius
446 1056 489 1084 ιιι
519 1047 679 1084 textum
710 1041 878 1098 recepit,
909 1041 1087 1099 plurima
1106 1048 1149 1083 et
1178 1041 1275 1083 alibi
1304 1042 1347 1083 in
1368 1042 1612 1085 Tertulliani

210 1099 496 1141 emendatione
517 1099 650 1141 eidem
670 1099 758 1142 viro
779 1099 942 1142 erudito
963 1099 1130 1141 debens.
1192 1099 1374 1141 Maxime
1396 1106 1534 1142 autem
1554 1101 1615 1142 fa-

149 1167 196 1205 15
211 1170 308 1199 vere
327 1156 429 1198 haec
449 1157 577 1199 verba
597 1157 839 1199 correctioni
861 1171 976 1199 meae
996 1157 1249 1200 existimem·
1239 1189 1251 1205 ‚
1285 1171 1392 1213 quae
1412 1164 1551 1199 tamen
1571 1159 1613 1200 in

209 1213 352 1271 primis
372 1214 618 1257 editionibus
638 1215 938 1257 desiderantur.

268 1272 315 1314 P.
335 1285 427 1314 101.
458 1272 484 1315 l.
509 1285 574 1314 21.
604 1287 655 1314 ex
736 1272 847 1322 iritu,
869 1287 950 1328 quo
970 1278 1131 1315 tantum
1162 1271 1315 1328 potest]
1348 1272 1526 1314 Pulchre
1555 1273 1615 1315 ait

210 1329 488 1372 Tertullianus
515 1329 636 1379 infra,
669 1287 847 1372 ‘Slgeus
839 1330 948 1372 solus
983 1330 1131 1372 docere
1162 1329 1308 1386 potuit,
1339 1335 1386 1371 ut
1416 1345 1460 1372 se
1491 1330 1615 1372 vellet

211 1387 367 1429 ‘orari.
400 1387 496 1430 Ab
486 1402 574 1444 ipso
595 1387 722 1445 igitur
737 1387 929 1430 ordinata
948 1387 1094 1444 religio
1110 1387 1321 1437 orationis,
1339 1394 1382 1429 et
1398 1388 1450 1429 de
1466 1388 1613 1445 spiritu

147 1451 221 1484 20‘
243 1444 382 1501 ipsius,
406 1445 493 1501 jam
521 1452 618 1487 tunc
639 1459 764 1501 quum
785 1460 837 1488 ex
859 1459 931 1487 ore
951 1445 1089 1487 divino
1110 1445 1303 1493 ferretur,
1324 1445 1519 1494 animata,
1541 1461 1615 1487 suo

271 1502 456 1559 rivilegio
475 1503 660 1546 ascendit
691 1503 732 1544 in
763 1503 917 1546 coelum
950 1502 1239 1545 commendans
1268 1503 1383 1545 Patri
1409 1518 1516 1560 quae
1548 1504 1613 1545 Fi-

209 1509 320 1602 ‘lius
339 1560 502 1602 docuit?
531 1575 620 1617 cap.
638 1575 676 1614 9.

267 1618 314 1660 P.
336 1629 426 1660 102.
458 1618 483 1659 l.
509 1631 520 1659 ι
529 1632 569 1673 3.
601 1623 799 1674 sequente
826 1618 987 1675 sophia]
1026 1617 1218 1660 Scribere
1249 1618 1338 1660 vult
1372 1618 1614 1661 Franciscus

208 1675 237 1717 J
242 1675 372 1724 unius,
396 1690 569 1732 sequens
592 1678 747 1732 sophia
771 1678 820 1718 in
846 1678 1035 1732 sequenti
1051 1684 1282 1732 praecepto
1308 1678 1495 1732 proinde
1515 1692 1615 1733 per-

147 1743 196 1782 25
210 1734 315 1776 tinet
334 1734 558 1789 adsident,
580 1735 642 1776 ad
665 1735 918 1776 modestiam
937 1735 1059 1789 fidei.
1114 1734 1302 1776 Aberant
1321 1734 1428 1776 enim
1456 1735 1509 1777 ab
1530 1735 1615 1776 edi·

209 1790 388 1833 tionibus
417 1797 515 1834 ante
546 1791 772 1848 Rigaltium
803 1806 938 1842 voces,
957 1793 1071 1848 quod
1101 1794 1191 1841 εεει,
1222 1791 1422 1848 additque
1450 1793 1478 1834 J
1484 1792 1614 1840 unius

211 1850 432 1904 ‘proiude‚
452 1848 494 1890 id
516 1854 592 1900 est,
607 1850 802 1905 perinde,
822 1863 954 1906 aeque
977 1863 1026 1891 ac
1043 1848 1114 1891 illa
1133 1849 1413 1917 praecedens!
1473 1851 1615 1892 Malim

209 1920 288 1963 ego
327 1906 570 1956 rescribere,
601 1915 815 1963 sequentes
844 1908 1042 1963 sophiam
1081 1908 1129 1948 in
1162 1909 1351 1963 sequenti
1382 1916 1615 1964 praecepto

208 1964 237 2006 J
239 1978 305 2006 am
325 1978 452 2020 supra
480 1969 637 2013 auctor,
663 1965 1253 2008 Ommderemus—coelestmn
1272 1965 1360 2020 ejus
1379 1965 1589 2021 sophiam.

145 2034 197 2070 30
268 2021 505 2064 Ibid.l.18
538 2022 696 2078 sumus]
734 2022 816 2064 Ριο
836 2024 983 2071 simus,
1008 2023 1119 2078 quod
1149 2022 1191 2064 in
1219 2028 1396 2078 utraque
1424 2037 1501 2067 sua
1529 2023 1615 2065 edi-

210 2078 320 2122 tione
341 2078 476 2136 posuit
497 2079 718 2145 Rigaltius,
742 2080 818 2121 hoc
838 2094 916 2136 ego
937 2095 1028 2122 cum
1051 2079 1282 2122 Muratorio
1302 2081 1505 2123 revocavi.

268 2136 374 2180 Ibid.
421 2136 600 2179 brevitas
639 2136 730 2187 ista,
767 2137 878 2193 quod
923 2138 978 2180 ad
1017 2138 1187 2181 tertium
1227 2137 1396 2194 sophiae
1435 2138 1612 2196 gradum

209 2194 352 2251 faciat]
390 2194 438 2236 Id
468 2200 544 2244 est,
577 2194 758 2237 brevitas
793 2194 989 2237 orationis
1021 2195 1261 2238 Dominicae
1290 2196 1418 2238 habet
1449 2196 1613 2253 plenam

210 2252 606 2309 interpretationem,
629 2258 671 2295 et
694 2259 893 2309 quantum
916 2253 1051 2296 verbis
1071 2259 1319 2301 coarctatur,
1342 2259 1503 2296 tantum
1524 2269 1615 2296 sen-

145 2320 196 2359 35
210 2310 321 2352 sibus
347 2310 603 2352 diffunditur.
666 2310 860 2353 Continet
889 2311 996 2353 enim
1027 2325 1189 2353 omnem
1218 2311 1317 2354 disci
1350 2311 1474 2354 linam
1504 2312 1613 2354 fidei.

210 2367 400 2410 Brevitas
429 2373 567 2410 autem
588 2368 733 2410 orandi
754 2368 933 2424 pertinet
954 2368 1009 2411 ad
1034 2369 1199 2411 tertium
1232 2326 1407 2435 gradun}
1430 2369 1612 2426 sophiae,

209 2425 251 2468 id
271 2431 348 2474 est,
369 2439 491 2481 quem
519 2425 762 2482 significavit
789 2426 869 2468 Dei
898 2426 1112 2483 Sapientia
1141 2432 1183 2469 et
1209 2441 1298 2483 eJus
1330 2427 1469 2469 Filius.
1523 2428 1613 2469 Pri-

209 2498 299 2525 mus
320 2483 426 2525 enim
447 2483 603 2540 gradus
623 2489 699 2532 est,
720 2483 762 2526 id
782 2489 860 2534 est,
882 2484 1060 2540 primum
1090 2490 1355 2550 praeceptum
1381 2490 1456 2532 est,
1477 2490 1525 2527 ut
1547 2499 1610 2526 se-

208 2547 322 2583 creto
357 2555 532 2589 oremuS,
568 2540 771 2583 secundus
808 2547 856 2584 ut
888 2556 978 2583 cum
1019 2542 1113 2591 fide,
1149 2541 1297 2584 tertius
1331 2548 1378 2584 ut
1413 2542 1607 2584 breviter.

144 2612 196 2647 40
209 2598 418 2640 MURAT
422 2597 537 2640 ORI.
594 2597 735 2640 Malim
750 2598 900 2650 dicere,
920 2598 1096 2665 primum
1118 2599 1294 2656 gradum
1316 2599 1394 2640 hoc
1414 2599 1501 2641 loco
1522 2615 1611 2642 esse

208 2665 390 2698 secretas
408 2669 565 2720 preceS‚
587 2660 810 2697 secundum
824 2670 922 2698 vero
943 2656 1188 2699 brevitatem
1211 2657 1418 2703 orationis.
1440 2657 1608 2700 tertium

208 2713 385 2770 denique
419 2712 661 2755 brevitatem
693 2713 813 2755 istam
846 2714 1007 2770 magnis
1038 2720 1081 2756 et
1111 2714 1294 2780 pulchris
1325 2714 1510 2757 sensibus
1546 2730 1611 2758 re-

208 2771 373 2822 fertam,
389 2784 577 2826 quaeque
598 2770 784 2826 copiosae
804 2785 851 2813 ac
878 2771 1104 2814 foecundae
1133 2771 1487 2828 interpretationis
1513 2774 1609 2816 sub-

209 2829 321 2870 sidiis
341 2829 446 2870 fulta
466 2828 530 2870 sit.

146 2899 196 2938 45
270 2886 373 2928 Ibid.
395 2886 420 2927 l.
446 2899 511 2941 23.
544 2885 607 2927 vel
636 2885 942 2928 venerationem
965 2886 1065 2944 Dei]
1099 2887 1285 2944 Reperta
1315 2902 1422 2930 nunc
1453 2887 1495 2929 in
1525 2888 1611 2930 edi-

326 2957 416 2985 von.
436 2957 461 2984 ι.
903 2957 929 2984 N
