2034 3204
421 221 507 260 240
928 218 1317 260 FIRMILIANI

421 334 675 374 venturum
727 329 965 388 quendam
1017 343 1235 374 aversum
1281 334 1330 374 et
1381 333 1665 374 tentatorem
1720 325 1827 372 infi-

419 407 586 451 delem.
659 405 844 451 Tamen
876 405 956 451 ille
987 405 1222 451 exorcista
1255 406 1518 466 inspiratus
1542 405 1634 451 Dei
1669 404 1827 467 gratia

422 483 610 530 fortiter
639 483 831 538 restitit,
855 490 903 529 et
932 499 1032 529 esse
1061 484 1198 529 illum
1222 484 1569 543 nequissimum
1602 483 1827 543 spiritum

421 561 506 621 qui
546 560 680 620 prius
721 566 913 606 sanctus
951 561 1214 619 putabatur
1250 561 1471 606 ostendit.
1549 560 1705 621 Atqui
1745 560 1828 606 illa

421 638 605 693 mulier,
630 654 751 698 quae
786 638 919 698 prius
954 653 1040 697 per
1073 638 1357 700 praestigias
1392 643 1439 683 et
1471 638 1684 684 fallacias
1719 639 1828 684 dae·
1842 647 1864 686 5

422 716 593 770 monis,
624 717 779 761 multa
812 716 870 760 ad
907 715 1234 774 deceptionem
1272 714 1486 761 fidelium
1526 715 1827 770 moliebatur,

421 793 548 839 inter
581 799 738 839 cetera
772 792 947 852 quibus
983 792 1214 852 plurimos
1251 793 1513 852 deceperat,
1551 793 1699 839 etiam
1741 793 1828 839 hoc

421 870 696 930 frequenter
718 886 835 916 ausa
858 877 944 924 est,
968 876 1025 916 ut
1055 877 1104 916 et
1134 870 1434 916 invocatione
1465 886 1562 917 non
1584 876 1829 931 contemp-

423 948 549 994 tibili
586 947 880 994 sanctificare
920 963 970 993 se
1004 963 1176 1008 panem
1212 955 1261 994 et
1295 949 1638 996 eucharistiam
1674 949 1830 996 facere

421 1025 682 1079 simularet,
719 1031 768 1071 et
807 1023 1093 1071 sacrificium
1131 1025 1340 1072 Domino
1385 1042 1480 1072 non
1527 1026 1629 1072 sine
1674 1042 1831 1074 sacra·
1847 1047 1895 1072 10

422 1109 584 1148 mento
606 1102 774 1148 solitae
798 1102 1166 1162 praedicationis
1184 1104 1394 1160 offerret3
1418 1105 1687 1165 baptizaret
1711 1120 1828 1165 quo-

422 1196 515 1240 que
538 1182 715 1227 multos
739 1180 921 1226 usitata
949 1187 997 1226 et
1026 1180 1245 1242 legitima
1267 1182 1413 1228 verba
1438 1182 1829 1245 interrogationis

422 1273 673 1318 usurpans,
710 1265 765 1303 ut
799 1257 868 1303 nil
905 1258 1174 1317 discrepare
1214 1259 1275 1304 ab
1312 1259 1628 1316 ecclesiastica
1664 1261 1830 1321 regula

422 1335 675 1381 videretur.
746 1335 876 1389 Quid
905 1335 1057 1397 igitur
1084 1336 1142 1381 de
1165 1336 1312 1397 hujus
1340 1337 1579 1396 baptismo
1601 1337 1830 1392 dicemus,

422 1428 518 1472 quo
542 1412 863 1472 nequissimus
897 1414 1098 1458 daemon
1133 1428 1219 1471 per
1250 1413 1498 1459 mulierem
1526 1414 1827 1474 baptizavit?
1848 1426 1894 1465 15

424 1491 658 1550 Nunquid
693 1498 742 1536 et
775 1491 864 1537 hoc
900 1491 1186 1550 Stephanus,
1215 1497 1264 1537 et
1298 1491 1382 1551 qui
1418 1491 1489 1537 illi
1524 1493 1830 1539 consentiunt

420 1569 733 1627 comprobant
751 1569 773 1614 ἶ)
810 1568 1018 1614 maxime
1042 1568 1119 1615 cui
1151 1584 1236 1614 nec
1260 1569 1530 1629 symbolum
1555 1569 1827 1624 Trinitatis,

422 1661 506 1692 nec
553 1645 866 1708 interrogatio
912 1646 1130 1708 legitima
1175 1652 1224 1692 et
1270 1646 1586 1693 ecclesiastica
1633 1647 1826 1694 defuit?

424 1723 590 1769 Potest
620 1724 747 1770 credi
779 1730 865 1769 aut
893 1723 1110 1769 remissio
1146 1731 1446 1783 peccatorum
1481 1726 1608 1779 data,
1642 1731 1728 1771 aut
1761 1727 1830 1771 la-

423 1801 548 1847 vacri
587 1801 810 1847 salutaris
846 1800 1144 1863 regeneratio
1178 1801 1266 1847 rite
1301 1802 1524 1861 perfecta,
1548 1802 1632 1848 ubi
1667 1802 1828 1849 omnia
1846 1820 1894 1846 20

422 1879 644 1938 quamvis
664 1879 723 1925 ad
743 1878 1003 1941 imaginem
1023 1878 1253 1934 veritatis,
1270 1885 1430 1925 tamen
1449 1895 1533 1939 per
1550 1881 1827 1926 daemonem

421 1963 557 2018 gesta
580 1957 723 2003 sunt?
763 1956 856 2002 nisi
886 1956 926 2002 si
958 1963 1007 2002 et
1037 1958 1317 2003 daemonem
1353 1957 1402 2002 in
1428 1956 1619 2003 nomine
1653 1957 1828 2012 Patris,

422 2042 470 2080 et
496 2034 626 2089 Filii,
651 2042 698 2081 et
722 2035 931 2095 Spiritus
956 2034 1134 2088 Sancti,
1157 2035 1366 2097 gratiam
1391 2035 1619 2095 baptismi
1642 2035 1828 2082 dedisse

422 2114 729 2166 contendunt,
767 2112 852 2173 qui
888 2112 1235 2159 haereticorum
1274 2113 1511 2173 baptisma
1551 2112 1825 2159 defendunt.

422 2189 572 2250 Apud
607 2206 727 2251 quos
763 2190 866 2236 sine
899 2189 1046 2236 dubio
1082 2190 1206 2236 idem
1248 2206 1378 2236 error
1417 2197 1504 2245 est,
1542 2191 1826 2238 daemonum
1845 2208 1892 2246 25

423 2267 612 2314 fallacia
635 2269 740 2328 ipsa
764 2274 863 2322 est;
900 2268 1092 2327 quando
1116 2269 1240 2327 apud
1268 2268 1373 2314 illos
1398 2268 1593 2314 omnino
1616 2268 1827 2329 Spiritus

423 2345 628 2393 Sanctus
663 2362 756 2392 non
792 2352 877 2391 est.
950 2345 1077 2392 Illud
1112 2346 1256 2391 etiam
1291 2347 1432 2406 quale
1463 2352 1548 2399 est,
1573 2347 1699 2407 quod
1723 2347 1828 2393 vult

425 2423 714 2483 Stephanus,
740 2423 815 2469 his
843 2423 927 2483 qui
955 2424 1082 2483 apud
1108 2423 1368 2470 haereticos
1393 2423 1718 2484 baptizantur,
1743 2424 1828 2470 ad·

425 2516 525 2548 esse
556 2501 872 2562 praesentiam
901 2508 951 2548 et
982 2501 1345 2548 sanctimoniam
1372 2501 1584 2549 Christi?
1622 2502 1750 2549 Nam
1786 2502 1825 2548 si

205 2593 278 2625 (ω,
301 2594 342 2625 m.
362 2603 411 2635 27.
427 2595 521 2626 non
554 2579 786 2626 mentitur
808 2578 1083 2640 ApostoluS,
1108 2579 1284 2635 dicenti,
1310 2579 1538 2642 Quotquot
1562 2579 1613 2628 in
1639 2578 1827 2628 Christo
1841 2599 1892 2637 30

426 2657 558 2703 tincti
598 2657 720 2712 escis,
762 2654 999 2706 Christum
1039 2655 1270 2712 induisti&
1311 2657 1479 2718 utique
1516 2658 1598 2718 qui
1638 2657 1734 2704 illic
1776 2656 1825 2703 in

424 2734 619 2782 Christo
638 2735 908 2796 baptizatus
932 2743 1016 2791 est,
1035 2735 1192 2782 induit
1211 2735 1478 2791 Christum;
1503 2736 1544 2782 si
1568 2741 1728 2783 autem
1754 2735 1826 2781 in-

423 2813 530 2858 duit
555 2812 817 2868 Christum,
843 2814 1053 2874 accipere
1078 2813 1236 2874 potuit
1264 2819 1311 2860 et
1335 2812 1570 2874 Spiritum
1595 2814 1822 2860 Sanctum
