2034 3204
236 553 339 584 Μαι.
357 553 422 585 xix.

235 605 338 671 iiia.
354 640 410 671 vii.

235 693 288 722 24.

230 781 333 813 Matt.
341 792 371 813 v.
387 791 435 825 ¹9·

227 1329 327 1361 Joan.
346 1329 414 1362 xiii.

230 1382 282 1414 34.
313 1384 368 1405 xv.
386 1383 435 1406 12.

230 1941 322 1973 1Cor.
329 1939 430 1980 xiii.4.

230 2505 241 2527 ι
257 2495 331 2528 Cor.
345 2494 390 2526 iii.
409 2503 434 2525 1.

451 280 537 320 324
960 279 1000 321 S.
1036 279 1352 320 CYPRIANI

452 402 597 447 quam
643 390 985 450 praevaricatio
1032 397 1103 435 est
1144 389 1297 434 divini
1338 387 1557 440 nominis,
1593 400 1737 446 quam
1778 386 1858 430 de-

454 465 599 511 sertio
629 465 815 512 itineris
848 466 1085 520 salutaris,
1110 466 1302 525 quando
1333 465 1434 524 ipse
1457 464 1622 510 doceat
1652 469 1699 508 et
1730 461 1857 507 dicat

454 557 562 587 eum
611 543 671 588 ad
713 543 859 588 vitam
902 543 1063 588 venire
1098 542 1182 602 qui
1227 542 1454 587 mandata
1500 538 1775 594 servaverit,
1810 544 1857 583 et

454 633 564 664 eum
588 635 689 665 esse
712 619 976 679 sapientem
996 619 1081 679 qui
1096 619 1242 665 verba
1264 619 1368 680 ejus
1392 617 1600 664 audierit
1617 623 1665 662 et
1677 614 1856 671 fecerit,

452 694 690 740 doctorem
716 710 906 754 quoque
929 710 1039 741 eum
1063 695 1330 742 maximum
1363 696 1411 740 in
1442 710 1589 757 regno
1619 694 1855 739 coelorum
1870 701 1894 740 5

453 772 614 818 vocari
652 772 737 832 qui
771 772 936 818 fecerit
972 779 1020 819 et
1055 773 1122 819 sic
1156 773 1384 829 docuerit,
1415 779 1529 818 tunc
1563 769 1859 832 praedicanti

450 849 757 910 profutumm
792 851 920 910 quod
967 851 1087 897 bene
1122 857 1267 911 atque
1305 850 1491 897 utiliter
1530 848 1855 910 praedicatum

450 927 612 981 fuerit,
648 928 690 973 si
727 927 778 973 id
812 930 940 988 quod
981 944 1062 974 ore
1098 929 1337 989 promitur
1370 928 1507 974 factis
1548 926 1856 987 sequentibus

450 1004 722 1065 impleatur.
792 1005 922 1059 Quid
947 1021 1060 1052 vero
1089 1006 1354 1052 insinuavit
1377 1006 1588 1052 crebrius
1610 1003 1858 1064 discipulis

449 1081 549 1127 suis
578 1081 831 1136 Dominus,
855 1082 972 1143 quid
1007 1082 1134 1129 inter
1160 1083 1390 1130 salutaria
1425 1082 1605 1128 monita
1640 1088 1688 1128 et
1722 1096 1857 1141 prae·
1874 1096 1922 1122 10

448 1164 586 1217 cepta
622 1159 844 1205 coelestia
880 1159 1244 1206 custodiendtun
1282 1160 1437 1222 magis
1474 1159 1856 1217 servandumque

450 1237 711 1289 mandavit,
736 1252 878 1296 quam
914 1243 970 1282 ut
993 1238 1157 1282 eadem
1191 1237 1444 1283 dilectione
1466 1252 1564 1296 qua
1597 1235 1856 1295 discipulos

450 1313 551 1373 ipse
583 1313 754 1361 dilexit
786 1330 871 1360 nos
899 1330 1090 1375 quoque
1121 1315 1325 1362 invicem
1356 1314 1616 1377 diligamus
1635 1314 1658 1359 ’ἓ
1727 1312 1857 1367 Quo-

449 1392 590 1436 modo
621 1398 782 1437 autem
807 1393 879 1438 vel
914 1407 1078 1452 pacem
1103 1392 1301 1438 Domini
1325 1394 1400 1438 vel
1432 1392 1679 1438 caritatem
1711 1394 1855 1443 tenet,

447 1468 531 1527 qui
567 1468 888 1515 intercedente
924 1471 1028 1516 zelo
1063 1486 1147 1516 nec
1182 1469 1406 1530 pacificus
1441 1476 1595 1530 potest
1631 1483 1731 1515 esse
1767 1481 1853 1513 nec
1873 1477 1920 1516 15

447 1560 586 1591 carus
601 1546 623 1591 ἶ)
673 1546 788 1592 Ideo
806 1553 854 1592 et
869 1546 1133 1607 Apostolus
1150 1547 1344 1602 Paulus,
1360 1562 1510 1607 quum
1528 1546 1659 1607 pacis
1674 1551 1721 1591 et
1735 1542 1857 1591 cari-

448 1623 562 1670 tatis
581 1623 754 1670 merita
767 1625 1076 1684 depromeret,
1093 1640 1337 1685 quumque
1353 1630 1641 1671 asseveraret
1655 1622 1856 1669 firmiter

447 1708 496 1746 et
528 1701 717 1747 doceret
745 1717 830 1748 nec
856 1701 994 1748 fidem
1030 1702 1122 1748 sibi
1155 1717 1240 1748 nec
1275 1703 1595 1762 eleemosynas
1630 1716 1715 1747 nec
1749 1715 1854 1760 pas-

447 1778 629 1824 sionem
667 1794 856 1839 quoque
890 1779 1044 1839 ipsam
1079 1779 1360 1826 confessoris
1395 1786 1443 1825 et
1479 1779 1708 1839 martyris
1747 1793 1855 1838 pro-

446 1855 674 1911 futuram,
690 1856 783 1902 nisi
801 1856 1017 1902 caritatis
1032 1856 1223 1903 foedera
1246 1857 1434 1919 integra
1456 1863 1601 1917 atque
1623 1855 1856 1902 inviolata
1870 1868 1919 1895 20

446 1940 695 1988 servasset,
736 1934 912 1995 adjecit
952 1940 999 1980 et
1037 1933 1178 1990 dixit,
1219 1932 1407 1982 Caritas
1441 1933 1737 1998 maqnanima
1774 1938 1854 1989 est,

446 2011 619 2058 caritas
653 2009 848 2075 benigna
882 2016 959 2063 est,
996 2011 1168 2058 caritas
1203 2027 1296 2059 non
1330 2010 1462 2059 zelat.
1532 2011 1720 2058 Docens
1765 2010 1855 2058 sci-

446 2088 556 2135 licet
592 2095 638 2135 et
674 2090 927 2135 ostendens
959 2105 1068 2135 eum
1104 2105 1241 2150 posse
1269 2090 1516 2137 caritatem
1541 2095 1700 2136 tenere
1723 2088 1854 2149 quis-

446 2166 555 2226 quis
580 2166 918 2228 magnanimus
933 2166 1080 2213 fuerit
1098 2173 1146 2213 et
1165 2167 1398 2230 benignus
1423 2175 1469 2214 et
1495 2166 1587 2214 zeli
1611 2181 1665 2213 ac
1689 2165 1854 2213 livoris

446 2243 644 2290 alienus.
718 2243 839 2289 Item
881 2243 977 2290 alio
1017 2245 1132 2298 loco,
1169 2260 1319 2305 quum
1358 2250 1572 2291 moneret
1612 2250 1665 2290 ut
1710 2244 1854 2290 homo
1869 2256 1918 2295 25

440 2322 545 2383 jam
593 2321 768 2368 Sancto
814 2321 1002 2382 Spiritu
1053 2324 1221 2382 plenus
1268 2329 1316 2369 et
1362 2322 1616 2369 nativitate
1661 2320 1853 2368 coelesti

448 2399 537 2446 Dei
578 2399 704 2446 filius
742 2399 897 2446 factus
938 2414 1033 2445 non
1073 2400 1165 2446 nisi
1203 2399 1439 2459 spiritalia
1474 2407 1521 2446 et
1557 2399 1724 2446 divina
1757 2414 1854 2446 sec-

448 2483 591 2533 tetur,
630 2476 765 2537 pouit
803 2483 853 2523 et
891 2476 1021 2530 dicit,
1063 2476 1128 2524 Et
1175 2492 1254 2542 eqo
1294 2476 1489 2540 quidem,
1523 2475 1719 2540 fratres,
1761 2491 1853 2523 non

439 2556 576 2617 potui
613 2552 735 2601 vobis
777 2552 904 2616 loqui
941 2553 1075 2616 quasi
1119 2553 1418 2618 spiritalibus,
1457 2553 1538 2601 sed
1581 2554 1715 2619 quasi
1753 2570 1854 2601 car-

447 2630 641 2688 nalibus,
677 2638 894 2695 tanquam
933 2630 1191 2695 infantibus
1232 2632 1283 2679 in
1320 2630 1522 2682 Christo.
1591 2629 1731 2679 Lacte
1776 2646 1852 2679 vos
1865 2646 1918 2684 30

443 2708 612 2771 potavi,
655 2725 746 2755 mm
787 2706 922 2761 cibo,-
974 2708 1176 2756 nondum
1217 2709 1338 2756 enim
1379 2709 1618 2772 poteratis,
1659 2707 1740 2756 sed
1776 2723 1853 2755 ne-

448 2803 532 2847 que
567 2802 688 2833 nunc
718 2786 920 2849 potestis.
991 2785 1161 2834 Adlmc
1191 2786 1312 2834 enim
1348 2784 1453 2833 estis
1491 2785 1731 2839 carnales;
1775 2784 1852 2832 ubi

447 2865 565 2909 enim
605 2865 652 2910 in
684 2863 804 2910 vohis
837 2862 960 2910 zelus
998 2870 1038 2909 et
1070 2865 1295 2911 contentio
1330 2870 1371 2909 et
1405 2863 1706 2910 dissensiones
1733 2869 1850 2915 sant,
