2034 3204
176 563 292 596 CAP.
308 563 372 596 ult.

177 606 230 638 De
246 607 279 638 vi
295 611 330 639 et

174 650 297 682 affeetu
312 662 382 682 ora-

175 694 288 726 tionis.

173 1188 233 1220 Bel
250 1192 285 1220 et
296 1189 380 1220 Dra-

172 1243 221 1271 co,
239 1242 291 1273 33·
305 1243 357 1274 34·

172 1956 251 1988 Luc.
267 1958 309 1988 ix.
322 1966 374 1996 54.

401 217 486 256 1⁶20
871 217 1328 260 TERTULLIANI

399 341 507 371 cum
531 341 707 386 pompa
729 342 925 387 operum
961 329 1192 374 bonorum
1216 328 1341 373 inter
1363 329 1570 387 psalmos
1594 333 1642 373 et
1664 328 1805 388 hym-

399 418 485 448 nos
516 404 745 449 deducere
768 405 826 450 ad
853 404 946 450 Dei
977 407 1127 451 altare
1154 406 1392 458 debemus,
1416 404 1577 450 omnia
1607 404 1746 451 nobis
1773 420 1803 450 a

398 479 502 525 Deo
524 479 903 540 impetraturam.

463 556 593 610 Quid
625 557 754 603 enim
787 558 992 604 orationi
1016 559 1075 604 de
1098 558 1273 618 spiritu
1295 564 1343 604 et
1366 557 1567 604 veritate
1590 557 1798 603 venienti

396 633 591 695 negavit
609 632 759 695 [for-5.
775 634 997 697 negabit]
1016 635 1162 688 Deus,
1181 635 1266 695 qui
1289 650 1395 681 eam
1418 635 1607 697 exigit?
1655 635 1799 697 Legi·
1814 649 1837 688 5

395 727 517 764 mus,
554 718 602 757 et
642 712 882 766 audimus,
919 719 967 758 et
1007 712 1258 766 credimus,
1295 718 1478 773 quanta
1517 714 1802 758 documenta

393 787 627 834 efficaciae
662 790 780 850 ejus.
831 790 984 836 Vetus
1012 790 1206 850 quidem
1242 790 1394 835 oratio
1420 797 1469 836 et
1503 791 1564 836 ab
1592 790 1800 852 ignibus,

393 872 440 910 et
469 881 495 910 a
529 866 707 919 bestiis,
736 874 783 912 et
814 867 875 912 ab
906 867 1066 913 inedia
1099 867 1348 920 liberabat,
1379 874 1428 913 et
1455 874 1616 913 tamen
1648 883 1743 912 non
1772 882 1802 912 a

394 942 588 988 Christo
633 951 879 1003 acceperat
925 945 1143 990 formam.
1215 943 1440 990 Ceterum
1474 951 1656 1004 quanto
1701 959 1802 989 am-

392 1020 518 1079 plius
554 1021 707 1067 oratio
735 1021 1028 1076 Christiana,
1058 1038 1153 1068 non
1193 1021 1314 1068 roris
1342 1021 1585 1084 Angelum
1618 1022 1669 1067 in
1704 1038 1801 1068 me·
1817 1045 1867 1071 10

392 1097 484 1143 diis
532 1098 724 1159 ignibus
771 1098 912 1152 sistit,
949 1115 1034 1145 nec
1071 1115 1155 1145 ora
1199 1098 1415 1144 leonibus
1456 1098 1676 1153 obstruit,
1714 1115 1800 1145 nec

392 1175 712 1221 esurientibus
745 1176 1031 1222 rusticorum
1065 1176 1321 1237 prandium
1350 1176 1588 1229 transfert,
1613 1178 1799 1223 nullum

391 1269 585 1298 sensum
609 1253 843 1312 passionis
861 1255 1082 1316 delegata
1103 1254 1261 1316 gratia
1284 1254 1491 1300 advertit
1510 1254 1653 1315 [corr.
1664 1270 1800 1300 aver-

393 1330 500 1392 tit];
538 1332 620 1377 sed
656 1332 905 1390 patientes,
942 1339 990 1378 et
1024 1332 1297 1386 sentientes,
1332 1339 1380 1378 et
1413 1333 1624 1378 dolentes
1659 1332 1800 1377 suffe-

391 1407 546 1453 rentia
570 1407 779 1459 instruit,
799 1409 977 1454 virtute
1001 1409 1200 1469 ampliat
1222 1409 1443 1471 gratiam,
1463 1416 1516 1455 ut
1541 1409 1657 1455 sciat
1682 1407 1797 1454 fides
1816 1425 1864 1464 15

391 1485 506 1545 quid
533 1501 561 1530 a
579 1485 788 1534 Domino
811 1493 1140 1546 consequatur,
1165 1486 1436 1548 intelligens
1454 1486 1569 1546 quid
1594 1502 1681 1546 pro
1705 1485 1797 1532 Dei

393 1562 583 1608 nomine
623 1563 848 1622 patiatur.
920 1564 1011 1610 Sed
1048 1571 1096 1610 et
1130 1570 1257 1610 retro
1291 1564 1444 1609 oratio
1476 1566 1643 1626 plagas
1679 1564 1797 1609 irro-

390 1640 549 1701 gabat,
585 1639 815 1686 fundebat
856 1641 1066 1686 hostium
1105 1641 1355 1693 exercitus,
1393 1641 1619 1686 imbrium
1657 1640 1798 1686 utilia

390 1717 688 1777 prohibebat.
748 1718 890 1764 Nunc
915 1734 1026 1764 vero
1050 1719 1202 1764 oratio
1218 1718 1439 1779 justitiae
1461 1734 1648 1764 omnem
1674 1719 1794 1764 iram

390 1794 480 1839 Dei
506 1794 693 1847 avertit,
719 1810 805 1854 pro
829 1795 1035 1841 inimicis
1059 1796 1276 1848 excubat,
1294 1811 1381 1855 pro
1404 1795 1796 1855 persequentibus
1812 1819 1862 1843 20

389 1871 639 1931 supplicat.
713 1872 894 1918 Mirum
919 1872 960 1918 si
985 1888 1134 1933 aquas
1162 1874 1384 1918 coelestes
1407 1879 1689 1932 extorquere
1713 1889 1797 1919 no-

391 1949 472 2000 vit,
498 1965 620 2008 quae
646 1949 802 2008 potuit
825 1957 873 1995 et
898 1950 1030 2011 ignes
1056 1950 1312 2009 impetrare
1327 1950 1349 1995 ?
1415 1950 1526 1995 Sola
1548 1958 1618 1995 est
1643 1951 1796 1996 oratio

389 2041 511 2085 quae
550 2026 705 2071 Deum
745 2026 907 2072 vincit.
979 2027 1070 2072 Sed
1111 2026 1333 2072 Christus
1373 2042 1477 2073 eam
1522 2027 1642 2072 nihil
1680 2028 1794 2073 mali

392 2104 525 2149 novit
558 2103 709 2166 [jhm.
727 2103 902 2165 voluit]
933 2105 1133 2164 operari.
1206 2103 1414 2150 Omnem
1457 2105 1527 2150 illi
1567 2105 1793 2151 virtutem

389 2180 447 2223 de
473 2179 595 2223 bono
618 2179 834 2225 contulit.
908 2180 1076 2239 Itaque
1104 2179 1226 2225 nihil
1260 2179 1409 2235 novit,
1435 2179 1526 2225 nisi
1551 2180 1795 2227 defuncto·
1810 2198 1858 2235 25

390 2270 493 2300 rum
533 2255 718 2301 animas
753 2258 811 2302 de
851 2256 953 2316 ipso
991 2256 1156 2302 mortis
1194 2256 1364 2303 itinere
1401 2272 1579 2310 vocare,
1615 2258 1793 2304 debiles

390 2331 658 2386 reformare,
697 2348 865 2394 aegros
904 2333 1180 2386 remediare,
1221 2333 1550 2380 daemoniacos
1585 2334 1793 2394 expiare,

386 2409 593 2455 claustra
633 2410 832 2456 carceris
869 2410 1068 2470 aperire,
1106 2411 1298 2457 vincula
1339 2410 1661 2458 innocentium
1703 2415 1794 2459 sol-

387 2503 508 2533 vere.
566 2487 749 2534 Eadem
775 2487 918 2534 diluit
941 2487 1125 2541 delicta,
1152 2487 1438 2535 tentationes
1464 2489 1664 2549 repellit,
1688 2506 1792 2550 per-

385 2564 690 2624 sequutiones
709 2565 988 2628 exstinguit,
1010 2565 1338 2626 pusillanimos
1357 2568 1642 2622 consolatur,
1660 2583 1791 2630 mag·-
1805 2589 1855 2624 30

388 2642 602 2687 unanimos
627 2642 843 2695 oblectat,
861 2643 1217 2706 peregrinantes
1242 2642 1445 2698 deducit,
1466 2642 1636 2690 fluctus
1661 2644 1789 2691 miti-

383 2726 482 2778 gat,
508 2720 712 2765 latrones
743 2719 1075 2780 obstupefacit,
1099 2719 1186 2767 alit
1219 2735 1463 2780 pauperes,
1489 2720 1611 2783 regit
1635 2718 1786 2783 [jin-s.

384 2795 575 2857 dirigit]
621 2796 805 2851 divites,
853 2799 1008 2857 lapsos
1055 2797 1208 2859 erigit,
1256 2798 1475 2844 cadentes
1526 2798 1788 2857 suspendit,
