<?xml version="1.0" encoding="UTF-8"?>
<!DOCTYPE html PUBLIC "-//W3C//DTD XHTML 1.0 Transitional//EN"
    "http://www.w3.org/TR/xhtml1/DTD/xhtml1-transitional.dtd">
<html xmlns="http://www.w3.org/1999/xhtml" xml:lang="en" lang="en">
 <head>
  <title>
</title>
<meta http-equiv="Content-Type" content="text/html;charset=utf-8" />
  <meta name='ocr-system' content='tesseract 3.04.00' />
  <meta name='ocr-capabilities' content='ocr_page ocr_carea ocr_par ocr_line ocrx_word'/>
</head>
<body>
  <div class='ocr_page' id='page_1' title='image "./scriptorumeccles01rout_0411.png"; bbox 0 0 2034 3204; ppageno 0'>
   <div class='ocr_carea' id='block_1_1' title="bbox 158 1966 207 1990">
    <p class='ocr_par' dir='ltr' id='par_1_1' title="bbox 158 1966 207 1990">
     <span class='ocr_line' id='line_1_1' title="bbox 158 1966 207 1990; baseline 0 0"><span class='ocrx_word' id='word_1_1' title='bbox 158 1966 207 1990; x_wconf 84' lang='lat'><strong>20</strong></span> 
     </span>
    </p>
   </div>
   <div class='ocr_carea' id='block_1_2' title="bbox 215 214 1434 260">
    <p class='ocr_par' dir='ltr' id='par_1_2' title="bbox 215 214 1434 260">
     <span class='ocr_line' id='line_1_2' title="bbox 215 214 1434 260; baseline -0.003 0"><span class='ocrx_word' id='word_1_2' title='bbox 215 231 221 238; x_wconf 80' lang='lat'><strong>·</strong></span> <span class='ocrx_word' id='word_1_3' title='bbox 268 217 566 260; x_wconf 79' lang='lat' dir='ltr'><strong>CoNCILII</strong></span> <span class='ocrx_word' id='word_1_4' title='bbox 611 214 1225 259; x_wconf 88' lang='lat' dir='ltr'><strong>CONSTANTINOPOL.</strong></span> <span class='ocrx_word' id='word_1_5' title='bbox 1259 215 1434 257; x_wconf 89' lang='lat' dir='ltr'>UNIV.</span> 
     </span>
    </p>
   </div>
   <div class='ocr_carea' id='block_1_3' title="bbox 1526 215 1611 257">
    <p class='ocr_par' dir='ltr' id='par_1_3' title="bbox 1526 215 1611 257">
     <span class='ocr_line' id='line_1_3' title="bbox 1526 215 1611 257; baseline -0.024 0"><span class='ocrx_word' id='word_1_6' title='bbox 1526 215 1611 257; x_wconf 80' lang='lat'><strong>395</strong></span> 
     </span>
    </p>
   </div>
   <div class='ocr_carea' id='block_1_4' title="bbox 207 321 1612 395">
    <p class='ocr_par' dir='ltr' id='par_1_4' title="bbox 207 321 1612 395">
     <span class='ocr_line' id='line_1_4' title="bbox 207 321 1612 395; baseline -0.002 -17"><span class='ocrx_word' id='word_1_7' title='bbox 207 327 417 395; x_wconf 87' lang='grc' dir='ltr'>ηγορίας,</span> <span class='ocrx_word' id='word_1_8' title='bbox 447 327 524 378; x_wconf 83' lang='grc' dir='ltr'>καὶ</span> <span class='ocrx_word' id='word_1_9' title='bbox 560 326 628 378; x_wconf 85' lang='grc' dir='ltr'><strong>ἐπ’</strong></span> <span class='ocrx_word' id='word_1_10' title='bbox 663 326 819 378; x_wconf 82' lang='grc' dir='ltr'>αὐτῶν</span> <span class='ocrx_word' id='word_1_11' title='bbox 855 323 1065 394; x_wconf 82' lang='grc' dir='ltr'>ἐλέγχειν</span> <span class='ocrx_word' id='word_1_12' title='bbox 1102 321 1163 375; x_wconf 87' lang='grc' dir='ltr'><strong>τὰ</strong></span> <span class='ocrx_word' id='word_1_13' title='bbox 1206 321 1487 390; x_wconf 85' lang='grc' dir='ltr'>ἐγκλήματα</span> <span class='ocrx_word' id='word_1_14' title='bbox 1526 328 1612 375; x_wconf 84' lang='grc' dir='ltr'><strong>τοῦ</strong></span> 
     </span>
    </p>
   </div>
   <div class='ocr_carea' id='block_1_5' title="bbox 207 406 1611 473">
    <p class='ocr_par' dir='ltr' id='par_1_5' title="bbox 207 406 1611 473">
     <span class='ocr_line' id='line_1_5' title="bbox 207 406 1611 473; baseline -0.003 -11"><span class='ocrx_word' id='word_1_15' title='bbox 207 412 258 462; x_wconf 88' lang='grc' dir='ltr'><strong>ἐν</strong></span> <span class='ocrx_word' id='word_1_16' title='bbox 282 410 449 466; x_wconf 80' lang='grc' dir='ltr'>αἰτίαις</span> <span class='ocrx_word' id='word_1_17' title='bbox 475 412 604 463; x_wconf 81' lang='grc' dir='ltr'>τισὶν</span> <span class='ocrx_word' id='word_1_18' title='bbox 627 407 948 462; x_wconf 86' lang='grc' dir='ltr'>Ἐπισκόπου·</span> <span class='ocrx_word' id='word_1_19' title='bbox 991 411 1030 459; x_wconf 83' lang='grc' dir='ltr'><strong>εἰ</strong></span> <span class='ocrx_word' id='word_1_20' title='bbox 1056 406 1106 459; x_wconf 84' lang='grc' dir='ltr'><strong>δὲ</strong></span> <span class='ocrx_word' id='word_1_21' title='bbox 1131 408 1350 473; x_wconf 83' lang='grc' dir='ltr'>συμβαίη</span> <span class='ocrx_word' id='word_1_22' title='bbox 1379 408 1611 472; x_wconf 85' lang='grc' dir='ltr'>ἀδυνατῆ-</span> 
     </span>
    </p>
   </div>
   <div class='ocr_carea' id='block_1_6' title="bbox 207 491 1613 650">
    <p class='ocr_par' dir='ltr' id='par_1_6' title="bbox 207 491 1613 650">
     <span class='ocr_line' id='line_1_6' title="bbox 208 491 1612 564; baseline -0.003 -17"><span class='ocrx_word' id='word_1_23' title='bbox 208 518 294 554; x_wconf 84' lang='grc' dir='ltr'><strong>σαι</strong></span> <span class='ocrx_word' id='word_1_24' title='bbox 330 493 441 551; x_wconf 80' lang='grc' dir='ltr'>τοὺς</span> <span class='ocrx_word' id='word_1_25' title='bbox 477 493 774 564; x_wconf 79' lang='grc' dir='ltr'>ἐπαρχιώτας</span> <span class='ocrx_word' id='word_1_26' title='bbox 809 491 931 562; x_wconf 81' lang='grc' dir='ltr'>πρὸς</span> <span class='ocrx_word' id='word_1_27' title='bbox 968 491 1224 561; x_wconf 83' lang='grc' dir='ltr'>διόρθωσιν</span> <span class='ocrx_word' id='word_1_28' title='bbox 1260 496 1358 544; x_wconf 85' lang='grc' dir='ltr'><strong>τῶν</strong></span> <span class='ocrx_word' id='word_1_29' title='bbox 1392 492 1612 562; x_wconf 87' lang='grc' dir='ltr'>ἐπιφερο-</span> 
     </span>
     <span class='ocr_line' id='line_1_7' title="bbox 207 573 1613 650; baseline -0.004 -18"><span class='ocrx_word' id='word_1_30' title='bbox 207 579 362 645; x_wconf 79' lang='grc' dir='ltr'>μένων</span> <span class='ocrx_word' id='word_1_31' title='bbox 386 577 701 646; x_wconf 75' lang='grc' dir='ltr'>ἐγκλημάτων</span> <span class='ocrx_word' id='word_1_32' title='bbox 724 581 793 650; x_wconf 76' lang='grc' dir='ltr'><strong>τῷ</strong></span> <span class='ocrx_word' id='word_1_33' title='bbox 811 577 1111 649; x_wconf 74' lang='grc' dir='ltr'>Ἐπισκόπῳ,</span> <span class='ocrx_word' id='word_1_34' title='bbox 1126 574 1230 629; x_wconf 86' lang='grc' dir='ltr'>τότε</span> <span class='ocrx_word' id='word_1_35' title='bbox 1256 573 1428 632; x_wconf 74' lang='grc' dir='ltr'>αὐτοὺς</span> <span class='ocrx_word' id='word_1_36' title='bbox 1453 599 1613 644; x_wconf 91' lang='grc' dir='ltr'>προσ-</span> 
     </span>
    </p>
   </div>
   <div class='ocr_carea' id='block_1_7' title="bbox 172 659 1619 736">
    <p class='ocr_par' dir='ltr' id='par_1_7' title="bbox 172 659 1619 736">
     <span class='ocr_line' id='line_1_8' title="bbox 172 659 1619 736; baseline -0.003 -19"><span class='ocrx_word' id='word_1_37' title='bbox 172 685 196 724; x_wconf 88' lang='grc'><strong>5</strong></span> <span class='ocrx_word' id='word_1_38' title='bbox 209 666 323 717; x_wconf 84' lang='grc' dir='ltr'>ιε’ναι</span> <span class='ocrx_word' id='word_1_39' title='bbox 347 663 518 732; x_wconf 78' lang='grc' dir='ltr'>μείζονι</span> <span class='ocrx_word' id='word_1_40' title='bbox 545 666 738 736; x_wconf 76' lang='grc' dir='ltr'>Συνόδῳ</span> <span class='ocrx_word' id='word_1_41' title='bbox 762 669 860 717; x_wconf 84' lang='grc' dir='ltr'><strong>τῶν</strong></span> <span class='ocrx_word' id='word_1_42' title='bbox 888 666 972 729; x_wconf 83' lang='grc' dir='ltr'><strong>τῆς</strong></span> <span class='ocrx_word' id='word_1_43' title='bbox 1006 661 1279 728; x_wconf 87' lang='grc' dir='ltr'>διοικήσεως</span> <span class='ocrx_word' id='word_1_44' title='bbox 1301 659 1619 714; x_wconf 86' lang='grc' dir='ltr'>Ἐπισκόπων</span> 
     </span>
    </p>
   </div>
   <div class='ocr_carea' id='block_1_8' title="bbox 207 745 1619 819">
    <p class='ocr_par' dir='ltr' id='par_1_8' title="bbox 207 745 1619 819">
     <span class='ocr_line' id='line_1_9' title="bbox 207 745 1619 819; baseline -0.003 -17"><span class='ocrx_word' id='word_1_45' title='bbox 207 751 395 816; x_wconf 79' lang='grc' dir='ltr'>ἐκείνης,</span> <span class='ocrx_word' id='word_1_46' title='bbox 420 749 536 819; x_wconf 81' lang='grc' dir='ltr'>ὑπὲρ</span> <span class='ocrx_word' id='word_1_47' title='bbox 569 753 654 816; x_wconf 90' lang='grc' dir='ltr'><strong>τῆς</strong></span> <span class='ocrx_word' id='word_1_48' title='bbox 691 750 841 806; x_wconf 78' lang='grc' dir='ltr'>αἰτίας</span> <span class='ocrx_word' id='word_1_49' title='bbox 873 747 1048 813; x_wconf 80' lang='grc' dir='ltr'>ταύτης</span> <span class='ocrx_word' id='word_1_50' title='bbox 1086 745 1511 814; x_wconf 81' lang='grc' dir='ltr'>συγκαλουμένων,</span> <span class='ocrx_word' id='word_1_51' title='bbox 1541 747 1619 798; x_wconf 80' lang='grc' dir='ltr'>καὶ</span> 
     </span>
    </p>
   </div>
   <div class='ocr_carea' id='block_1_9' title="bbox 209 832 1616 907">
    <p class='ocr_par' dir='ltr' id='par_1_9' title="bbox 209 832 1616 907">
     <span class='ocr_line' id='line_1_10' title="bbox 209 832 1616 907; baseline -0.004 -16"><span class='ocrx_word' id='word_1_52' title='bbox 209 836 276 904; x_wconf 85' lang='grc' dir='ltr'>μὴ</span> <span class='ocrx_word' id='word_1_53' title='bbox 307 836 538 907; x_wconf 86' lang='grc' dir='ltr'>πρότερον</span> <span class='ocrx_word' id='word_1_54' title='bbox 570 838 850 890; x_wconf 87' lang='grc' dir='ltr'>ἐνίστασθαι</span> <span class='ocrx_word' id='word_1_55' title='bbox 884 834 972 901; x_wconf 90' lang='grc' dir='ltr'><strong>τὴν</strong></span> <span class='ocrx_word' id='word_1_56' title='bbox 997 836 1306 903; x_wconf 85' lang='grc' dir='ltr'>κατηγορίαν,</span> <span class='ocrx_word' id='word_1_57' title='bbox 1339 836 1453 902; x_wconf 83' lang='grc' dir='ltr'>πρὶν</span> <span class='ocrx_word' id='word_1_58' title='bbox 1477 832 1508 900; x_wconf 83' lang='grc' dir='ltr'>ἢ</span> <span class='ocrx_word' id='word_1_59' title='bbox 1534 836 1616 901; x_wconf 85' lang='grc' dir='ltr'><strong>ἐγ-</strong></span> 
     </span>
    </p>
   </div>
   <div class='ocr_carea' id='block_1_10' title="bbox 211 918 1617 993">
    <p class='ocr_par' dir='ltr' id='par_1_10' title="bbox 211 918 1617 993">
     <span class='ocr_line' id='line_1_11' title="bbox 211 918 1617 993; baseline -0.003 -19"><span class='ocrx_word' id='word_1_60' title='bbox 211 921 410 993; x_wconf 79' lang='grc' dir='ltr'>γράφως</span> <span class='ocrx_word' id='word_1_61' title='bbox 434 919 605 978; x_wconf 75' lang='grc' dir='ltr'>αὐτοὺς</span> <span class='ocrx_word' id='word_1_62' title='bbox 621 920 705 974; x_wconf 79' lang='grc' dir='ltr'><strong>τὸν</strong></span> <span class='ocrx_word' id='word_1_63' title='bbox 720 921 830 974; x_wconf 82' lang='grc' dir='ltr'>ἴσον</span> <span class='ocrx_word' id='word_1_64' title='bbox 846 922 1005 976; x_wconf 82' lang='grc' dir='ltr'>αὐτοῖς</span> <span class='ocrx_word' id='word_1_65' title='bbox 1023 919 1155 993; x_wconf 74' lang='lat' dir='ltr'><strong>[fore.</strong></span> <span class='ocrx_word' id='word_1_66' title='bbox 1173 919 1361 993; x_wconf 81' lang='grc' dir='ltr'>αὐτοῖς]</span> <span class='ocrx_word' id='word_1_67' title='bbox 1386 918 1617 985; x_wconf 83' lang='grc' dir='ltr'>ὑποτιμή-</span> 
     </span>
    </p>
   </div>
   <div class='ocr_carea' id='block_1_11' title="bbox 154 1003 1621 1163">
    <p class='ocr_par' dir='ltr' id='par_1_11' title="bbox 154 1003 1621 1163">
     <span class='ocr_line' id='line_1_12' title="bbox 211 1003 1620 1076; baseline -0.004 -15"><span class='ocrx_word' id='word_1_68' title='bbox 211 1011 398 1061; x_wconf 91' lang='grc' dir='ltr'>σασθαι</span> <span class='ocrx_word' id='word_1_69' title='bbox 423 1007 657 1071; x_wconf 89' lang='grc' dir='ltr'>κίνδυνον,</span> <span class='ocrx_word' id='word_1_70' title='bbox 679 1006 806 1075; x_wconf 82' lang='grc' dir='ltr'>ε’ίπερ</span> <span class='ocrx_word' id='word_1_71' title='bbox 829 1008 877 1059; x_wconf 82' lang='grc' dir='ltr'><strong>ἐν</strong></span> <span class='ocrx_word' id='word_1_72' title='bbox 892 1009 952 1076; x_wconf 85' lang='grc' dir='ltr'><strong>τῇ</strong></span> <span class='ocrx_word' id='word_1_73' title='bbox 979 1011 1076 1059; x_wconf 85' lang='grc' dir='ltr'><strong>τῶν</strong></span> <span class='ocrx_word' id='word_1_74' title='bbox 1091 1005 1390 1075; x_wconf 83' lang='grc' dir='ltr'>πραγμάτων</span> <span class='ocrx_word' id='word_1_75' title='bbox 1406 1003 1620 1072; x_wconf 79' lang='grc' dir='ltr'>ἐξετάσει</span> 
     </span>
     <span class='ocr_line' id='line_1_13' title="bbox 154 1090 1621 1163; baseline -0.001 -22"><span class='ocrx_word' id='word_1_76' title='bbox 154 1117 200 1141; x_wconf 82' lang='grc' dir='ltr'><strong>ιο</strong></span> <span class='ocrx_word' id='word_1_77' title='bbox 212 1096 625 1163; x_wconf 87' lang='grc' dir='ltr'>συκοφαντοῦντες</span> <span class='ocrx_word' id='word_1_78' title='bbox 640 1090 723 1144; x_wconf 81' lang='grc' dir='ltr'><strong>τὸν</strong></span> <span class='ocrx_word' id='word_1_79' title='bbox 740 1092 1151 1160; x_wconf 85' lang='grc' dir='ltr'>κατηγορούμενον</span> <span class='ocrx_word' id='word_1_80' title='bbox 1165 1092 1469 1143; x_wconf 89' lang='grc' dir='ltr'>Ἐπίσκοπον</span> <span class='ocrx_word' id='word_1_81' title='bbox 1483 1091 1621 1156; x_wconf 83' lang='grc' dir='ltr'>ἐλεγ-</span> 
     </span>
    </p>
   </div>
   <div class='ocr_carea' id='block_1_12' title="bbox 212 1174 1621 1330">
    <p class='ocr_par' dir='ltr' id='par_1_12' title="bbox 212 1174 1621 1330">
     <span class='ocr_line' id='line_1_14' title="bbox 212 1174 1617 1247; baseline -0.003 -17"><span class='ocrx_word' id='word_1_82' title='bbox 212 1181 377 1247; x_wconf 86' lang='grc' dir='ltr'>χθεΐεν,</span> <span class='ocrx_word' id='word_1_83' title='bbox 434 1180 493 1229; x_wconf 74' lang='lat' dir='ltr'><strong>El</strong></span> <span class='ocrx_word' id='word_1_84' title='bbox 520 1176 576 1228; x_wconf 85' lang='grc' dir='ltr'><strong>δέ</strong></span> <span class='ocrx_word' id='word_1_85' title='bbox 594 1200 665 1232; x_wconf 92' lang='grc' dir='ltr'>τις</span> <span class='ocrx_word' id='word_1_86' title='bbox 691 1175 1067 1246; x_wconf 89' lang='grc' dir='ltr'>καταφρονήσας</span> <span class='ocrx_word' id='word_1_87' title='bbox 1091 1181 1187 1229; x_wconf 84' lang='grc' dir='ltr'><strong>τῶν</strong></span> <span class='ocrx_word' id='word_1_88' title='bbox 1202 1175 1324 1228; x_wconf 81' lang='grc' dir='ltr'>κατὰ</span> <span class='ocrx_word' id='word_1_89' title='bbox 1348 1174 1410 1228; x_wconf 83' lang='grc' dir='ltr'><strong>τὰ</strong></span> <span class='ocrx_word' id='word_1_90' title='bbox 1433 1178 1617 1243; x_wconf 89' lang='grc' dir='ltr'>προδη-</span> 
     </span>
     <span class='ocr_line' id='line_1_15' title="bbox 213 1260 1621 1330; baseline -0.003 -15"><span class='ocrx_word' id='word_1_91' title='bbox 213 1261 426 1315; x_wconf 81' lang='grc' dir='ltr'>λωθέντα</span> <span class='ocrx_word' id='word_1_92' title='bbox 451 1262 759 1328; x_wconf 70' lang='grc' dir='ltr'>δεδογμένων,</span> <span class='ocrx_word' id='word_1_93' title='bbox 776 1260 1105 1328; x_wconf 82' lang='grc' dir='ltr'>τολμήσειενῆ</span> <span class='ocrx_word' id='word_1_94' title='bbox 1131 1260 1395 1324; x_wconf 81' lang='grc' dir='ltr'>βασιλικὰς</span> <span class='ocrx_word' id='word_1_95' title='bbox 1409 1262 1621 1330; x_wconf 86' lang='grc' dir='ltr'>ἐνοχλεῖν</span> 
     </span>
    </p>
   </div>
   <div class='ocr_carea' id='block_1_13' title="bbox 214 1344 1620 1416">
    <p class='ocr_par' dir='ltr' id='par_1_13' title="bbox 214 1344 1620 1416">
     <span class='ocr_line' id='line_1_16' title="bbox 214 1344 1620 1416; baseline -0.001 -17"><span class='ocrx_word' id='word_1_96' title='bbox 214 1345 374 1410; x_wconf 79' lang='grc' dir='ltr'>ἀκοὰς,</span> <span class='ocrx_word' id='word_1_97' title='bbox 415 1344 444 1412; x_wconf 83' lang='grc' dir='ltr'>ἢ</span> <span class='ocrx_word' id='word_1_98' title='bbox 483 1351 728 1412; x_wconf 85' lang='grc' dir='ltr'>κοσμικῶν</span> <span class='ocrx_word' id='word_1_99' title='bbox 766 1344 1012 1416; x_wconf 82' lang='grc' dir='ltr'>ἀρχόντων</span> <span class='ocrx_word' id='word_1_100' title='bbox 1050 1346 1351 1415; x_wconf 88' lang='grc' dir='ltr'>δικαστήρια,</span> <span class='ocrx_word' id='word_1_101' title='bbox 1376 1344 1423 1412; x_wconf 86' lang='grc' dir='ltr'><strong>,ἢ</strong></span> <span class='ocrx_word' id='word_1_102' title='bbox 1463 1349 1620 1398; x_wconf 75' lang='grc' dir='ltr'>οἰκου-</span> 
     </span>
    </p>
   </div>
   <div class='ocr_carea' id='block_1_14' title="bbox 155 1429 1625 1756">
    <p class='ocr_par' dir='ltr' id='par_1_14' title="bbox 155 1429 1625 1756">
     <span class='ocr_line' id='line_1_17' title="bbox 213 1429 1623 1500; baseline 0 -17"><span class='ocrx_word' id='word_1_103' title='bbox 213 1430 405 1497; x_wconf 86' lang='grc' dir='ltr'>μενικὴν</span> <span class='ocrx_word' id='word_1_104' title='bbox 425 1431 636 1484; x_wconf 79' lang='grc' dir='ltr'>Σύνοδον</span> <span class='ocrx_word' id='word_1_105' title='bbox 650 1430 929 1500; x_wconf 78' lang='grc' dir='ltr'>ταράσσειν,</span> <span class='ocrx_word' id='word_1_106' title='bbox 947 1431 1132 1488; x_wconf 82' lang='grc' dir='ltr'>πάντας</span> <span class='ocrx_word' id='word_1_107' title='bbox 1149 1431 1388 1497; x_wconf 77' lang='grc' dir='ltr'>ἀτιμάσας</span> <span class='ocrx_word' id='word_1_108' title='bbox 1409 1429 1520 1487; x_wconf 76' lang='grc' dir='ltr'>τοὺς</span> <span class='ocrx_word' id='word_1_109' title='bbox 1538 1435 1623 1497; x_wconf 86' lang='grc' dir='ltr'><strong>τῆς</strong></span> 
     </span>
     <span class='ocr_line' id='line_1_18' title="bbox 155 1515 1624 1586; baseline 0 -18"><span class='ocrx_word' id='word_1_110' title='bbox 155 1538 202 1575; x_wconf 89' lang='lat'><strong>15</strong></span> <span class='ocrx_word' id='word_1_111' title='bbox 218 1516 491 1583; x_wconf 88' lang='grc' dir='ltr'>διοικήσεως</span> <span class='ocrx_word' id='word_1_112' title='bbox 515 1515 861 1580; x_wconf 84' lang='grc' dir='ltr'>Ἐπισκόπους,</span> <span class='ocrx_word' id='word_1_113' title='bbox 884 1515 969 1569; x_wconf 80' lang='grc' dir='ltr'><strong>τὸν</strong></span> <span class='ocrx_word' id='word_1_114' title='bbox 990 1523 1205 1570; x_wconf 84' lang='grc' dir='ltr'>τοιοῦτον</span> <span class='ocrx_word' id='word_1_115' title='bbox 1229 1517 1285 1570; x_wconf 87' lang='grc' dir='ltr'><strong>τὸ</strong></span> <span class='ocrx_word' id='word_1_116' title='bbox 1305 1515 1536 1586; x_wconf 81' lang='grc' dir='ltr'>παράπαν</span> <span class='ocrx_word' id='word_1_117' title='bbox 1561 1520 1624 1573; x_wconf 84' lang='grc' dir='ltr'><strong>εἱς</strong></span> 
     </span>
     <span class='ocr_line' id='line_1_19' title="bbox 213 1599 1625 1671; baseline 0.001 -18"><span class='ocrx_word' id='word_1_118' title='bbox 213 1602 503 1670; x_wconf 89' lang='grc' dir='ltr'>κατηγορίαν</span> <span class='ocrx_word' id='word_1_119' title='bbox 540 1600 606 1667; x_wconf 89' lang='grc' dir='ltr'>μὴ</span> <span class='ocrx_word' id='word_1_120' title='bbox 644 1599 759 1653; x_wconf 76' lang='grc' dir='ltr'>εἶναι</span> <span class='ocrx_word' id='word_1_121' title='bbox 797 1601 977 1663; x_wconf 83' lang='grc' dir='ltr'>δεκτὸν,</span> <span class='ocrx_word' id='word_1_122' title='bbox 1013 1604 1078 1657; x_wconf 87' lang='grc' dir='ltr'><strong>ὡς</strong></span> <span class='ocrx_word' id='word_1_123' title='bbox 1115 1603 1478 1671; x_wconf 85' lang='grc' dir='ltr'>καθυβρίσαντα</span> <span class='ocrx_word' id='word_1_124' title='bbox 1513 1600 1625 1659; x_wconf 73' lang='grc' dir='ltr'>τοὺς</span> 
     </span>
     <span class='ocr_line' id='line_1_20' title="bbox 215 1685 1622 1756; baseline 0.001 -17"><span class='ocrx_word' id='word_1_125' title='bbox 215 1686 430 1749; x_wconf 90' lang='grc' dir='ltr'>κανόνας,</span> <span class='ocrx_word' id='word_1_126' title='bbox 471 1689 548 1739; x_wconf 86' lang='grc' dir='ltr'>καὶ</span> <span class='ocrx_word' id='word_1_127' title='bbox 595 1685 683 1752; x_wconf 89' lang='grc' dir='ltr'><strong>τὴν</strong></span> <span class='ocrx_word' id='word_1_128' title='bbox 719 1685 1126 1752; x_wconf 87' lang='grc' dir='ltr'>ἐκκλησιαστικὴν</span> <span class='ocrx_word' id='word_1_129' title='bbox 1169 1686 1504 1756; x_wconf 81' lang='grc' dir='ltr'>λυμῃνάμενον</span> <span class='ocrx_word' id='word_1_130' title='bbox 1546 1689 1622 1740; x_wconf 83' lang='grc' dir='ltr'><strong>εὐ-</strong></span> 
     </span>
    </p>
   </div>
   <div class='ocr_carea' id='block_1_15' title="bbox 215 1770 402 1840">
    <p class='ocr_par' dir='ltr' id='par_1_15' title="bbox 215 1770 402 1840">
     <span class='ocr_line' id='line_1_21' title="bbox 215 1770 402 1840; baseline 0 -16"><span class='ocrx_word' id='word_1_131' title='bbox 215 1770 402 1840; x_wconf 83' lang='grc' dir='ltr'>ταξίαν.</span> 
     </span>
    </p>
   </div>
   <div class='ocr_carea' id='block_1_16' title="bbox 299 1859 1627 2021">
    <p class='ocr_par' dir='ltr' id='par_1_16' title="bbox 299 1859 1627 2021">
     <span class='ocr_line' id='line_1_22' title="bbox 722 1859 1116 1909; baseline 0 -1"><span class='ocrx_word' id='word_1_132' title='bbox 722 1859 1001 1909; x_wconf 91' lang='grc' dir='ltr'>ΚΑΝΩΝ</span> <span class='ocrx_word' id='word_1_133' title='bbox 1058 1860 1116 1909; x_wconf 90' lang='grc' dir='ltr'><strong>Ζ.</strong></span> 
     </span>
     <span class='ocr_line' id='line_1_23' title="bbox 299 1946 1627 2021; baseline 0.002 -22"><span class='ocrx_word' id='word_1_134' title='bbox 299 1946 456 2021; x_wconf 76' lang='grc' dir='ltr'>[Τοὺς</span> <span class='ocrx_word' id='word_1_135' title='bbox 484 1947 883 2016; x_wconf 79' lang='grc' dir='ltr'>προστιθεμένους</span> <span class='ocrx_word' id='word_1_136' title='bbox 911 1952 970 2017; x_wconf 86' lang='grc' dir='ltr'><strong>τῇ</strong></span> <span class='ocrx_word' id='word_1_137' title='bbox 1004 1947 1259 2018; x_wconf 78' lang='grc' dir='ltr'>ὀρθοδοξίᾳ</span> <span class='ocrx_word' id='word_1_138' title='bbox 1286 1950 1362 2000; x_wconf 84' lang='grc' dir='ltr'>καὶ</span> <span class='ocrx_word' id='word_1_139' title='bbox 1387 1952 1446 2019; x_wconf 81' lang='grc' dir='ltr'><strong>τῇ</strong></span> <span class='ocrx_word' id='word_1_140' title='bbox 1476 1951 1627 2018; x_wconf 86' lang='grc' dir='ltr'>μερίδι</span> 
     </span>
    </p>
   </div>
   <div class='ocr_carea' id='block_1_17' title="bbox 219 2090 899 2897">
    <p class='ocr_par' dir='ltr' id='par_1_17' title="bbox 219 2090 899 2897">
     <span class='ocr_line' id='line_1_24' title="bbox 219 2090 894 2141; baseline 0 -13"><span class='ocrx_word' id='word_1_141' title='bbox 219 2090 379 2128; x_wconf 87' lang='lat' dir='ltr'><strong>crimina</strong></span> <span class='ocrx_word' id='word_1_142' title='bbox 391 2090 582 2141; x_wconf 83' lang='lat' dir='ltr'>Episcopo</span> <span class='ocrx_word' id='word_1_143' title='bbox 594 2090 753 2141; x_wconf 85' lang='lat' dir='ltr'><strong>objecta.</strong></span> <span class='ocrx_word' id='word_1_144' title='bbox 780 2090 894 2139; x_wconf 83' lang='lat' dir='ltr'><strong>Quod</strong></span> 
     </span>
     <span class='ocr_line' id='line_1_25' title="bbox 219 2144 894 2196; baseline -0.001 -13"><span class='ocrx_word' id='word_1_145' title='bbox 219 2145 251 2183; x_wconf 89' lang='lat' dir='ltr'><strong>si</strong></span> <span class='ocrx_word' id='word_1_146' title='bbox 270 2144 451 2192; x_wconf 79' lang='lat' dir='ltr'>evenerit,</span> <span class='ocrx_word' id='word_1_147' title='bbox 470 2149 515 2183; x_wconf 90' lang='lat' dir='ltr'><strong>ut</strong></span> <span class='ocrx_word' id='word_1_148' title='bbox 533 2145 783 2195; x_wconf 82' lang='lat' dir='ltr'><strong>provinciales</strong></span> <span class='ocrx_word' id='word_1_149' title='bbox 803 2145 894 2196; x_wconf 90' lang='lat' dir='ltr'><strong>Epi-</strong></span> 
     </span>
     <span class='ocr_line' id='line_1_26' title="bbox 220 2198 894 2250; baseline 0.001 -14"><span class='ocrx_word' id='word_1_150' title='bbox 220 2198 325 2249; x_wconf 85' lang='lat' dir='ltr'>scopi</span> <span class='ocrx_word' id='word_1_151' title='bbox 363 2198 533 2246; x_wconf 84' lang='lat' dir='ltr'><strong>crimina,</strong></span> <span class='ocrx_word' id='word_1_152' title='bbox 567 2212 665 2250; x_wconf 86' lang='lat' dir='ltr'><strong>quae</strong></span> <span class='ocrx_word' id='word_1_153' title='bbox 702 2199 894 2250; x_wconf 82' lang='lat' dir='ltr'><strong>Episcopo</strong></span> 
     </span>
     <span class='ocr_line' id='line_1_27' title="bbox 221 2253 895 2304; baseline 0.001 -14"><span class='ocrx_word' id='word_1_154' title='bbox 221 2253 412 2292; x_wconf 82' lang='lat' dir='ltr'><strong>intentata</strong></span> <span class='ocrx_word' id='word_1_155' title='bbox 448 2257 549 2300; x_wconf 89' lang='lat' dir='ltr'><strong>sunt,</strong></span> <span class='ocrx_word' id='word_1_156' title='bbox 587 2253 777 2304; x_wconf 78' lang='lat' dir='ltr'><strong>corrigere</strong></span> <span class='ocrx_word' id='word_1_157' title='bbox 818 2267 895 2291; x_wconf 91' lang='lat' dir='ltr'><strong>non</strong></span> 
     </span>
     <span class='ocr_line' id='line_1_28' title="bbox 221 2307 897 2358; baseline 0.003 -14"><span class='ocrx_word' id='word_1_158' title='bbox 221 2307 380 2357; x_wconf 80' lang='lat' dir='ltr'><strong>possint,</strong></span> <span class='ocrx_word' id='word_1_159' title='bbox 423 2311 516 2345; x_wconf 86' lang='lat' dir='ltr'><strong>tunc</strong></span> <span class='ocrx_word' id='word_1_160' title='bbox 566 2307 670 2358; x_wconf 84' lang='lat' dir='ltr'><strong>ipsos</strong></span> <span class='ocrx_word' id='word_1_161' title='bbox 719 2308 897 2346; x_wconf 85' lang='lat' dir='ltr'><strong>accedere</strong></span> 
     </span>
     <span class='ocr_line' id='line_1_29' title="bbox 222 2360 898 2411; baseline 0.003 -13"><span class='ocrx_word' id='word_1_162' title='bbox 222 2361 271 2398; x_wconf 87' lang='lat' dir='ltr'><strong>ad</strong></span> <span class='ocrx_word' id='word_1_163' title='bbox 294 2361 479 2411; x_wconf 86' lang='lat' dir='ltr'><strong>majorem</strong></span> <span class='ocrx_word' id='word_1_164' title='bbox 499 2360 697 2411; x_wconf 84' lang='lat' dir='ltr'><strong>Synodum</strong></span> <span class='ocrx_word' id='word_1_165' title='bbox 715 2362 898 2400; x_wconf 84' lang='lat' dir='ltr'><strong>dioecesis</strong></span> 
     </span>
     <span class='ocr_line' id='line_1_30' title="bbox 223 2414 898 2466; baseline 0.003 -14"><span class='ocrx_word' id='word_1_166' title='bbox 223 2415 326 2452; x_wconf 89' lang='lat' dir='ltr'><strong>illius</strong></span> <span class='ocrx_word' id='word_1_167' title='bbox 373 2414 662 2465; x_wconf 85' lang='lat' dir='ltr'><strong>Episcoporum,</strong></span> <span class='ocrx_word' id='word_1_168' title='bbox 708 2429 780 2466; x_wconf 90' lang='lat' dir='ltr'><strong>pro</strong></span> <span class='ocrx_word' id='word_1_169' title='bbox 827 2416 898 2454; x_wconf 82' lang='lat' dir='ltr'><strong>hac</strong></span> 
     </span>
     <span class='ocr_line' id='line_1_31' title="bbox 224 2474 897 2516; baseline 0.003 -10"><span class='ocrx_word' id='word_1_170' title='bbox 224 2481 337 2507; x_wconf 84' lang='lat' dir='ltr'><strong>causa</strong></span> <span class='ocrx_word' id='word_1_171' title='bbox 373 2474 679 2516; x_wconf 72' lang='lat' dir='ltr'><strong>convocatorum,</strong></span> <span class='ocrx_word' id='word_1_172' title='bbox 713 2475 752 2508; x_wconf 87' lang='lat' dir='ltr'><strong>et</strong></span> <span class='ocrx_word' id='word_1_173' title='bbox 788 2483 897 2508; x_wconf 85' lang='lat' dir='ltr'><strong>accu-</strong></span> 
     </span>
     <span class='ocr_line' id='line_1_32' title="bbox 224 2523 896 2574; baseline 0.003 -14"><span class='ocrx_word' id='word_1_174' title='bbox 224 2523 412 2561; x_wconf 78' lang='lat' dir='ltr'><strong>sationem</strong></span> <span class='ocrx_word' id='word_1_175' title='bbox 441 2536 519 2560; x_wconf 92' lang='lat' dir='ltr'><strong>non</strong></span> <span class='ocrx_word' id='word_1_176' title='bbox 551 2523 658 2574; x_wconf 87' lang='lat' dir='ltr'><strong>prius</strong></span> <span class='ocrx_word' id='word_1_177' title='bbox 687 2523 896 2571; x_wconf 81' lang='lat' dir='ltr'><strong>intendere,</strong></span> 
     </span>
     <span class='ocr_line' id='line_1_33' title="bbox 224 2576 899 2628; baseline 0.001 -14"><span class='ocrx_word' id='word_1_178' title='bbox 224 2590 340 2627; x_wconf 81' lang='lat' dir='ltr'><strong>quam</strong></span> <span class='ocrx_word' id='word_1_179' title='bbox 369 2576 409 2614; x_wconf 90' lang='lat' dir='ltr'><strong>in</strong></span> <span class='ocrx_word' id='word_1_180' title='bbox 437 2577 589 2627; x_wconf 86' lang='lat' dir='ltr'><strong>scriptis</strong></span> <span class='ocrx_word' id='word_1_181' title='bbox 616 2578 772 2628; x_wconf 85' lang='lat' dir='ltr'><strong>aequale</strong></span> <span class='ocrx_word' id='word_1_182' title='bbox 799 2578 899 2628; x_wconf 89' lang='lat' dir='ltr'><strong>peri-</strong></span> 
     </span>
     <span class='ocr_line' id='line_1_34' title="bbox 224 2630 898 2682; baseline 0.001 -14"><span class='ocrx_word' id='word_1_183' title='bbox 224 2631 353 2669; x_wconf 87' lang='lat' dir='ltr'><strong>culum</strong></span> <span class='ocrx_word' id='word_1_184' title='bbox 381 2630 454 2668; x_wconf 91' lang='lat' dir='ltr'><strong>sibi</strong></span> <span class='ocrx_word' id='word_1_185' title='bbox 481 2635 662 2679; x_wconf 81' lang='lat' dir='ltr'><strong>statuant,</strong></span> <span class='ocrx_word' id='word_1_186' title='bbox 682 2631 714 2669; x_wconf 84' lang='lat' dir='ltr'><strong>si</strong></span> <span class='ocrx_word' id='word_1_187' title='bbox 742 2631 898 2682; x_wconf 89' lang='lat' dir='ltr'><strong>quidem</strong></span> 
     </span>
     <span class='ocr_line' id='line_1_35' title="bbox 224 2684 899 2724; baseline 0.003 -2"><span class='ocrx_word' id='word_1_188' title='bbox 224 2684 265 2723; x_wconf 91' lang='lat' dir='ltr'><strong>in</strong></span> <span class='ocrx_word' id='word_1_189' title='bbox 301 2685 415 2722; x_wconf 83' lang='lat' dir='ltr'><strong>rebus</strong></span> <span class='ocrx_word' id='word_1_190' title='bbox 452 2684 713 2723; x_wconf 84' lang='lat' dir='ltr'><strong>examinandis</strong></span> <span class='ocrx_word' id='word_1_191' title='bbox 749 2699 899 2724; x_wconf 84' lang='lat' dir='ltr'><strong>accusa-</strong></span> 
     </span>
     <span class='ocr_line' id='line_1_36' title="bbox 225 2738 898 2789; baseline 0.001 -12"><span class='ocrx_word' id='word_1_192' title='bbox 225 2743 311 2777; x_wconf 90' lang='lat' dir='ltr'><strong>tum</strong></span> <span class='ocrx_word' id='word_1_193' title='bbox 326 2738 560 2789; x_wconf 87' lang='lat' dir='ltr'><strong>Episcopum</strong></span> <span class='ocrx_word' id='word_1_194' title='bbox 574 2739 796 2777; x_wconf 84' lang='lat' dir='ltr'><strong>calumniari</strong></span> <span class='ocrx_word' id='word_1_195' title='bbox 811 2752 898 2778; x_wconf 89' lang='lat' dir='ltr'><strong>con-</strong></span> 
     </span>
     <span class='ocr_line' id='line_1_37' title="bbox 226 2792 898 2844; baseline 0.001 -14"><span class='ocrx_word' id='word_1_196' title='bbox 226 2793 318 2831; x_wconf 89' lang='lat' dir='ltr'><strong>victi</strong></span> <span class='ocrx_word' id='word_1_197' title='bbox 355 2792 507 2832; x_wconf 86' lang='lat' dir='ltr'><strong>fuerint.</strong></span> <span class='ocrx_word' id='word_1_198' title='bbox 569 2793 609 2831; x_wconf 85' lang='lat' dir='ltr'><strong>Si</strong></span> <span class='ocrx_word' id='word_1_199' title='bbox 647 2793 732 2844; x_wconf 89' lang='lat' dir='ltr'><strong>quis</strong></span> <span class='ocrx_word' id='word_1_200' title='bbox 769 2798 898 2831; x_wconf 81' lang='lat' dir='ltr'><strong>autem</strong></span> 
     </span>
     <span class='ocr_line' id='line_1_38' title="bbox 226 2846 899 2897; baseline 0.001 -13"><span class='ocrx_word' id='word_1_201' title='bbox 226 2846 274 2885; x_wconf 83' lang='lat' dir='ltr'><strong>iis</strong></span> <span class='ocrx_word' id='word_1_202' title='bbox 307 2860 414 2896; x_wconf 81' lang='lat' dir='ltr'><strong>quae,</strong></span> <span class='ocrx_word' id='word_1_203' title='bbox 447 2852 491 2885; x_wconf 91' lang='lat' dir='ltr'><strong>ut</strong></span> <span class='ocrx_word' id='word_1_204' title='bbox 528 2847 634 2897; x_wconf 85' lang='lat' dir='ltr'><strong>prius</strong></span> <span class='ocrx_word' id='word_1_205' title='bbox 666 2847 899 2886; x_wconf 82' lang='lat' dir='ltr'><strong>declaratum</strong></span> 
     </span>
    </p>
   </div>
   <div class='ocr_carea' id='block_1_18' title="bbox 949 2091 1630 2670">
    <p class='ocr_par' dir='ltr' id='par_1_18' title="bbox 949 2091 1630 2670">
     <span class='ocr_line' id='line_1_39' title="bbox 950 2091 1628 2144; baseline 0.003 -16"><span class='ocrx_word' id='word_1_206' title='bbox 950 2095 1019 2138; x_wconf 87' lang='lat' dir='ltr'><strong>est,</strong></span> <span class='ocrx_word' id='word_1_207' title='bbox 1053 2091 1206 2129; x_wconf 84' lang='lat' dir='ltr'><strong>decreta</strong></span> <span class='ocrx_word' id='word_1_208' title='bbox 1238 2091 1394 2130; x_wconf 87' lang='lat' dir='ltr'><strong>fuerunt</strong></span> <span class='ocrx_word' id='word_1_209' title='bbox 1431 2098 1628 2144; x_wconf 82' lang='lat' dir='ltr'><strong>contemp-</strong></span> 
     </span>
     <span class='ocr_line' id='line_1_40' title="bbox 950 2145 1628 2198; baseline 0.004 -16"><span class='ocrx_word' id='word_1_210' title='bbox 950 2145 1011 2192; x_wconf 88' lang='lat' dir='ltr'><strong>tis,</strong></span> <span class='ocrx_word' id='word_1_211' title='bbox 1031 2158 1146 2183; x_wconf 82' lang='lat' dir='ltr'><strong>ausus</strong></span> <span class='ocrx_word' id='word_1_212' title='bbox 1165 2145 1280 2184; x_wconf 86' lang='lat' dir='ltr'><strong>fuerit</strong></span> <span class='ocrx_word' id='word_1_213' title='bbox 1299 2146 1359 2184; x_wconf 88' lang='lat' dir='ltr'><strong>vel</strong></span> <span class='ocrx_word' id='word_1_214' title='bbox 1375 2146 1628 2198; x_wconf 81' lang='lat' dir='ltr'><strong>Imperatoris</strong></span> 
     </span>
     <span class='ocr_line' id='line_1_41' title="bbox 949 2199 1628 2248; baseline 0.004 -11"><span class='ocrx_word' id='word_1_215' title='bbox 949 2213 1060 2237; x_wconf 82' lang='lat' dir='ltr'><strong>aures</strong></span> <span class='ocrx_word' id='word_1_216' title='bbox 1085 2199 1260 2238; x_wconf 81' lang='lat' dir='ltr'><strong>molestia</strong></span> <span class='ocrx_word' id='word_1_217' title='bbox 1285 2200 1442 2248; x_wconf 88' lang='lat' dir='ltr'><strong>efficere,</strong></span> <span class='ocrx_word' id='word_1_218' title='bbox 1462 2202 1522 2239; x_wconf 93' lang='lat' dir='ltr'><strong>vel</strong></span> <span class='ocrx_word' id='word_1_219' title='bbox 1549 2215 1628 2240; x_wconf 84' lang='lat' dir='ltr'><strong>sae-</strong></span> 
     </span>
     <span class='ocr_line' id='line_1_42' title="bbox 951 2254 1628 2305; baseline 0.003 -14"><span class='ocrx_word' id='word_1_220' title='bbox 951 2254 1138 2291; x_wconf 90' lang='lat' dir='ltr'><strong>cularium</strong></span> <span class='ocrx_word' id='word_1_221' title='bbox 1193 2254 1411 2305; x_wconf 88' lang='lat' dir='ltr'><strong>principum</strong></span> <span class='ocrx_word' id='word_1_222' title='bbox 1471 2256 1628 2305; x_wconf 83' lang='lat' dir='ltr'><strong>judicia,</strong></span> 
     </span>
     <span class='ocr_line' id='line_1_43' title="bbox 951 2308 1629 2360; baseline 0.004 -15"><span class='ocrx_word' id='word_1_223' title='bbox 951 2308 1012 2346; x_wconf 94' lang='lat' dir='ltr'><strong>vel</strong></span> <span class='ocrx_word' id='word_1_224' title='bbox 1040 2308 1293 2346; x_wconf 80' lang='lat' dir='ltr'><strong>universalem</strong></span> <span class='ocrx_word' id='word_1_225' title='bbox 1317 2309 1516 2359; x_wconf 85' lang='lat' dir='ltr'><strong>Synodum</strong></span> <span class='ocrx_word' id='word_1_226' title='bbox 1543 2323 1629 2360; x_wconf 88' lang='lat' dir='ltr'><strong>per-</strong></span> 
     </span>
     <span class='ocr_line' id='line_1_44' title="bbox 951 2363 1629 2414; baseline 0 -13"><span class='ocrx_word' id='word_1_227' title='bbox 951 2363 1119 2410; x_wconf 80' lang='lat' dir='ltr'><strong>turbare,</strong></span> <span class='ocrx_word' id='word_1_228' title='bbox 1135 2363 1318 2413; x_wconf 84' lang='lat' dir='ltr'><strong>neglectis</strong></span> <span class='ocrx_word' id='word_1_229' title='bbox 1338 2363 1520 2401; x_wconf 83' lang='lat' dir='ltr'><strong>dioecesis</strong></span> <span class='ocrx_word' id='word_1_230' title='bbox 1536 2364 1629 2414; x_wconf 87' lang='lat' dir='ltr'><strong>Epi-</strong></span> 
     </span>
     <span class='ocr_line' id='line_1_45' title="bbox 952 2416 1630 2466; baseline 0.003 -12"><span class='ocrx_word' id='word_1_231' title='bbox 952 2416 1087 2466; x_wconf 82' lang='lat' dir='ltr'><strong>scopis,</strong></span> <span class='ocrx_word' id='word_1_232' title='bbox 1125 2430 1212 2454; x_wconf 90' lang='lat' dir='ltr'><strong>eum</strong></span> <span class='ocrx_word' id='word_1_233' title='bbox 1251 2417 1356 2455; x_wconf 89' lang='lat' dir='ltr'><strong>nullo</strong></span> <span class='ocrx_word' id='word_1_234' title='bbox 1394 2418 1509 2455; x_wconf 91' lang='lat' dir='ltr'><strong>modo</strong></span> <span class='ocrx_word' id='word_1_235' title='bbox 1547 2431 1630 2456; x_wconf 85' lang='lat' dir='ltr'><strong>esse</strong></span> 
     </span>
     <span class='ocr_line' id='line_1_46' title="bbox 951 2471 1628 2519; baseline 0.004 -12"><span class='ocrx_word' id='word_1_236' title='bbox 951 2471 1000 2508; x_wconf 87' lang='lat' dir='ltr'><strong>ad</strong></span> <span class='ocrx_word' id='word_1_237' title='bbox 1028 2471 1308 2509; x_wconf 80' lang='lat' dir='ltr'><strong>accusationem</strong></span> <span class='ocrx_word' id='word_1_238' title='bbox 1332 2471 1628 2519; x_wconf 77' lang='lat' dir='ltr'><strong>admittendum,</strong></span> 
     </span>
     <span class='ocr_line' id='line_1_47' title="bbox 952 2524 1630 2575; baseline 0.004 -14"><span class='ocrx_word' id='word_1_239' title='bbox 952 2529 997 2562; x_wconf 91' lang='lat' dir='ltr'><strong>ut</strong></span> <span class='ocrx_word' id='word_1_240' title='bbox 1016 2524 1082 2574; x_wconf 90' lang='lat' dir='ltr'><strong>qui</strong></span> <span class='ocrx_word' id='word_1_241' title='bbox 1102 2525 1309 2562; x_wconf 79' lang='lat' dir='ltr'><strong>canonibus</strong></span> <span class='ocrx_word' id='word_1_242' title='bbox 1334 2525 1514 2575; x_wconf 85' lang='lat' dir='ltr'><strong>injuriam</strong></span> <span class='ocrx_word' id='word_1_243' title='bbox 1533 2526 1630 2564; x_wconf 83' lang='lat' dir='ltr'><strong>fece-</strong></span> 
     </span>
     <span class='ocr_line' id='line_1_48' title="bbox 953 2578 1629 2625; baseline 0.003 -9"><span class='ocrx_word' id='word_1_244' title='bbox 953 2578 1016 2625; x_wconf 88' lang='lat' dir='ltr'><strong>rit,</strong></span> <span class='ocrx_word' id='word_1_245' title='bbox 1050 2583 1089 2616; x_wconf 88' lang='lat' dir='ltr'><strong>et</strong></span> <span class='ocrx_word' id='word_1_246' title='bbox 1126 2579 1422 2617; x_wconf 82' lang='lat' dir='ltr'><strong>ecclesiasticum</strong></span> <span class='ocrx_word' id='word_1_247' title='bbox 1454 2580 1629 2618; x_wconf 84' lang='lat' dir='ltr'><strong>ordinem</strong></span> 
     </span>
     <span class='ocr_line' id='line_1_49' title="bbox 952 2632 1143 2670; baseline -0.005 0"><span class='ocrx_word' id='word_1_248' title='bbox 952 2632 1143 2670; x_wconf 84' lang='lat' dir='ltr'><strong>everterit.</strong></span> 
     </span>
    </p>
   </div>
   <div class='ocr_carea' id='block_1_19' title="bbox 1131 2727 1448 2768">
    <p class='ocr_par' dir='ltr' id='par_1_19' title="bbox 1131 2727 1448 2768">
     <span class='ocr_line' id='line_1_50' title="bbox 1131 2727 1448 2768; baseline 0.006 -2"><span class='ocrx_word' id='word_1_249' title='bbox 1131 2727 1244 2767; x_wconf 84' lang='grc' dir='ltr'><strong>ΟΑΝ</strong></span> <span class='ocrx_word' id='word_1_250' title='bbox 1247 2729 1325 2767; x_wconf 84' lang='grc' dir='ltr'><strong>ΟΝ</strong></span> <span class='ocrx_word' id='word_1_251' title='bbox 1353 2729 1448 2768; x_wconf 92' lang='lat' dir='ltr'><strong>VII.</strong></span> 
     </span>
    </p>
   </div>
   <div class='ocr_carea' id='block_1_20' title="bbox 955 2794 1629 2900">
    <p class='ocr_par' dir='ltr' id='par_1_20' title="bbox 955 2794 1629 2900">
     <span class='ocr_line' id='line_1_51' title="bbox 1009 2794 1629 2846; baseline 0.003 -15"><span class='ocrx_word' id='word_1_252' title='bbox 1009 2794 1087 2832; x_wconf 86' lang='lat' dir='ltr'><strong>Eos</strong></span> <span class='ocrx_word' id='word_1_253' title='bbox 1102 2794 1167 2844; x_wconf 90' lang='lat' dir='ltr'><strong>qui</strong></span> <span class='ocrx_word' id='word_1_254' title='bbox 1188 2798 1313 2833; x_wconf 82' lang='lat' dir='ltr'><strong>rectae</strong></span> <span class='ocrx_word' id='word_1_255' title='bbox 1328 2794 1416 2833; x_wconf 81' lang='lat' dir='ltr'><strong>fidei</strong></span> <span class='ocrx_word' id='word_1_256' title='bbox 1436 2808 1476 2833; x_wconf 83' lang='lat' dir='ltr'><strong>se</strong></span> <span class='ocrx_word' id='word_1_257' title='bbox 1495 2795 1629 2846; x_wconf 83' lang='lat' dir='ltr'><strong>adjun-</strong></span> 
     </span>
     <span class='ocr_line' id='line_1_52' title="bbox 955 2849 1629 2900; baseline 0.004 -15"><span class='ocrx_word' id='word_1_258' title='bbox 955 2854 1062 2898; x_wconf 85' lang='lat' dir='ltr'><strong>gunt,</strong></span> <span class='ocrx_word' id='word_1_259' title='bbox 1098 2853 1136 2886; x_wconf 78' lang='lat' dir='ltr'><strong>et</strong></span> <span class='ocrx_word' id='word_1_260' title='bbox 1173 2849 1273 2898; x_wconf 85' lang='lat' dir='ltr'><strong>parti</strong></span> <span class='ocrx_word' id='word_1_261' title='bbox 1312 2862 1443 2887; x_wconf 88' lang='lat' dir='ltr'><strong>eorum</strong></span> <span class='ocrx_word' id='word_1_262' title='bbox 1477 2850 1542 2900; x_wconf 92' lang='lat' dir='ltr'><strong>qui</strong></span> <span class='ocrx_word' id='word_1_263' title='bbox 1581 2864 1629 2888; x_wconf 82' lang='lat' dir='ltr'><strong>ex</strong></span> 
     </span>
    </p>
   </div>
  </div>
 </body>
</html>
