2034 3204
386 211 450 254 IN
481 212 766 255 TERTULL.
795 211 876 254 DE
908 211 1283 254 PRAESCRIPT.
1317 212 1493 254 HAER.
1575 211 1659 257 197

257 318 440 362 haeresis
459 318 734 362 destruendae
754 318 894 361 ardor.
955 317 1121 361 Etenim
1141 317 1229 374 ipse
1249 331 1413 374 quoque
1434 316 1659 374 Septimius

257 390 308 417 ex
332 375 459 418 Sacra
480 375 696 433 Scriptura
715 375 844 418 malos
864 375 1047 432 ejusdem
1067 375 1318 432 interpretes
1338 389 1540 431 nusquam
1561 388 1657 424 non,

257 447 349 475 cum
378 433 657 488 gubernaculo
686 447 824 483 sanae,
851 447 976 490 quam
1005 433 1192 490 putabat,
1220 431 1586 489 interpretationis,
1615 437 1658 474 et

257 489 552 533 ecclesiasticae
572 490 836 548 expositionis
855 490 1113 540 adminiculo,
1129 489 1315 532 refutare
1334 489 1450 532 solet.
1499 489 1658 532 Verum

221 554 244 592 5
257 547 366 590 enim
385 562 484 590 vero
504 548 714 591 hominum
736 563 900 591 errores
919 562 1051 605 paene
1071 547 1313 605 negantium
1332 546 1535 604 principia
1560 546 1657 589 reli-

257 604 403 661 gionis,
431 604 580 662 quibus
609 621 654 648 se
684 605 856 663 opponit
879 605 1159 648 Tertullianus
1187 604 1231 648 in
1254 619 1303 647 ca
1334 637 1343 647 .
1366 616 1430 659 17,
1461 618 1659 661 provoca-

257 661 410 704 tionem
449 663 505 706 ad
540 663 778 721 Scripturas
815 663 978 706 irritam
1011 663 1230 706 faciebant.
1364 661 1417 704 tis
1452 676 1552 704 vero
1586 675 1658 704 ex-

256 719 423 776 plicavit
461 721 718 778 propositum
758 736 876 763 suum
911 726 1055 764 auctor
1090 735 1210 786 capp.
1241 733 1296 775 32
1329 725 1373 762 et
1404 730 1475 775 37.
1507 725 1518 743 ‘
1542 719 1658 762 Sole-

260 785 268 800 ‘
292 781 407 827 mus,’
422 779 551 821 verba
565 779 653 836 ejus
668 785 764 822 sunt
783 778 826 820 in
845 778 934 836 ipso
954 778 1069 821 initio
1089 778 1183 820 libn
1202 777 1316 821 advs.
1335 778 1656 834 Hermogenem,

199 842 245 866 ¹0
260 842 269 858 ‘
291 835 510 878 haereticis
542 836 773 893 compendii
804 836 942 893 gratia
976 836 1028 878 de
1067 835 1311 892 posteritate
1348 834 1658 892 praescribere!

259 892 412 935 Confer
433 899 476 936 et
494 893 563 936 lib.
586 894 638 936 de
660 894 798 936 Carne
819 893 988 944 Christi,
1009 908 1098 950 cap.
1116 894 1155 936 6.

315 950 362 992 P.
386 962 477 1006 137.
512 951 542 994 l.
566 964 604 996 2.
635 951 873 1010 digrediens
901 951 956 994 ad
987 951 1173 1004 Patrem]
1208 951 1429 994 Praestant
1457 949 1659 994 editiones

258 1007 440 1050 Ante-Ri
473 1008 652 1052 altianae
670 1010 926 1065 reqrediem.

315 1064 420 1107 Ibid.
442 1023 510 1108 {a
523 1080 554 1109 1.
588 1066 656 1110 Sic
683 1081 824 1109 omnes
853 1066 1026 1123 primae,
1046 1072 1090 1109 et
1113 1080 1254 1108 omnes
1276 1064 1538 1121 apostolicae,
1560 1063 1659 1106 dum

197 1131 243 1171 15
257 1136 340 1165 una
378 1138 531 1166 omnes.
611 1124 797 1167 Probant
841 1123 1042 1166 unitatem
1089 1122 1401 1165 communicatio
1474 1121 1571 1171 acis,
1615 1126 1660 1164 et

255 1180 478 1236 appellatio
498 1181 772 1224 fraternitatis
793 1180 893 1236 &e.]
917 1181 985 1224 Sic
1004 1180 1136 1222 locum
1157 1179 1321 1222 restitui
1339 1194 1392 1222 ex
1412 1194 1436 1222 e
1468 1178 1661 1222 'tionibus

256 1237 497 1295 Rigaltiana
528 1238 833 1288 vetustioribus,
861 1238 939 1281 nisi
967 1238 1079 1294 quod
1113 1252 1205 1280 cum
1236 1236 1421 1295 Rigaltio
1451 1251 1542 1279 una
1576 1250 1659 1278 non

256 1310 389 1337 unam
439 1295 539 1339 osui.
601 1297 744 1339 Lectio
761 1295 1002 1353 Rigaltiana
1016 1300 1093 1344 est,
1111 1302 1120 1318 ‘
1136 1295 1204 1338 Sic
1220 1309 1361 1336 omnes
1375 1296 1546 1350 prima’
1563 1293 1658 1350 [hoc

256 1367 308 1394 ex
331 1309 436 1395 00AE
448 1353 683 1411 Agobardi]
697 1386 707 1403 ,
728 1361 737 1377 ‘
755 1359 799 1396 et
817 1353 1079 1410 apostolicae,
1096 1352 1195 1395 dum
1214 1367 1299 1394 una
1318 1366 1459 1393 omnes
1479 1351 1660 1408 probant

195 1420 243 1446 20
258 1416 267 1432 ‘
291 1409 515 1460 unitatem3
546 1412 651 1453 dum
676 1419 737 1454 eat
763 1411 856 1453 illie
882 1409 1194 1453 communicatio
1222 1409 1346 1466 pacis,
1367 1414 1411 1451 et
1435 1408 1659 1465 appellatio

256 1473 266 1490 ‘
287 1466 572 1511 fraternitatis’
594 1468 668 1511 διο.
728 1469 822 1525 Ego
841 1473 980 1510 autem
1007 1473 1101 1524 post
1119 1482 1252 1518 voce8‚
1274 1467 1375 1508 dum
1395 1482 1486 1508 una
1505 1481 1658 1514 omnes,

254 1530 478 1581 propterea
497 1525 679 1576 distinxi,
702 1532 748 1568 ut
769 1526 909 1575 verba,
919 1528 1111 1581 probant
1131 1526 1355 1574 unitatem,
1372 1539 1465 1567 cum
1485 1538 1660 1580 sequen-

255 1581 376 1632 tibus,
417 1583 621 1639 quomodo
667 1583 867 1626 hactenus
906 1597 990 1625 non
1028 1582 1183 1625 factum
1223 1587 1300 1631 est,
1340 1581 1657 1639 conjungantur.

258 1639 381 1691 Quod
409 1639 518 1683 enim
549 1640 693 1684 debuit
721 1640 943 1683 Wouwerii
975 1640 1194 1684 Codicibus
1223 1639 1444 1697 Rigaltius‚
1465 1640 1570 1681 dum
1598 1647 1659 1682 est

195 1703 242 1742 25
257 1698 364 1749 illio,
396 1697 499 1740 illud
533 1713 586 1741 ex
620 1698 791 1741 librario
827 1698 1006 1754 quodam
1037 1698 1170 1740 locum
1207 1697 1418 1754 corrigere
1454 1696 1660 1753 gestiente

257 1755 488 1820 profectum
514 1755 690 1799 videtur.
752 1755 948 1799 Ceterum
977 1755 1202 1798 consimilia
1235 1755 1300 1796 his
1330 1754 1467 1797 verbis
1494 1759 1662 1797 exstant

256 1826 299 1853 1n
325 1812 431 1856 libro
450 1826 505 1855 ιν.
526 1813 639 1856 advs.
661 1813 929 1862 Marcionem,
957 1827 1046 1869 cap.
1062 1826 1105 1868 5.
1169 1818 1180 1836 ‘
1200 1811 1306 1854 Dico
1331 1812 1499 1868 itaque‚’
1526 1811 1661 1868 inquit

257 1869 563 1936 Tertullianus&
581 1877 593 1896 ‘
615 1871 727 1927 apud
756 1870 846 1913 illas
882 1870 1107 1936 [Ecclesia-s
1136 1868 1414 1935 Apostolicas]
1450 1869 1661 1934 nec-solas

193 1989 244 2026 ³0
260 1989 270 2007 ι
285 1927 1451 2041 ffiffi‘sslfftssnffiessffifflfft‘ssffsg‘ssfflljz02¹„ss
1466 1932 1662 2027 325³?ssss

259 2046 269 2064 ‘
290 2042 480 2086 editionis
506 2058 604 2085 suae
634 2049 762 2094 stare,
782 2043 893 2099 quod
922 2057 1014 2085 cum
1044 2042 1222 2085 maxime
1255 2045 1447 2084 tuemur.’
1508 2041 1662 2085 Confer

258 2106 342 2144 not.
362 2100 472 2144 infra
490 2101 545 2143 ad
565 2115 653 2158 cap.
670 2104 739 2158 36.

315 2158 362 2200 P.
399 2158 492 2214 138.
532 2159 558 2200 l.
596 2162 636 2207 6,
677 2158 916 2201 matricibus
955 2163 998 2200 et
1037 2157 1325 2214 originalibus]
1372 2156 1582 2200 Particula
1622 2165 1661 2200 et

257 2215 432 2258 delenda
452 2215 628 2258 videtur.

193 2276 242 2314 35
315 2273 420 2316 Ibid.
441 2274 468 2316 1.
493 2286 531 2328 7.
553 2273 642 2316 sine
668 2273 793 2316 dubio
820 2272 1047 2328 tenentem]
1070 2272 1206 2315 Velim
1229 2272 1460 2315 rescribere
1487 2273 1661 2315 tenenti-

257 2331 346 2383 bus,
368 2330 521 2387 quippe
541 2345 666 2388 quum
688 2331 858 2373 verbum
880 2338 994 2373 temo
1014 2330 1158 2373 melius
1178 2335 1382 2386 congruat
1405 2344 1497 2372 cum
1519 2329 1661 2372 Eccle-

257 2387 338 2437 siis,
360 2402 484 2444 quam
504 2403 595 2431 cum
617 2388 817 2431 doctrina.
1243 2395 1247 2398 ’

315 2445 422 2488 Ibid.
454 2445 481 2488 1.
503 2459 545 2501 9.
576 2445 779 2502 reliquam
808 2460 907 2488 vero
936 2459 1099 2487 omnem
1129 2444 1376 2500 doctrinam]
1410 2444 1498 2486 Etsi
1530 2442 1662 2486 edidit

257 2517 419 2545 omnem
438 2517 536 2546 vero
555 2505 814 2553 doctrinam,
836 2508 1044 2560 expuncta
1066 2517 1166 2545 voce
1189 2503 1416 2558 reliquam,
1440 2501 1660 2558 Rigaltius,

193 2572 245 2605 40
258 2559 475 2616 pristinam
503 2566 644 2603 tamen
672 2560 888 2603 lectionem
916 2560 1118 2602 revocavi.
1180 2560 1322 2603 Habet
1344 2565 1489 2601 auctor
1519 2558 1562 2601 in
1588 2558 1660 2601 lib.

257 2632 331 2660 suo
357 2617 472 2660 advs.
494 2617 728 2675 Psychicos,
749 2617 848 2669 sive,
876 2617 929 2660 de
955 2618 984 2660 J
987 2617 1145 2674 ejuniis,
1170 2631 1261 2673 cap.
1276 2623 1389 2669 4.—‘
1403 2616 1534 2658 omnis
1561 2616 1661 2659 reli-

259 2680 270 2698 ‘
290 2688 400 2730 quae
419 2675 554 2718 carnis
574 2689 692 2718 usum
712 2674 956 2718 concessisse
976 2674 1236 2718 manifestum
1257 2676 1345 2717 est!

317 2732 420 2774 Ibid.
443 2732 471 2775 l.
495 2746 558 2787 13.
581 2747 707 2789 supra
726 2731 947 2786 edidimus]
971 2732 1013 2774 h.
1035 2746 1071 2774 e.
1093 2731 1228 2788 capite
1256 2745 1267 2772 ι
1310 2765 1318 2774 .

317 2789 421 2832 Ibid.
453 2790 478 2831 l.
505 2793 567 2832 16.
606 2785 716 2846 quod
749 2789 861 2832 nulla
894 2789 1083 2832 doctrina
1115 2789 1278 2832 diversa
1327 2788 1505 2831 Mutavit
1537 2788 1660 2829 nulla
