1988 3216
415 259 875 305 ANNOTATIONES
907 259 969 301 IN
1002 257 1219 301 FRAGM.
1243 257 1317 299 διο.
1515 258 1572 302 39

172 381 235 424 15.
266 368 481 418 Eusebius,
513 367 599 411 Οἵδ’
622 368 687 411 ἐπὶ
704 366 854 421 Ῥόμης
883 365 1068 420 ἤκμαζον,
1099 366 1155 407 ὦν
1184 365 1318 419 ἡγεῖτο
1348 367 1570 416 Φλωρῖνος,

166 427 455 480 πρεσβυτερίου
475 428 542 478 τῆς
563 426 772 478 ἐκκλησίας
792 423 1019 467 ἅποπεσῶν.
1080 422 1263 466 Βλαστός
1282 437 1326 464 τε
1353 420 1429 463 σὺν
1448 420 1572 476 τούτῳ

167 484 432 539 παραπλησίῳ
459 484 636 536 πτώματι
666 481 970 537 κατεσχημένος·
1002 480 1043 523 ot
1068 480 1131 522 καὶ
1157 481 1319 523 πλείους
1343 478 1412 530 τῆς
1435 479 1574 529 ἐκκλη-

169 542 256 586 σίας
275 540 548 594 περιέλκοντες
575 541 640 582 ἐπὶ
666 540 710 582 τὸ
738 543 855 593 σφῶν
877 539 1031 593 ὑπῆγον
1049 538 1247 590 βούλημα·
1280 535 1444 590 θάτερος
1471 536 1575 579 ἰδίως

133 612 154 650 5
168 598 257 652 περὶ
284 597 357 650 τὴν
386 598 579 650 ἀληθείαν
608 598 848 651 νεωτερίζειν
876 596 1130 650 πειρῶμενος.
1190 594 1248 637 At
1267 608 1366 637 vero
1387 592 1575 635 Blastum

169 660 341 713 propter
364 654 632 711 quoestionem
663 655 715 698 de
743 653 926 696 Paschae
955 659 1142 710 tempore
1171 657 1304 695 ortam
1335 665 1453 694 reum
1483 664 1578 693 eva-

169 713 268 756 sisse
287 712 517 756 schismatis
546 712 683 769 potius
702 725 826 768 quam
855 710 1052 761 haeresis,
1074 709 1254 753 ostendit
1279 708 1414 767 capite
1434 707 1577 774 ultimo

168 775 312 814 auctor
338 770 464 813 libelli
485 776 629 813 contra
650 769 894 812 Haereticos
913 782 940 812 a
969 768 1025 811 ud
1043 767 1343 811 Tertullianum
1364 771 1578 809 exstantis.

171 828 457 871 Theodoretus
481 827 649 884 quidem
677 827 722 869 in
745 827 918 872 Haeret.
975 826 1041 869 ab.
1070 826 1140 869 lib.
1162 839 1189 868 1.
1211 840 1246 868 c.
1269 837 1337 883 23.
1364 838 1458 867 eum
1486 838 1579 866 cum

113 902 158 927 ιο
171 884 338 928 Florino
358 885 401 928 in
413 885 745 929 Valentinianam
766 884 970 928 haeresim
991 883 1216 927 declinasse
1235 882 1314 934 ait3
1335 882 1409 926 sed
1429 882 1483 924 de
1502 881 1580 924 hac

171 957 218 986 re
239 942 361 986 silere
381 942 546 986 videtur
567 942 779 985 Eusebius.

230 1001 278 1043 P.
298 1014 369 1057 35.
391 1000 418 1043 l.
439 1013 479 1057 5.
510 1004 693 1042 ΤΑΥΤΑ
720 1002 770 1042 τᾶ
796 1002 972 1054 δόγματα
996 998 1096 1055 &c.]
1131 1005 1141 1022 ‘
1157 997 1449 1055 condiscipuli,
1471 996 1582 1053 [Flo-

174 1065 183 1081 ‘
205 1057 303 1114 riui]
331 1072 453 1115 quem
485 1058 595 1115 apud
632 1058 909 1114 Polycarpum
939 1056 1101 1100 viderat
1141 1062 1408 1113 noveratque,
1444 1069 1582 1098 casum

174 1122 184 1139 ‘
206 1115 350 1158 dolens
371 1116 581 1165 Irenaeus,
602 1130 778 1172 eumque
802 1115 855 1158 ab
884 1129 1027 1157 errore
1053 1129 1249 1157 revocare
1276 1113 1458 1171 cupiens,
1486 1112 1584 1155 scri·

114 1187 160 1225 15
175 1179 185 1196 ‘
207 1173 290 1231 psit
329 1173 527 1216 adversus
566 1187 660 1215 eum
694 1172 907 1230 epistolam
943 1173 1032 1226 περὶ
1066 1175 1132 1224 τῆς
1163 1172 1411 1226 Μοναρχίας,
1441 1169 1466 1223 ἢ
1497 1170 1586 1224 περὶ

176 1236 187 1255 ‘
207 1234 277 1272 τοῦ
306 1230 359 1284 μὴ
390 1230 493 1274 εἶναι
518 1231 588 1273 τὸν
615 1230 728 1273 Θεὸν
747 1230 913 1282 ποιητὴν
937 1234 1080 1278 κακῶν,
1107 1231 1159 1272 de
1186 1230 1462 1278 Monarchia,
1483 1229 1584 1279 eive,

176 1294 186 1312 ‘
208 1289 322 1345 quod
351 1289 469 1331 Deus
502 1302 587 1330 non
620 1289 679 1330 eit
708 1288 904 1330 conditor
938 1288 1164 1329 maloram.
1231 1288 1387 1338 Ταύτης
1421 1285 1497 1341 γάρ
1526 1302 1587 1327 τοι

176 1352 186 1369 ‘
207 1348 275 1398 τῆς
304 1345 475 1399 γνώμης,
506 1344 624 1388 addit
651 1344 865 1394 Eusebius,
898 1344 1011 1388 οὗτος
1039 1345 1165 1387 ἐδόκει
1194 1345 1464 1398 προασπίζειν,
1492 1358 1588 1386 eam

176 1409 186 1426 ‘
208 1403 322 1446 enim
415 1404 592 1446 'niomm
620 1403 692 1445 hio
718 1403 942 1458 defendere
971 1403 1212 1444 videbatur.
1274 1402 1393 1453 Quae
1422 1400 1588 1457 quidem

115 1474 163 1499 20
177 1466 187 1485 ‘
209 1459 266 1503 sic
295 1416 475 1517 exssiizcat
495 1460 550 1502 H.
565 1459 767 1511 Valesius,
794 1459 912 1516 quasi
941 1459 1145 1509 Florinus,
1167 1458 1396 1502 Marcionis
1423 1465 1466 1502 et
1488 1458 1588 1501 Cer-

177 1524 188 1542 ‘
209 1517 327 1561 donis
345 1517 607 1575 dogmatibus
627 1517 872 1567 adhaerens,
893 1516 976 1559 duo
999 1516 1203 1574 principia
1231 1517 1466 1566 invexisset,
1487 1516 1590 1559 alte·

178 1582 188 1599 ‘
208 1589 301 1618 rum
328 1575 544 1627 bonorum,
574 1574 750 1618 alterum
781 1574 982 1618 malorum
1012 1582 1208 1618 actorem.
1270 1575 1354 1618 Sed
1382 1580 1590 1632 repugnat

179 1639 188 1656 ‘
211 1633 410 1676 Irenaeus
438 1632 634 1686 scribens,
663 1632 819 1676 Florini
845 1634 1054 1690 doymata
1076 1648 1127 1676 m
1153 1634 1325 1690 quidem
1355 1634 1591 1675 haereticos

180 1695 190 1714 ‘
211 1698 336 1734 extra
362 1691 605 1734 Ecclesiam
630 1692 798 1747 positos
891 1692 1028 1757 (fferre
1059 1706 1251 1748 unquam
1281 1705 1410 1734 ausos
1429 1691 1589 1747 fuisse.

118 1757 164 1796 25
180 1753 191 1772 ‘
213 1747 392 1791 Gravior
425 1748 554 1806 igitur
610 1762 704 1791 uam
735 1749 817 1791 Cer
847 1763 936 1791 oms
969 1762 1018 1791 ac
1049 1748 1278 1792 Marcionis
1312 1754 1405 1791 erat
1436 1747 1593 1790 Florini

181 1812 191 1829 ‘
211 1819 355 1856 error3
389 1819 438 1848 ac
464 1805 586 1862 proin
615 1820 639 1848 e
663 1806 706 1848 in
732 1820 781 1849 eo
810 1806 968 1863 positus
996 1806 1122 1849 fuisse
1148 1806 1326 1856 videtur,
1355 1806 1466 1863 quod
1496 1820 1592 1855 non,

180 1870 191 1887 ‘
212 1868 261 1906 ut
290 1862 362 1914 illi,
390 1862 596 1922 duplicem
626 1864 776 1914 Deum,
801 1863 979 1907 alterum
1013 1864 1123 1914 boni,
1151 1864 1329 1907 alterum
1361 1863 1471 1914 mali,
1498 1877 1595 1906 auc-

181 1927 192 1944 ‘
213 1925 347 1964 torem
377 1921 579 1979 fingeret;
611 1921 685 1964 sed
709 1921 752 1963 in
778 1935 906 1964 unum
932 1927 975 1964 et
999 1922 1187 1965 eumdem
1219 1922 1368 1972 Deum,
1395 1927 1468 1964 tan
1500 1935 1593 1964 uam

182 1986 190 2001 ‘
212 1978 258 2020 in
287 1992 486 2029 caussam,
516 1979 626 2022 mala
652 1979 790 2022 omnia
815 1993 864 2022 ac
894 1986 1063 2036 peccata
1091 1979 1357 2030 refunderet;
1389 1993 1471 2037 quo
1530 1993 1596 2022 re-

118 2048 168 2083 30
183 2041 195 2059 ‘
215 2049 317 2078 vera
354 2036 491 2079 nullus
536 2036 736 2080 hactenus
781 2037 1014 2081 haereticus
1053 2037 1243 2094 proferre
1282 2052 1406 2080 ausus
1445 2037 1596 2080 fuerat.

184 2100 192 2116 ‘
218 2093 342 2136 Unde
360 2092 458 2136 licet
484 2107 562 2150 pro
587 2095 797 2150 μοναρχίᾳ,
819 2108 890 2137 seu
918 2094 1107 2153 principii
1131 2095 1291 2138 unitate
1317 2100 1464 2138 contra
1483 2095 1598 2137 Mar-

185 2157 195 2174 ⁴
217 2149 389 2193 cionitas
437 2165 528 2193 oum
570 2151 794 2194 Catholicis
843 2152 1091 2202 decertaret,
1140 2153 1248 2195 hano
1291 2158 1431 2195 tamen
1480 2152 1598 2210 pejus

186 2219 194 2231 ⁶
217 2207 297 2250 illis
336 2207 530 2258 violabat,
571 2208 669 2251 dum
716 2209 834 2252 malis
878 2210 1066 2252 omnibus
1112 2210 1431 2253 contaminabat.
1513 2211 1599 2252 Ire-

188 2271 198 2288 ‘
218 2277 347 2308 naeus
376 2278 475 2308 vero
508 2266 766 2309 retinendam
798 2281 887 2310 esse
920 2267 1155 2323 μοναρχίαν,
1186 2282 1261 2310 nec
1295 2274 1434 2311 tamen
1474 2268 1599 2310 malo-

121 2329 195 2372 35‘
217 2337 308 2365 rum
350 2321 442 2366 labe
476 2323 806 2381 adspergendam
847 2338 950 2376 esse,
985 2330 1070 2368 tam
1102 2340 1212 2375 vere,
1244 2339 1368 2382 quam
1403 2326 1471 2382 pie
1505 2340 1600 2368 con-

187 2386 198 2404 ⁸
218 2379 429 2423 tendebat.
492 2381 626 2432 Quam
650 2396 748 2424 vero
772 2396 799 2424 a
825 2382 1022 2439 pestifera
1043 2383 1199 2425 Florini
1225 2383 1415 2426 doctrina
1443 2383 1601 2426 alienus

187 2444 196 2460 ⁴
218 2437 455 2488 exstitisset,
486 2452 693 2496 quamque
733 2439 937 2482 nefarium
973 2440 1126 2498 dogma
1159 2441 1443 2483 exhorruisset
1475 2441 1599 2498 Poly-

189 2504 196 2518 ‘
219 2508 381 2551 carpus,
402 2509 524 2552 quem
549 2496 705 2539 dudum
735 2503 1046 2554 praeceptorem
1078 2498 1282 2548 audierat,
1313 2498 1351 2541 ei
1382 2499 1435 2540 ob
1463 2499 1601 2541 oculos

190 2560 197 2575 ‘
222 2552 367 2652 Eonim
408 2561 454 2596 ut
484 2554 590 2596 tanti
630 2555 910 2612 praeceptoris
951 2556 1148 2598 memoria
1178 2556 1341 2598 devium
1374 2556 1417 2598 in
1449 2556 1602 2599 Catho-

127 2617 198 2659 40‘
239 2610 326 2652 ‘cae
353 2610 539 2653 veritatis
567 2611 672 2654 viam
704 2612 904 2655 efficacius
934 2613 1164 2656 reduceret.
1232 2613 1478 2656 Philastrius
1510 2614 1602 2656 Flo-

192 2673 202 2691 ‘
223 2667 434 2710 rianorum
474 2669 746 2724 quorumdam
787 2669 1088 2713 haereticorum
1130 2670 1342 2720 meminit;
1390 2671 1463 2714 sed
1499 2685 1603 2728 quos

190 2732 198 2747 ‘
225 2725 642 2781 Carpocratiauorum
682 2727 890 2770 surculum
926 2742 1015 2770 esse
1046 2728 1156 2771 dicit.
1231 2729 1472 2771 Gennadius
1504 2744 1602 2772 vero

192 2792 200 2804 ⁴
224 2781 474 2832 Florianum,
504 2798 576 2825 scu
603 2784 811 2826 Florinum
842 2785 994 2842 culpat,
1026 2785 1136 2842 quod
1167 2801 1331 2828 carnem
1362 2786 1458 2828 mali
1488 2801 1603 2829 caus-

192 2846 200 2862 ‘
224 2854 309 2882 sam
341 2854 429 2882 esse
459 2841 694 2883 crediderit.
763 2843 880 2892 Quae
907 2842 1086 2900 quidem,
1115 2843 1146 2885 si
1178 2849 1354 2900 uterque
1391 2844 1602 2887 Florinum

130 2906 201 2947 45⁴
226 2903 411 2940 nostrum
439 2898 703 2952 intellexerit,
732 2914 814 2942 non
842 2901 1005 2943 omnino
1031 2916 1122 2944 cum
1151 2901 1329 2945 Eusebio
1351 2909 1393 2946 et
1415 2903 1604 2951 Irenaeo,
