1988 3216
688 169 770 210 DE
810 167 1164 210 ORATIONE.
1543 166 1628 205 103

223 280 360 326 terris
388 286 568 341 patrem
607 294 823 331 vocemus,
853 278 949 323 nisi
983 293 1113 339 (suem
1149 275 1362 322 habemas·
1396 276 1445 320 in
1480 274 1628 321 coelis.

226 359 244 404 1
253 366 395 418 taque
419 358 485 403 sic
509 358 759 402 adorantes
778 356 923 402 etiam
948 361 1252 415 praeceptum
1280 354 1481 399 obimus.
1539 353 1631 398 Fe-

222 435 334 481 lices
358 434 441 494 qui
473 434 666 480 Patrem
698 439 980 495 agnoscunt.
1055 433 1161 478 Hoc
1191 438 1276 482 est,
1301 432 1427 491 quod
1463 430 1630 476 Israeli

223 514 555 574 exprobratur,
589 513 715 571 quod
761 514 945 557 coelum
980 527 1036 557 ac
1064 518 1242 557 terram
1277 509 1486 569 Spiritus
1522 523 1633 553 con-

187 597 441 644 5testatur‚
466 588 632 643 Filios,
657 589 834 638 dicens.
858 589 1013 653 qenai,
1038 594 1079 634 et
1111 586 1184 634 illi
1215 602 1284 633 me
1317 601 1410 632 non
1442 601 1628 649 aqnove-
1645 600 1735 632 Enni.
1754 599 1775 631 i.
1794 608 1821 631 ι.

223 674 346 715 runt.
415 668 629 714 Dicendo
665 676 824 714 autem
863 667 1073 720 Patrem,
1110 667 1265 712 Deum
1302 680 1492 725 quoque
1524 680 1632 725 cog-

225 746 542 792 nominamus.
606 745 884 806 Appellatio
908 745 1001 791 ista
1023 750 1071 791 et
1095 744 1285 804 pietatis
1310 749 1358 788 et
1381 741 1634 803 potestatis

226 832 311 870 est.
382 824 504 870 Item
541 823 589 868 in
618 824 760 868 Patre
787 823 941 869 Filius
977 823 1240 876 invocatur,
1268 818 1368 883 qu
1403 820 1537 873 enim,
1564 819 1726 865 in-Joh.
1746 841 1778 863 x.
1799 840 1852 872 30.

226 902 348 962 quit,
381 907 423 947 et
450 899 595 946 Pater
617 916 759 946 unum
792 916 962 946 sumus.
1031 899 1107 946 Ne
1142 905 1295 944 mater
1317 898 1512 957 quidem
1546 896 1637 942 Ec-

114 993 118 998 ·
166 996 215 1022 10
228 980 372 1026 clesia
403 978 705 1039 praeteritur.
776 978 1023 1038 Siquidem
1053 977 1102 1022 in
1130 976 1228 1022 filio
1252 983 1298 1021 et
1324 983 1460 1035 patre
1485 982 1639 1020 mater

228 1056 595 1120 recognoscitur,
613 1058 672 1102 de
691 1072 787 1116 qua
810 1062 993 1102 constat
1019 1061 1066 1100 et
1090 1054 1242 1114 patris
1267 1061 1312 1099 et
1336 1053 1424 1098 filii
1450 1067 1636 1097 nomen.

230 1136 341 1181 Uno
375 1134 527 1196 igitur
559 1149 731 1196 genere
765 1140 850 1180 aut
882 1132 1030 1195 [foi-s,
1055 1130 1293 1194 generali]
1324 1131 1554 1176 vocabulo
1588 1136 1637 1175 et

230 1213 384 1258 Deum
406 1228 513 1258 cum
532 1211 632 1257 suis
657 1211 960 1266 honoramus,
976 1217 1023 1256 et
1046 1209 1287 1269 praecepti
1313 1207 1636 1260 meminimus,

229 1297 277 1336 et
300 1290 471 1335 oblitos
499 1289 660 1334 Patris
683 1290 980 1334 denotamus.

171 1382 217 1420 15
299 1367 483 1412 Nomen
502 1365 591 1411 Dei
612 1365 770 1411 Patris
796 1365 976 1411 nemini
1001 1364 1245 1424 proditum
1261 1364 1432 1409 fuerat.
1473 1362 1638 1408 Etiam
1660 1369 1764 1402 CAP-
1783 1369 1854 1401 111.

230 1443 315 1504 qui
354 1444 412 1489 de
459 1443 563 1503 ipso
599 1443 978 1506 interrogaverat
1020 1442 1223 1503 Moyses,
1266 1441 1394 1487 aliud
1444 1441 1639 1500 quidem

230 1536 401 1568 nomen
427 1520 657 1567 audierat.
702 1518 860 1566 Nobis
883 1522 1142 1566 revelatum
1170 1526 1241 1564 est
1266 1518 1316 1564 in
1343 1518 1483 1564 Filio.
1526 1518 1638 1563 Jam

231 1598 359 1644 enim
400 1597 554 1644 Filius
594 1613 771 1644 novum
814 1598 974 1644 Patris
1013 1613 1183 1643 nomen
1232 1604 1336 1651 est;
1381 1595 1482 1660 Eyo
1522 1593 1731 1650 veni,·¹⁰¹¹·
1747 1602 1846 1632 '·⁴²·

233 1676 405 1736 inquit,
438 1675 486 1720 in
523 1675 707 1721 nomine
740 1674 918 1721 Pams.
989 1675 1057 1720 Et
1098 1690 1279 1727 rursus,
1305 1672 1464 1728 Pater,
1493 1672 1640 1738 ylari-

172 1773 221 1799 πο
220 1752 320 1815 fica
354 1768 515 1798 nomen
551 1758 691 1799 tuum.
763 1752 832 1798 Et
862 1753 1086 1813 apertius5
1113 1751 1294 1798 Nomen
1330 1757 1455 1798 tuum
1492 1751 1642 1797 mani-

220 1828 398 1892 festavi
430 1828 702 1876 hominibzw.
775 1831 830 1876 Id
859 1846 974 1892 ergo
1003 1838 1058 1876 ut
1082 1842 1454 1876 sANcrlricmuR
1479 1837 1643 1890 postu·

236 1909 404 1954 lamus.
479 1908 588 1953 Non
613 1909 741 1967 quod
766 1909 929 1954 deceat
956 1908 1169 1954 homines
1197 1908 1312 1953 bene
1336 1908 1440 1954 Deo
1463 1915 1641 1968 optare,

236 1986 375 2046 quasi
399 1986 465 2032 sit
487 1993 534 2031 et
558 1986 681 2032 alius
705 1987 762 2031 de
785 2001 881 2046 quo
905 1986 945 2031 ei
971 1986 1121 2046 possit
1145 1985 1319 2045 optari,
1339 1993 1423 2031 aut
1447 1986 1643 2040 laboret,

238 2062 328 2108 nisi
370 2070 602 2124 optemus.
676 2063 825 2109 Plane
863 2063 1071 2109 benedici
1098 2063 1255 2109 Deum
1288 2064 1419 2109 omni
1455 2065 1558 2109 loco
1593 2078 1866 2111 acPs.cfii.22.

177 2158 224 2198 25
238 2146 450 2200 tempore
474 2142 710 2195 condecet,
734 2141 794 2186 ob
817 2141 1028 2186 debitam
1053 2156 1242 2200 semper
1264 2140 1545 2187 memoriam
1570 2141 1649 2187 be-

240 2218 515 2264 neficiorum
540 2219 661 2279 ejus,
685 2218 746 2264 ab
769 2218 900 2264 omni
930 2218 1136 2264 homine.
1209 2218 1300 2264 Sed
1326 2225 1373 2264 et
1398 2219 1486 2264 hoc
1511 2219 1649 2264 bene-

240 2295 466 2342 dictionis
481 2296 582 2341 vice
597 2295 834 2359 fungitur.
872 2295 1095 2342 Ceterum
1111 2297 1305 2356 quando
1322 2312 1413 2342 non
1430 2303 1648 2342 sanctum

240 2380 288 2419 et
305 2373 653 2420 sanctificatum
670 2379 742 2419 est
759 2388 845 2434 per
859 2373 1168 2433 semetipsum
1189 2389 1358 2419 nomen
1375 2373 1483 2427 Dei,
1498 2388 1649 2433 quum

241 2457 419 2497 ceteros
443 2451 703 2498 sanctificet
727 2466 786 2497 ex
809 2451 1102 2511 semetipso?
1140 2451 1233 2497 Cui
1258 2452 1343 2497 illa
1365 2449 1647 2514 Anyelorum
1665 2466 1754 2499 Emi.
1769 2466 1812 2498 vi.
1830 2475 1859 2506 3.

179 2550 230 2586 30
243 2528 590 2575 circumstantia
632 2544 724 2574 non
765 2534 939 2575 cessant
979 2528 1145 2583 dicere,
1181 2528 1396 2582 Sancta-3,
1435 2511 1868 2584 Sanctus‚Ap⁰⁰‘iv‘⁸'

243 2605 455 2654 Sanctam.
527 2606 736 2652 Proinde
771 2606 923 2667 igitur
945 2612 994 2651 et
1024 2621 1125 2660 nos,
1150 2606 1461 2667 Angelorum,
1487 2606 1528 2652 si
1552 2622 1650 2652 me—

243 2684 496 2736 ruerimus,
533 2683 790 2735 candidati,
822 2684 923 2745 jam
968 2683 1078 2729 hinc
1124 2685 1374 2730 coelestem
1421 2683 1553 2729 illam
1600 2684 1649 2730 in

245 2762 401 2808 Deum
421 2778 599 2817 vocem,
619 2769 665 2807 et
691 2761 898 2807 officium
923 2761 1114 2807 futurae
1139 2762 1372 2807 claritatis
1396 2762 1649 2807 ediximus
