2034 3204
416 222 502 262 308
938 220 979 262 S.
1011 219 1327 262 CYPRIANI

417 339 464 377 et
502 333 746 377 cumulata
785 346 908 390 quae
944 329 1197 390 praestitit,
1235 335 1283 374 et
1323 327 1544 387 operibus
1579 325 1725 386 justis
1763 339 1816 370 ac

418 408 766 454 misericordiae
807 407 990 453 meritis
1031 412 1290 467 augmenta
1326 411 1374 450 et
1413 404 1705 450 incrementa
1740 417 1818 447 su-

416 486 671 540 mentibus,
707 485 849 531 farris
884 491 934 530 et
970 483 1061 528 olei
1097 498 1212 528 vasa
1249 483 1481 541 completa
1521 489 1647 526 sunt.
1718 479 1819 524 Nec

415 563 527 609 filiis
564 562 764 608 abstulit
804 567 958 607 mater
988 561 1114 620 quod
1157 559 1327 604 Heliae
1364 558 1507 611 dedit,
1543 558 1623 603 sed
1663 555 1818 618 magis

390 635 394 638 ’
415 640 618 686 contulit
642 639 752 684 filiis
777 639 903 698 quod
930 636 1132 698 benigne
1160 644 1208 681 et
1225 636 1301 696 pie
1319 635 1446 681 fecit.
1506 635 1575 680 Et
1598 635 1681 679 illa
1703 644 1856 684 non-5

200 1272 388 1304 Multitudo

199 1316 379 1348 liberorum

200 1359 384 1391 beneficen-

200 1404 283 1435 tiam
299 1403 376 1434 ube-

200 1448 322 1479 riorem
334 1457 406 1478 sua-

200 1492 279 1523 dere
294 1490 405 1522 debet.

207 2592 286 2626 Job.
303 2593 323 2624 i.

416 719 531 763 dum
556 717 805 763 Christum
840 715 1031 768 sciebat,
1066 715 1279 759 nondum
1314 718 1567 772 praecepta
1599 712 1703 772 ejus
1738 725 1821 773 au-

417 795 585 848 dierat,
610 809 705 839 non
737 808 874 839 cruce
909 798 958 837 et
989 791 1208 851 passione
1244 791 1348 852 ejus
1381 791 1628 848 redempta
1661 787 1820 834 cibum

417 879 466 918 et
498 878 666 932 potum
699 886 786 930 pro
820 869 1053 931 sanguine
1089 869 1400 928 rependebat3
1437 873 1493 913 ut
1523 880 1582 912 ex
1615 866 1706 911 hoc
1733 859 1823 924 ‘ap-

416 955 581 1009 pareat
615 954 851 1008 quantum
886 947 936 992 in
973 946 1189 992 Ecclesia
1219 951 1380 1006 peccet
1414 945 1499 1005 qui
1530 960 1579 990 se
1616 950 1663 989 et
1700 941 1822 987 filios

416 1026 611 1072 Christo
645 1034 938 1084 anteponens
974 1023 1168 1069 divitias
1200 1039 1310 1069 suas
1346 1029 1519 1074 servat,
1556 1037 1640 1067 nec
1676 1019 1824 1080 patri·
1840 1036 1888 1062 10

416 1104 630 1149 monium
656 1103 899 1163 copiosum
919 1117 1027 1147 cum
1048 1100 1368 1161 indigentium
1394 1105 1675 1160 paupertate
1698 1113 1825 1144 com-

418 1181 644 1227 municat.

486 1258 628 1305 XIV.
665 1258 754 1304 Sed
782 1259 908 1304 enim
935 1257 1072 1304 multi
1112 1263 1225 1302 sunt
1252 1256 1301 1302 in
1337 1256 1478 1301 domo
1501 1255 1652 1309 liberi,
1677 1260 1726 1300 et
1753 1270 1825 1300 re-

420 1338 582 1382 tardat
617 1345 662 1381 te
695 1335 1009 1381 numerositas
1051 1334 1259 1381 filiorum
1295 1349 1390 1394 quo
1429 1333 1589 1378 minus
1629 1332 1827 1394 largiter

420 1414 556 1460 bonis
581 1414 803 1473 operibus
827 1413 1035 1458 insistas.
1094 1412 1250 1472 Atqui
1275 1412 1364 1457 hoc
1388 1411 1493 1470 ipso
1517 1410 1703 1470 operari
1726 1424 1826 1455 am·
1843 1420 1890 1461 15

420 1490 546 1550 plius
569 1490 710 1535 debes
734 1505 830 1549 quo
848 1490 1109 1535 multorum
1128 1488 1383 1549 pignorum
1403 1495 1540 1547 pater
1557 1503 1620 1534 eS.
1658 1488 1827 1533 Plures

420 1573 534 1614 sunt
578 1582 664 1627 pro
711 1566 885 1626 quibus
930 1566 1193 1611 Dominum
1240 1566 1517 1625 depreceris,
1564 1567 1826 1611 multorum

420 1645 592 1692 delicta
628 1643 905 1690 redimenda
942 1650 1069 1698 sunt,
1102 1645 1364 1689 multorum
1404 1644 1682 1705 purgandae
1719 1657 1828 1688 con-

422 1722 660 1773 scientiae,
690 1722 950 1766 multorum
984 1721 1172 1766 animae
1201 1720 1487 1766 liberandae.
1559 1720 1628 1766 Ut
1657 1720 1705 1765 in
1738 1720 1828 1765 hac

423 1800 526 1845 vita
556 1799 784 1844 saeculari
813 1798 994 1843 alendis
1019 1797 1404 1857 sustinendisque
1428 1797 1708 1859 pignoribus
1733 1811 1829 1858 quo
1844 1812 1894 1838 πο

422 1879 578 1938 major
608 1883 678 1922 est
702 1891 944 1929 numeruS‚
969 1876 1057 1921 hoc
1082 1876 1236 1936 major
1258 1881 1306 1920 et
1334 1882 1554 1936 sumptus
1579 1884 1663 1927 est,
1688 1875 1759 1921 ita
1781 1881 1829 1921 et

423 1955 472 2001 in
509 1955 611 2000 vita
647 1953 853 2014 spiritali
888 1960 1031 2012 atque
1069 1952 1272 2005 coelesti,
1309 1967 1405 2012 quo
1444 1952 1647 2012 amplior
1682 1951 1829 1998 fuerit

423 2033 679 2095 pignorum
720 2030 871 2090 copia,
907 2045 1009 2075 esse
1049 2035 1097 2075 et
1133 2044 1330 2089 operum
1371 2029 1510 2075 debet
1550 2030 1704 2091 maj0r
1741 2029 1830 2075 im-

424 2125 586 2170 pensa.
657 2109 734 2154 Sic
770 2114 818 2154 et
856 2107 951 2153 Job
988 2106 1220 2153 sacrificia
1254 2122 1507 2153 numerosa
1543 2122 1630 2167 pro
1667 2106 1829 2153 liberis

423 2186 681 2241 offerebat3
717 2193 1022 2246 quantusque
1056 2193 1159 2230 erat
1193 2184 1243 2230 iu
1279 2185 1420 2230 domo
1450 2184 1707 2247 pignorum
1742 2200 1827 2231 nu-
1845 2197 1894 2236 25

424 2280 597 2319 meruS,
633 2271 796 2310 tantus
831 2263 1037 2309 dabatur
1072 2262 1175 2307 Deo
1211 2268 1259 2307 et
1288 2277 1515 2308 numerus
1547 2262 1827 2309 hostiarum.

426 2343 494 2389 Et
527 2341 753 2403 quoniam
791 2339 1005 2400 quotidie
1041 2340 1202 2385 deesse
1237 2355 1331 2385 non
1368 2346 1524 2399 potest
1560 2341 1686 2400 quod
1724 2355 1830 2400 pec-

424 2428 558 2468 cetur
580 2420 629 2467 in
654 2425 908 2479 conspectu
931 2416 1040 2471 Dei,
1071 2415 1304 2463 sacrificia
1325 2417 1606 2477 quotidiana
1629 2434 1723 2465 non
1747 2420 1829 2465 de-

424 2505 573 2551 erant,
597 2497 772 2557 quibus
796 2501 988 2556 possent
1011 2500 1204 2554 peccata
1227 2494 1415 2556 tergeri.
1467 2495 1646 2542 Probat
1669 2496 1829 2557 Scrip-

428 2583 537 2623 tura
568 2575 745 2627 divina,
770 2573 945 2624 dicens,
969 2570 1062 2618 Job
1093 2569 1226 2618 leomo
1260 2587 1392 2619 verus
1426 2579 1468 2619 et
1487 2573 1644 2634 justus
1673 2572 1830 2622 habuit
1845 2586 1896 2623 30

414 2652 547 2715 filios
587 2657 749 2714 septem
789 2655 830 2697 et
862 2648 997 2711 filias
1039 2654 1141 2703 tres,
1183 2653 1224 2695 et
1260 2647 1531 2696 emundabat
1572 2648 1688 2705 illos,
1726 2648 1829 2713 ‹yffi›-

428 2746 534 2777 rens
568 2746 656 2792 pro
697 2728 763 2774 eis
799 2726 969 2774 hostias
1007 2725 1109 2773 Deo
1153 2725 1399 2773 secundum
1441 2743 1683 2774 numerum
1732 2726 1832 2774 illo-

429 2823 548 2861 rum,
584 2812 625 2852 e!
659 2821 746 2866 pro
775 2804 973 2867 peccatis
998 2819 1152 2850 eorum
1182 2802 1373 2851 vitulum
1409 2820 1564 2851 unum.
1634 2804 1686 2851 Si
1718 2820 1832 2868 ergo
