<?xml version="1.0" encoding="UTF-8"?>
<!DOCTYPE html PUBLIC "-//W3C//DTD XHTML 1.0 Transitional//EN"
    "http://www.w3.org/TR/xhtml1/DTD/xhtml1-transitional.dtd">
<html xmlns="http://www.w3.org/1999/xhtml" xml:lang="en" lang="en">
 <head>
  <title>
</title>
<meta http-equiv="Content-Type" content="text/html;charset=utf-8" />
  <meta name='ocr-system' content='tesseract 3.04.00' />
  <meta name='ocr-capabilities' content='ocr_page ocr_carea ocr_par ocr_line ocrx_word'/>
</head>
<body>
  <div class='ocr_page' id='page_1' title='image "./scriptorumeccles01rout_0308.png"; bbox 0 0 2034 3204; ppageno 0'>
   <div class='ocr_carea' id='block_1_1' title="bbox 440 225 1339 268">
    <p class='ocr_par' dir='ltr' id='par_1_1' title="bbox 440 225 1339 268">
     <span class='ocr_line' id='line_1_1' title="bbox 440 225 1339 268; baseline 0.003 -5"><span class='ocrx_word' id='word_1_1' title='bbox 440 225 525 268; x_wconf 75' lang='lat'>292</span> <span class='ocrx_word' id='word_1_2' title='bbox 946 226 987 267; x_wconf 84' lang='lat' dir='ltr'>S.</span> <span class='ocrx_word' id='word_1_3' title='bbox 1022 226 1339 268; x_wconf 85' lang='lat' dir='ltr'><strong>CYPRIANI</strong></span> 
     </span>
    </p>
   </div>
   <div class='ocr_carea' id='block_1_2' title="bbox 217 331 1912 2795">
    <p class='ocr_par' dir='ltr' id='par_1_2' title="bbox 218 331 1841 396">
     <span class='ocr_line' id='line_1_2' title="bbox 218 331 1841 396; baseline 0.001 -22"><span class='ocrx_word' id='word_1_4' title='bbox 218 343 411 376; x_wconf 75' lang='lat' dir='ltr'>cumulibe-</span> <span class='ocrx_word' id='word_1_5' title='bbox 442 333 704 387; x_wconf 86' lang='lat' dir='ltr'>Christum‚</span> <span class='ocrx_word' id='word_1_6' title='bbox 730 334 814 393; x_wconf 91' lang='lat' dir='ltr'>qui</span> <span class='ocrx_word' id='word_1_7' title='bbox 851 342 897 380; x_wconf 89' lang='lat' dir='ltr'>te</span> <span class='ocrx_word' id='word_1_8' title='bbox 932 341 979 380; x_wconf 92' lang='lat' dir='ltr'>et</span> <span class='ocrx_word' id='word_1_9' title='bbox 1010 336 1209 380; x_wconf 83' lang='lat' dir='ltr'>redemit</span> <span class='ocrx_word' id='word_1_10' title='bbox 1239 342 1286 380; x_wconf 92' lang='lat' dir='ltr'>et</span> <span class='ocrx_word' id='word_1_11' title='bbox 1321 334 1509 396; x_wconf 87' lang='lat' dir='ltr'>diligit?</span> <span class='ocrx_word' id='word_1_12' title='bbox 1546 333 1756 378; x_wconf 85' lang='lat' dir='ltr'>Joannes</span> <span class='ocrx_word' id='word_1_13' title='bbox 1791 331 1841 376; x_wconf 94' lang='lat' dir='ltr'>in</span> 
     </span>
    </p>

    <p class='ocr_par' dir='ltr' id='par_1_3' title="bbox 220 389 1845 471">
     <span class='ocr_line' id='line_1_3' title="bbox 220 389 1845 471; baseline -0.001 -16"><span class='ocrx_word' id='word_1_14' title='bbox 220 389 324 418; x_wconf 52' lang='lat' dir='ltr'><strong>&#39;etur&#39;</strong></span> <span class='ocrx_word' id='word_1_15' title='bbox 441 410 641 470; x_wconf 89' lang='lat' dir='ltr'>epistola</span> <span class='ocrx_word' id='word_1_16' title='bbox 675 427 763 456; x_wconf 88' lang='lat' dir='ltr'>sua</span> <span class='ocrx_word' id='word_1_17' title='bbox 796 413 971 457; x_wconf 87' lang='lat' dir='ltr'>clamat</span> <span class='ocrx_word' id='word_1_18' title='bbox 1005 419 1053 457; x_wconf 90' lang='lat' dir='ltr'>et</span> <span class='ocrx_word' id='word_1_19' title='bbox 1087 412 1314 471; x_wconf 88' lang='lat' dir='ltr'>loquitur,</span> <span class='ocrx_word' id='word_1_20' title='bbox 1346 417 1395 457; x_wconf 91' lang='lat' dir='ltr'>et</span> <span class='ocrx_word' id='word_1_21' title='bbox 1428 427 1487 456; x_wconf 89' lang='lat' dir='ltr'>ne</span> <span class='ocrx_word' id='word_1_22' title='bbox 1522 409 1730 456; x_wconf 85' lang='lat' dir='ltr'>carnalia</span> <span class='ocrx_word' id='word_1_23' title='bbox 1764 410 1845 454; x_wconf 89' lang='lat' dir='ltr'>de-</span> 
     </span>
    </p>

    <p class='ocr_par' dir='ltr' id='par_1_4' title="bbox 226 484 1843 551">
     <span class='ocr_line' id='line_1_4' title="bbox 226 484 1843 551; baseline -0.001 -19"><span class='ocrx_word' id='word_1_24' title='bbox 226 503 238 524; x_wconf 81' lang='grc' dir='ltr'>ι</span> <span class='ocrx_word' id='word_1_25' title='bbox 256 493 357 526; x_wconf 82' lang='lat' dir='ltr'>Joan-</span> <span class='ocrx_word' id='word_1_26' title='bbox 376 495 409 526; x_wconf 86' lang='lat' dir='ltr'>ii-</span> <span class='ocrx_word' id='word_1_27' title='bbox 443 487 617 533; x_wconf 89' lang='lat' dir='ltr'>sideria</span> <span class='ocrx_word' id='word_1_28' title='bbox 648 495 882 535; x_wconf 82' lang='lat' dir='ltr'>sectantes</span> <span class='ocrx_word' id='word_1_29' title='bbox 917 490 1152 534; x_wconf 88' lang='lat' dir='ltr'>mundum</span> <span class='ocrx_word' id='word_1_30' title='bbox 1186 489 1442 551; x_wconf 82' lang='lat' dir='ltr'>diligamus</span> <span class='ocrx_word' id='word_1_31' title='bbox 1471 489 1711 533; x_wconf 89' lang='lat' dir='ltr'>hortatur:</span> <span class='ocrx_word' id='word_1_32' title='bbox 1748 484 1843 532; x_wconf 91' lang='lat' dir='ltr'>No-</span> 
     </span>
    </p>

    <p class='ocr_par' dir='ltr' id='par_1_5' title="bbox 225 545 1909 1774">
     <span class='ocr_line' id='line_1_5' title="bbox 225 545 1844 629; baseline -0.001 -20"><span class='ocrx_word' id='word_1_33' title='bbox 225 545 274 577; x_wconf 72' lang='lat'>¹⁵&#39;</span> <span class='ocrx_word' id='word_1_34' title='bbox 441 563 534 621; x_wconf 78' lang='lat' dir='ltr'>lite,</span> <span class='ocrx_word' id='word_1_35' title='bbox 559 565 730 626; x_wconf 91' lang='lat' dir='ltr'>inquit,</span> <span class='ocrx_word' id='word_1_36' title='bbox 748 564 939 629; x_wconf 68' lang='lat' dir='ltr'>diliyere</span> <span class='ocrx_word' id='word_1_37' title='bbox 963 564 1195 618; x_wconf 78' lang='lat' dir='ltr'>mundum,</span> <span class='ocrx_word' id='word_1_38' title='bbox 1216 580 1357 627; x_wconf 81' lang='lat' dir='ltr'>neque</span> <span class='ocrx_word' id='word_1_39' title='bbox 1380 580 1432 611; x_wconf 84' lang='lat' dir='ltr'>ea</span> <span class='ocrx_word' id='word_1_40' title='bbox 1456 580 1570 627; x_wconf 82' lang='lat' dir='ltr'>quae</span> <span class='ocrx_word' id='word_1_41' title='bbox 1599 564 1649 609; x_wconf 78' lang='lat' dir='ltr'>in</span> <span class='ocrx_word' id='word_1_42' title='bbox 1674 563 1844 609; x_wconf 78' lang='lat' dir='ltr'>mundo</span> 
     </span>
     <span class='ocr_line' id='line_1_6' title="bbox 417 641 1880 705; baseline -0.001 -17"><span class='ocrx_word' id='word_1_43' title='bbox 417 649 558 689; x_wconf 62' lang='lat' dir='ltr'>sunt.</span> <span class='ocrx_word' id='word_1_44' title='bbox 644 642 704 690; x_wconf 80' lang='lat' dir='ltr'>Si</span> <span class='ocrx_word' id='word_1_45' title='bbox 743 643 846 705; x_wconf 78' lang='lat' dir='ltr'>quis</span> <span class='ocrx_word' id='word_1_46' title='bbox 888 641 1107 689; x_wconf 70' lang='lat' dir='ltr'>dileoeerz&#39;t</span> <span class='ocrx_word' id='word_1_47' title='bbox 1154 641 1388 696; x_wconf 78' lang='lat' dir='ltr'>mundum,</span> <span class='ocrx_word' id='word_1_48' title='bbox 1424 657 1515 688; x_wconf 77' lang='lat' dir='ltr'>uon</span> <span class='ocrx_word' id='word_1_49' title='bbox 1562 647 1627 688; x_wconf 80' lang='lat' dir='ltr'>est</span> <span class='ocrx_word' id='word_1_50' title='bbox 1672 641 1880 692; x_wconf 77' lang='lat' dir='ltr'>caritas5</span> 
     </span>
     <span class='ocr_line' id='line_1_7' title="bbox 438 718 1846 782; baseline -0.001 -17"><span class='ocrx_word' id='word_1_51' title='bbox 438 719 603 766; x_wconf 82' lang='lat' dir='ltr'>Patris</span> <span class='ocrx_word' id='word_1_52' title='bbox 624 720 675 765; x_wconf 81' lang='lat' dir='ltr'>in</span> <span class='ocrx_word' id='word_1_53' title='bbox 701 719 811 765; x_wconf 71' lang='lat' dir='ltr'>illo.-</span> <span class='ocrx_word' id='word_1_54' title='bbox 849 719 960 781; x_wconf 82' lang='lat' dir='ltr'>quz‘a</span> <span class='ocrx_word' id='word_1_55' title='bbox 993 735 1124 766; x_wconf 82' lang='lat' dir='ltr'>omne</span> <span class='ocrx_word' id='word_1_56' title='bbox 1147 719 1270 782; x_wconf 80' lang='lat' dir='ltr'>quod</span> <span class='ocrx_word' id='word_1_57' title='bbox 1299 719 1348 765; x_wconf 76' lang='lat' dir='ltr'>in</span> <span class='ocrx_word' id='word_1_58' title='bbox 1379 718 1552 765; x_wconf 78' lang='lat' dir='ltr'>mundo</span> <span class='ocrx_word' id='word_1_59' title='bbox 1584 725 1649 765; x_wconf 80' lang='lat' dir='ltr'>est</span> <span class='ocrx_word' id='word_1_60' title='bbox 1681 734 1846 765; x_wconf 79' lang='lat' dir='ltr'>concu-</span> 
     </span>
     <span class='ocr_line' id='line_1_8' title="bbox 431 795 1847 859; baseline -0.001 -16"><span class='ocrx_word' id='word_1_61' title='bbox 431 798 660 859; x_wconf 76' lang='lat' dir='ltr'>piscentia</span> <span class='ocrx_word' id='word_1_62' title='bbox 706 797 863 843; x_wconf 79' lang='lat' dir='ltr'>carnis</span> <span class='ocrx_word' id='word_1_63' title='bbox 904 803 982 851; x_wconf 79' lang='lat' dir='ltr'>est,</span> <span class='ocrx_word' id='word_1_64' title='bbox 1025 803 1067 843; x_wconf 79' lang='lat' dir='ltr'>et</span> <span class='ocrx_word' id='word_1_65' title='bbox 1112 797 1478 859; x_wconf 73' lang='lat' dir='ltr'>concupiscentia</span> <span class='ocrx_word' id='word_1_66' title='bbox 1525 795 1759 844; x_wconf 72' lang='lat' dir='ltr'>oculorum</span> <span class='ocrx_word' id='word_1_67' title='bbox 1805 802 1847 842; x_wconf 78' lang='lat' dir='ltr'>et</span> 
     </span>
     <span class='ocr_line' id='line_1_9' title="bbox 438 873 1846 937; baseline 0 -17"><span class='ocrx_word' id='word_1_68' title='bbox 438 873 627 921; x_wconf 77' lang='lat' dir='ltr'>ambitio</span> <span class='ocrx_word' id='word_1_69' title='bbox 661 874 844 928; x_wconf 77' lang='lat' dir='ltr'>saeculi,</span> <span class='ocrx_word' id='word_1_70' title='bbox 871 891 986 937; x_wconf 78' lang='lat' dir='ltr'>quae</span> <span class='ocrx_word' id='word_1_71' title='bbox 1020 891 1113 922; x_wconf 77' lang='lat' dir='ltr'>non</span> <span class='ocrx_word' id='word_1_72' title='bbox 1148 881 1213 922; x_wconf 77' lang='lat' dir='ltr'>est</span> <span class='ocrx_word' id='word_1_73' title='bbox 1247 891 1275 921; x_wconf 85' lang='lat' dir='ltr'><strong><em>a</em></strong></span> <span class='ocrx_word' id='word_1_74' title='bbox 1299 874 1457 930; x_wconf 73' lang='lat' dir='ltr'>Patre,</span> <span class='ocrx_word' id='word_1_75' title='bbox 1482 874 1562 921; x_wconf 79' lang='lat' dir='ltr'>sed</span> <span class='ocrx_word' id='word_1_76' title='bbox 1594 891 1653 921; x_wconf 63' lang='grc' dir='ltr'>ω’</span> <span class='ocrx_word' id='word_1_77' title='bbox 1684 890 1846 921; x_wconf 78' lang='lat' dir='ltr'>concu-</span> 
     </span>
     <span class='ocr_line' id='line_1_10' title="bbox 435 952 1846 1015; baseline 0 -17"><span class='ocrx_word' id='word_1_78' title='bbox 435 953 662 1015; x_wconf 80' lang='lat' dir='ltr'>piscentia</span> <span class='ocrx_word' id='word_1_79' title='bbox 698 952 862 1005; x_wconf 77' lang='lat' dir='ltr'>nzuna&#39;z&#39;</span> <span class='ocrx_word' id='word_1_80' title='bbox 879 970 894 1005; x_wconf 91' lang='lat'><em>;</em></span> <span class='ocrx_word' id='word_1_81' title='bbox 948 959 990 1000; x_wconf 76' lang='lat' dir='ltr'>et</span> <span class='ocrx_word' id='word_1_82' title='bbox 1033 952 1231 999; x_wconf 80' lang='lat' dir='ltr'>mundus</span> <span class='ocrx_word' id='word_1_83' title='bbox 1271 952 1486 999; x_wconf 73' lang='lat' dir='ltr'>transibit</span> <span class='ocrx_word' id='word_1_84' title='bbox 1526 958 1568 999; x_wconf 79' lang='lat' dir='ltr'>ct</span> <span class='ocrx_word' id='word_1_85' title='bbox 1609 953 1846 1015; x_wconf 77' lang='lat' dir='ltr'>concupis-</span> 
     </span>
     <span class='ocr_line' id='line_1_11' title="bbox 440 1029 1908 1094; baseline -0.001 -17"><span class='ocrx_word' id='word_1_86' title='bbox 440 1031 588 1077; x_wconf 81' lang='lat' dir='ltr'>centia</span> <span class='ocrx_word' id='word_1_87' title='bbox 611 1030 723 1091; x_wconf 63' lang='lat' dir='ltr'>ey&#39;ch.</span> <span class='ocrx_word' id='word_1_88' title='bbox 795 1029 890 1090; x_wconf 77' lang='lat' dir='ltr'>Qui</span> <span class='ocrx_word' id='word_1_89' title='bbox 913 1036 1060 1077; x_wconf 78' lang='lat' dir='ltr'>autem</span> <span class='ocrx_word' id='word_1_90' title='bbox 1080 1031 1255 1094; x_wconf 69' lang='lat' dir='ltr'>fecerit</span> <span class='ocrx_word' id='word_1_91' title='bbox 1281 1030 1552 1077; x_wconf 76' lang='lat' dir='ltr'>voluntatem</span> <span class='ocrx_word' id='word_1_92' title='bbox 1577 1030 1673 1077; x_wconf 74' lang='lat' dir='ltr'>Dei</span> <span class='ocrx_word' id='word_1_93' title='bbox 1697 1036 1846 1077; x_wconf 77' lang='lat' dir='ltr'>manet</span> <span class='ocrx_word' id='word_1_94' title='bbox 1862 1048 1908 1073; x_wconf 91' lang='lat'>10</span> 
     </span>
     <span class='ocr_line' id='line_1_12' title="bbox 440 1108 1844 1171; baseline -0.001 -17"><span class='ocrx_word' id='word_1_95' title='bbox 440 1109 491 1154; x_wconf 82' lang='lat' dir='ltr'>in</span> <span class='ocrx_word' id='word_1_96' title='bbox 526 1114 775 1162; x_wconf 79' lang='lat' dir='ltr'>aeternum,</span> <span class='ocrx_word' id='word_1_97' title='bbox 814 1109 1037 1171; x_wconf 80' lang='lat' dir='ltr'>quomodo</span> <span class='ocrx_word' id='word_1_98' title='bbox 1072 1115 1114 1155; x_wconf 79' lang='lat' dir='ltr'>et</span> <span class='ocrx_word' id='word_1_99' title='bbox 1150 1108 1280 1155; x_wconf 75' lang='lat' dir='ltr'>Deus</span> <span class='ocrx_word' id='word_1_100' title='bbox 1314 1115 1466 1155; x_wconf 80' lang='lat' dir='ltr'>manet</span> <span class='ocrx_word' id='word_1_101' title='bbox 1508 1109 1556 1154; x_wconf 80' lang='lat' dir='ltr'>in</span> <span class='ocrx_word' id='word_1_102' title='bbox 1598 1113 1844 1154; x_wconf 68' lang='lat' dir='ltr'>aeternum.</span> 
     </span>
     <span class='ocr_line' id='line_1_13' title="bbox 440 1184 1845 1248; baseline -0.001 -17"><span class='ocrx_word' id='word_1_103' title='bbox 440 1186 625 1239; x_wconf 88' lang='lat' dir='ltr'>Potius,</span> <span class='ocrx_word' id='word_1_104' title='bbox 646 1186 817 1232; x_wconf 86' lang='lat' dir='ltr'>fratres</span> <span class='ocrx_word' id='word_1_105' title='bbox 842 1187 1153 1240; x_wconf 84' lang='lat' dir='ltr'>dilectissimi,</span> <span class='ocrx_word' id='word_1_106' title='bbox 1180 1193 1339 1233; x_wconf 86' lang='lat' dir='ltr'>mente</span> <span class='ocrx_word' id='word_1_107' title='bbox 1362 1187 1562 1248; x_wconf 87' lang='lat' dir='ltr'>integra,</span> <span class='ocrx_word' id='word_1_108' title='bbox 1578 1185 1669 1231; x_wconf 82' lang='lat' dir='ltr'>fide</span> <span class='ocrx_word' id='word_1_109' title='bbox 1692 1184 1845 1238; x_wconf 85' lang='lat' dir='ltr'>firma,</span> 
     </span>
     <span class='ocr_line' id='line_1_14' title="bbox 440 1261 1847 1324; baseline -0.001 -15"><span class='ocrx_word' id='word_1_110' title='bbox 440 1264 621 1310; x_wconf 87' lang='lat' dir='ltr'>virtute</span> <span class='ocrx_word' id='word_1_111' title='bbox 656 1265 866 1316; x_wconf 85' lang='lat' dir='ltr'>robusta,</span> <span class='ocrx_word' id='word_1_112' title='bbox 904 1265 1058 1324; x_wconf 84' lang='lat' dir='ltr'>parati</span> <span class='ocrx_word' id='word_1_113' title='bbox 1096 1265 1155 1310; x_wconf 88' lang='lat' dir='ltr'>ad</span> <span class='ocrx_word' id='word_1_114' title='bbox 1198 1280 1384 1310; x_wconf 90' lang='lat' dir='ltr'>omnem</span> <span class='ocrx_word' id='word_1_115' title='bbox 1424 1265 1717 1308; x_wconf 86' lang='lat' dir='ltr'>voluntatem</span> <span class='ocrx_word' id='word_1_116' title='bbox 1754 1261 1847 1308; x_wconf 84' lang='lat' dir='ltr'>Dei</span> 
     </span>
     <span class='ocr_line' id='line_1_15' title="bbox 440 1341 1847 1402; baseline -0.001 -15"><span class='ocrx_word' id='word_1_117' title='bbox 440 1341 620 1394; x_wconf 89' lang='lat' dir='ltr'>simus;</span> <span class='ocrx_word' id='word_1_118' title='bbox 658 1357 836 1402; x_wconf 85' lang='lat' dir='ltr'>pavore</span> <span class='ocrx_word' id='word_1_119' title='bbox 866 1342 1033 1388; x_wconf 89' lang='lat' dir='ltr'>mortis</span> <span class='ocrx_word' id='word_1_120' title='bbox 1061 1343 1267 1396; x_wconf 87' lang='lat' dir='ltr'>excluso,</span> <span class='ocrx_word' id='word_1_121' title='bbox 1291 1341 1703 1388; x_wconf 86' lang='lat' dir='ltr'>immortalitatem</span> <span class='ocrx_word' id='word_1_122' title='bbox 1726 1355 1847 1400; x_wconf 83' lang='lat' dir='ltr'>quae</span> 
     </span>
     <span class='ocr_line' id='line_1_16' title="bbox 440 1420 1909 1481; baseline -0.003 -16"><span class='ocrx_word' id='word_1_123' title='bbox 440 1420 660 1479; x_wconf 89' lang='lat' dir='ltr'>sequitur</span> <span class='ocrx_word' id='word_1_124' title='bbox 712 1420 990 1481; x_wconf 87' lang='lat' dir='ltr'>cogitemus.</span> <span class='ocrx_word' id='word_1_125' title='bbox 1078 1420 1182 1466; x_wconf 93' lang='lat' dir='ltr'>Hoc</span> <span class='ocrx_word' id='word_1_126' title='bbox 1241 1435 1326 1465; x_wconf 91' lang='lat' dir='ltr'>nos</span> <span class='ocrx_word' id='word_1_127' title='bbox 1383 1420 1688 1465; x_wconf 84' lang='lat' dir='ltr'>ostendamus</span> <span class='ocrx_word' id='word_1_128' title='bbox 1746 1433 1847 1464; x_wconf 88' lang='lat' dir='ltr'>esse</span> <span class='ocrx_word' id='word_1_129' title='bbox 1864 1432 1909 1471; x_wconf 88' lang='lat'>15</span> 
     </span>
     <span class='ocr_line' id='line_1_17' title="bbox 440 1496 1847 1558; baseline -0.001 -16"><span class='ocrx_word' id='word_1_130' title='bbox 440 1497 568 1555; x_wconf 91' lang='lat' dir='ltr'>quod</span> <span class='ocrx_word' id='word_1_131' title='bbox 613 1496 863 1546; x_wconf 84' lang='lat' dir='ltr'>credimus,</span> <span class='ocrx_word' id='word_1_132' title='bbox 906 1503 960 1542; x_wconf 93' lang='lat' dir='ltr'>ut</span> <span class='ocrx_word' id='word_1_133' title='bbox 1006 1512 1159 1557; x_wconf 91' lang='lat' dir='ltr'>neque</span> <span class='ocrx_word' id='word_1_134' title='bbox 1206 1513 1422 1543; x_wconf 86' lang='lat' dir='ltr'>carorum</span> <span class='ocrx_word' id='word_1_135' title='bbox 1471 1499 1719 1558; x_wconf 82' lang='lat' dir='ltr'>lugeamus</span> <span class='ocrx_word' id='word_1_136' title='bbox 1765 1511 1847 1541; x_wconf 88' lang='lat' dir='ltr'>ex-</span> 
     </span>
     <span class='ocr_line' id='line_1_18' title="bbox 440 1572 1843 1634; baseline -0.001 -15"><span class='ocrx_word' id='word_1_137' title='bbox 440 1589 638 1625; x_wconf 86' lang='lat' dir='ltr'>cessum,</span> <span class='ocrx_word' id='word_1_138' title='bbox 663 1582 710 1619; x_wconf 88' lang='lat' dir='ltr'>et</span> <span class='ocrx_word' id='word_1_139' title='bbox 741 1589 890 1634; x_wconf 89' lang='lat' dir='ltr'>quum</span> <span class='ocrx_word' id='word_1_140' title='bbox 923 1574 1244 1620; x_wconf 86' lang='lat' dir='ltr'>accersitionis</span> <span class='ocrx_word' id='word_1_141' title='bbox 1272 1574 1491 1634; x_wconf 89' lang='lat' dir='ltr'>propriae</span> <span class='ocrx_word' id='word_1_142' title='bbox 1522 1574 1622 1619; x_wconf 87' lang='lat' dir='ltr'>dies</span> <span class='ocrx_word' id='word_1_143' title='bbox 1647 1572 1843 1626; x_wconf 86' lang='lat' dir='ltr'>venerit,</span> 
     </span>
     <span class='ocr_line' id='line_1_19' title="bbox 442 1651 1844 1711; baseline -0.001 -14"><span class='ocrx_word' id='word_1_144' title='bbox 442 1651 772 1698; x_wconf 87' lang='lat' dir='ltr'>incunctanter</span> <span class='ocrx_word' id='word_1_145' title='bbox 805 1659 854 1698; x_wconf 87' lang='lat' dir='ltr'>et</span> <span class='ocrx_word' id='word_1_146' title='bbox 889 1652 1091 1698; x_wconf 90' lang='lat' dir='ltr'>libenter</span> <span class='ocrx_word' id='word_1_147' title='bbox 1126 1653 1185 1698; x_wconf 89' lang='lat' dir='ltr'>ad</span> <span class='ocrx_word' id='word_1_148' title='bbox 1211 1651 1473 1698; x_wconf 88' lang='lat' dir='ltr'>Dominum</span> <span class='ocrx_word' id='word_1_149' title='bbox 1510 1652 1613 1711; x_wconf 91' lang='lat' dir='ltr'>ipso</span> <span class='ocrx_word' id='word_1_150' title='bbox 1647 1657 1844 1697; x_wconf 89' lang='lat' dir='ltr'>vocante</span> 
     </span>
     <span class='ocr_line' id='line_1_20' title="bbox 442 1728 703 1774; baseline 0 0"><span class='ocrx_word' id='word_1_151' title='bbox 442 1728 703 1774; x_wconf 82' lang='lat' dir='ltr'>veniamus.</span> 
     </span>
    </p>

    <p class='ocr_par' dir='ltr' id='par_1_6' title="bbox 222 1804 1911 1874">
     <span class='ocr_line' id='line_1_21' title="bbox 222 1804 1911 1874; baseline -0.003 -19"><span class='ocrx_word' id='word_1_152' title='bbox 222 1823 373 1874; x_wconf 59' lang='lat' dir='ltr'>ermer-</span> <span class='ocrx_word' id='word_1_153' title='bbox 510 1805 705 1852; x_wconf 89' lang='lat' dir='ltr'><strong>XVIII.</strong></span> <span class='ocrx_word' id='word_1_154' title='bbox 742 1805 881 1860; x_wconf 86' lang='lat' dir='ltr'>Quod</span> <span class='ocrx_word' id='word_1_155' title='bbox 907 1822 1057 1867; x_wconf 92' lang='lat' dir='ltr'>quum</span> <span class='ocrx_word' id='word_1_156' title='bbox 1081 1822 1267 1867; x_wconf 82' lang='lat' dir='ltr'>semper</span> <span class='ocrx_word' id='word_1_157' title='bbox 1289 1805 1559 1852; x_wconf 84' lang='lat' dir='ltr'>faciendum</span> <span class='ocrx_word' id='word_1_158' title='bbox 1583 1804 1728 1851; x_wconf 88' lang='lat' dir='ltr'>fuerit</span> <span class='ocrx_word' id='word_1_159' title='bbox 1752 1805 1845 1851; x_wconf 84' lang='lat' dir='ltr'>Dei</span> <span class='ocrx_word' id='word_1_160' title='bbox 1862 1824 1911 1850; x_wconf 86' lang='lat'>20</span> 
     </span>
    </p>

    <p class='ocr_par' dir='ltr' id='par_1_7' title="bbox 217 1870 1843 1953">
     <span class='ocr_line' id='line_1_22' title="bbox 217 1870 1843 1953; baseline 0 -25"><span class='ocrx_word' id='word_1_161' title='bbox 217 1870 430 1953; x_wconf 45' lang='lat' dir='ltr'>Jffib‘ffiufffm</span> <span class='ocrx_word' id='word_1_162' title='bbox 443 1884 606 1938; x_wconf 87' lang='lat' dir='ltr'>servis,</span> <span class='ocrx_word' id='word_1_163' title='bbox 631 1900 757 1930; x_wconf 89' lang='lat' dir='ltr'>nunc</span> <span class='ocrx_word' id='word_1_164' title='bbox 787 1883 886 1930; x_wconf 90' lang='lat' dir='ltr'>fieri</span> <span class='ocrx_word' id='word_1_165' title='bbox 921 1888 1074 1931; x_wconf 92' lang='lat' dir='ltr'>multo</span> <span class='ocrx_word' id='word_1_166' title='bbox 1103 1884 1257 1947; x_wconf 83' lang='lat' dir='ltr'>magis</span> <span class='ocrx_word' id='word_1_167' title='bbox 1287 1884 1442 1937; x_wconf 86' lang='lat' dir='ltr'>debet,</span> <span class='ocrx_word' id='word_1_168' title='bbox 1467 1889 1714 1929; x_wconf 88' lang='lat' dir='ltr'>corruente</span> <span class='ocrx_word' id='word_1_169' title='bbox 1739 1883 1843 1944; x_wconf 75' lang='lat' dir='ltr'>Jam</span> 
     </span>
    </p>

    <p class='ocr_par' dir='ltr' id='par_1_8' title="bbox 221 1955 1843 2040">
     <span class='ocr_line' id='line_1_23' title="bbox 221 1955 1843 2040; baseline 0 -33"><span class='ocrx_word' id='word_1_170' title='bbox 221 1955 431 2040; x_wconf 51' lang='grc' dir='ltr'><strong>ζωςξξξὶξιξ</strong></span> <span class='ocrx_word' id='word_1_171' title='bbox 445 1963 624 2008; x_wconf 91' lang='lat' dir='ltr'>mundo</span> <span class='ocrx_word' id='word_1_172' title='bbox 646 1969 693 2007; x_wconf 88' lang='lat' dir='ltr'>et</span> <span class='ocrx_word' id='word_1_173' title='bbox 717 1964 951 2010; x_wconf 84' lang='lat' dir='ltr'>malorum</span> <span class='ocrx_word' id='word_1_174' title='bbox 972 1962 1305 2009; x_wconf 86' lang='lat' dir='ltr'>infestantium</span> <span class='ocrx_word' id='word_1_175' title='bbox 1329 1961 1602 2008; x_wconf 90' lang='lat' dir='ltr'>turbinibus</span> <span class='ocrx_word' id='word_1_176' title='bbox 1625 1961 1843 2013; x_wconf 84' lang='lat' dir='ltr'>obsesso;</span> 
     </span>
    </p>

    <p class='ocr_par' dir='ltr' id='par_1_9' title="bbox 222 2038 1912 2795">
     <span class='ocr_line' id='line_1_24' title="bbox 222 2038 1845 2118; baseline -0.001 -32"><span class='ocrx_word' id='word_1_177' title='bbox 222 2042 418 2118; x_wconf 51' lang='grc' dir='ltr'>ῗὲἑῐέρθυ·</span> <span class='ocrx_word' id='word_1_178' title='bbox 444 2044 499 2084; x_wconf 89' lang='lat' dir='ltr'>ut</span> <span class='ocrx_word' id='word_1_179' title='bbox 544 2039 629 2099; x_wconf 94' lang='lat' dir='ltr'>qui</span> <span class='ocrx_word' id='word_1_180' title='bbox 674 2040 910 2086; x_wconf 88' lang='lat' dir='ltr'>cernimus</span> <span class='ocrx_word' id='word_1_181' title='bbox 955 2040 1163 2100; x_wconf 90' lang='lat' dir='ltr'>coepisse</span> <span class='ocrx_word' id='word_1_182' title='bbox 1203 2041 1304 2101; x_wconf 87' lang='lat' dir='ltr'>jam</span> <span class='ocrx_word' id='word_1_183' title='bbox 1351 2038 1530 2101; x_wconf 82' lang='lat' dir='ltr'>gravia,</span> <span class='ocrx_word' id='word_1_184' title='bbox 1577 2044 1625 2084; x_wconf 91' lang='lat' dir='ltr'>et</span> <span class='ocrx_word' id='word_1_185' title='bbox 1670 2038 1845 2085; x_wconf 85' lang='lat' dir='ltr'>scimus</span> 
     </span>
     <span class='ocr_line' id='line_1_25' title="bbox 444 2114 1846 2178; baseline 0.001 -19"><span class='ocrx_word' id='word_1_186' title='bbox 444 2114 692 2162; x_wconf 86' lang='lat' dir='ltr'>imminere</span> <span class='ocrx_word' id='word_1_187' title='bbox 725 2117 961 2178; x_wconf 85' lang='lat' dir='ltr'>graviora,</span> <span class='ocrx_word' id='word_1_188' title='bbox 985 2118 1170 2163; x_wconf 92' lang='lat' dir='ltr'>lucrum</span> <span class='ocrx_word' id='word_1_189' title='bbox 1208 2116 1470 2162; x_wconf 89' lang='lat' dir='ltr'>maximum</span> <span class='ocrx_word' id='word_1_190' title='bbox 1503 2121 1846 2175; x_wconf 87' lang='lat' dir='ltr'>computemus,</span> 
     </span>
     <span class='ocr_line' id='line_1_26' title="bbox 443 2190 1910 2249; baseline 0.002 -13"><span class='ocrx_word' id='word_1_191' title='bbox 443 2190 483 2237; x_wconf 90' lang='lat' dir='ltr'>si</span> <span class='ocrx_word' id='word_1_192' title='bbox 514 2191 655 2239; x_wconf 84' lang='lat' dir='ltr'>istinc</span> <span class='ocrx_word' id='word_1_193' title='bbox 680 2193 888 2240; x_wconf 83' lang='lat' dir='ltr'>velocius</span> <span class='ocrx_word' id='word_1_194' title='bbox 921 2195 1207 2240; x_wconf 87' lang='lat' dir='ltr'>recedamus.</span> <span class='ocrx_word' id='word_1_195' title='bbox 1293 2193 1346 2240; x_wconf 85' lang='lat' dir='ltr'>Si</span> <span class='ocrx_word' id='word_1_196' title='bbox 1375 2193 1425 2239; x_wconf 90' lang='lat' dir='ltr'>in</span> <span class='ocrx_word' id='word_1_197' title='bbox 1459 2193 1730 2239; x_wconf 83' lang='lat' dir='ltr'>habitaculo</span> <span class='ocrx_word' id='word_1_198' title='bbox 1761 2198 1845 2239; x_wconf 91' lang='lat' dir='ltr'>tuo</span> <span class='ocrx_word' id='word_1_199' title='bbox 1862 2210 1910 2249; x_wconf 81' lang='lat'>25</span> 
     </span>
     <span class='ocr_line' id='line_1_27' title="bbox 444 2270 1845 2330; baseline 0.001 -15"><span class='ocrx_word' id='word_1_200' title='bbox 444 2270 647 2329; x_wconf 87' lang='lat' dir='ltr'>parietes</span> <span class='ocrx_word' id='word_1_201' title='bbox 672 2277 908 2317; x_wconf 85' lang='lat' dir='ltr'>vetustate</span> <span class='ocrx_word' id='word_1_202' title='bbox 932 2278 1170 2325; x_wconf 83' lang='lat' dir='ltr'>nutarent,</span> <span class='ocrx_word' id='word_1_203' title='bbox 1196 2278 1320 2317; x_wconf 85' lang='lat' dir='ltr'>tecta</span> <span class='ocrx_word' id='word_1_204' title='bbox 1343 2272 1544 2330; x_wconf 82' lang='lat' dir='ltr'>desuper</span> <span class='ocrx_word' id='word_1_205' title='bbox 1574 2276 1845 2324; x_wconf 89' lang='lat' dir='ltr'>tremerent,</span> 
     </span>
     <span class='ocr_line' id='line_1_28' title="bbox 442 2347 1845 2411; baseline 0.001 -18"><span class='ocrx_word' id='word_1_206' title='bbox 442 2348 611 2394; x_wconf 86' lang='lat' dir='ltr'>domus</span> <span class='ocrx_word' id='word_1_207' title='bbox 642 2349 745 2410; x_wconf 86' lang='lat' dir='ltr'>jam</span> <span class='ocrx_word' id='word_1_208' title='bbox 781 2348 999 2411; x_wconf 84' lang='lat' dir='ltr'>fatigata,</span> <span class='ocrx_word' id='word_1_209' title='bbox 1029 2349 1130 2410; x_wconf 85' lang='lat' dir='ltr'>jam</span> <span class='ocrx_word' id='word_1_210' title='bbox 1170 2350 1309 2403; x_wconf 79' lang='lat' dir='ltr'>lassa,</span> <span class='ocrx_word' id='word_1_211' title='bbox 1345 2347 1571 2394; x_wconf 83' lang='lat' dir='ltr'>aedificiis</span> <span class='ocrx_word' id='word_1_212' title='bbox 1605 2354 1845 2395; x_wconf 84' lang='lat' dir='ltr'>senectute</span> 
     </span>
     <span class='ocr_line' id='line_1_29' title="bbox 444 2425 1845 2486; baseline 0.001 -16"><span class='ocrx_word' id='word_1_213' title='bbox 444 2425 724 2480; x_wconf 82' lang='lat' dir='ltr'>labentibus,</span> <span class='ocrx_word' id='word_1_214' title='bbox 742 2425 928 2472; x_wconf 85' lang='lat' dir='ltr'>ruinam</span> <span class='ocrx_word' id='word_1_215' title='bbox 956 2425 1224 2486; x_wconf 82' lang='lat' dir='ltr'>proximam</span> <span class='ocrx_word' id='word_1_216' title='bbox 1244 2426 1520 2477; x_wconf 82' lang='lat' dir='ltr'>minaretur,</span> <span class='ocrx_word' id='word_1_217' title='bbox 1540 2440 1696 2472; x_wconf 90' lang='lat' dir='ltr'>nonne</span> <span class='ocrx_word' id='word_1_218' title='bbox 1714 2426 1845 2473; x_wconf 90' lang='lat' dir='ltr'>omni</span> 
     </span>
     <span class='ocr_line' id='line_1_30' title="bbox 442 2502 1847 2565; baseline 0 -16"><span class='ocrx_word' id='word_1_219' title='bbox 442 2502 682 2549; x_wconf 84' lang='lat' dir='ltr'>celeritate</span> <span class='ocrx_word' id='word_1_220' title='bbox 710 2503 977 2565; x_wconf 79' lang='lat' dir='ltr'>migrares?</span> <span class='ocrx_word' id='word_1_221' title='bbox 1016 2502 1067 2549; x_wconf 86' lang='lat' dir='ltr'>Si</span> <span class='ocrx_word' id='word_1_222' title='bbox 1092 2502 1347 2565; x_wconf 83' lang='lat' dir='ltr'>navigante</span> <span class='ocrx_word' id='word_1_223' title='bbox 1372 2509 1418 2549; x_wconf 88' lang='lat' dir='ltr'>te</span> <span class='ocrx_word' id='word_1_224' title='bbox 1442 2503 1633 2549; x_wconf 83' lang='lat' dir='ltr'>turbida</span> <span class='ocrx_word' id='word_1_225' title='bbox 1665 2509 1713 2550; x_wconf 90' lang='lat' dir='ltr'>et</span> <span class='ocrx_word' id='word_1_226' title='bbox 1739 2518 1847 2563; x_wconf 90' lang='lat' dir='ltr'>pro-</span> 
     </span>
     <span class='ocr_line' id='line_1_31' title="bbox 442 2579 1912 2641; baseline 0.001 -15"><span class='ocrx_word' id='word_1_227' title='bbox 442 2582 613 2626; x_wconf 83' lang='lat' dir='ltr'>cellosa</span> <span class='ocrx_word' id='word_1_228' title='bbox 641 2587 897 2641; x_wconf 79' lang='lat' dir='ltr'>tempestas</span> <span class='ocrx_word' id='word_1_229' title='bbox 926 2579 1149 2627; x_wconf 83' lang='lat' dir='ltr'>fluctibus</span> <span class='ocrx_word' id='word_1_230' title='bbox 1178 2580 1432 2627; x_wconf 86' lang='lat' dir='ltr'>violentius</span> <span class='ocrx_word' id='word_1_231' title='bbox 1463 2581 1683 2627; x_wconf 84' lang='lat' dir='ltr'>excitatis</span> <span class='ocrx_word' id='word_1_232' title='bbox 1713 2596 1846 2641; x_wconf 83' lang='lat' dir='ltr'>prae·</span> <span class='ocrx_word' id='word_1_233' title='bbox 1860 2601 1912 2638; x_wconf 84' lang='lat'>30</span> 
     </span>
     <span class='ocr_line' id='line_1_32' title="bbox 445 2658 1846 2721; baseline 0.002 -18"><span class='ocrx_word' id='word_1_234' title='bbox 445 2658 687 2705; x_wconf 84' lang='lat' dir='ltr'>nuntiaret</span> <span class='ocrx_word' id='word_1_235' title='bbox 722 2658 887 2705; x_wconf 82' lang='lat' dir='ltr'>futura</span> <span class='ocrx_word' id='word_1_236' title='bbox 923 2658 1188 2721; x_wconf 79' lang='lat' dir='ltr'>naufragia,</span> <span class='ocrx_word' id='word_1_237' title='bbox 1213 2674 1368 2705; x_wconf 89' lang='lat' dir='ltr'>nonne</span> <span class='ocrx_word' id='word_1_238' title='bbox 1405 2665 1594 2719; x_wconf 89' lang='lat' dir='ltr'>portum</span> <span class='ocrx_word' id='word_1_239' title='bbox 1626 2659 1846 2706; x_wconf 85' lang='lat' dir='ltr'>velociter</span> 
     </span>
     <span class='ocr_line' id='line_1_33' title="bbox 444 2735 1844 2795; baseline 0.001 -14"><span class='ocrx_word' id='word_1_240' title='bbox 444 2736 664 2795; x_wconf 79' lang='lat' dir='ltr'>peteres?</span> <span class='ocrx_word' id='word_1_241' title='bbox 704 2735 918 2782; x_wconf 86' lang='lat' dir='ltr'>Mundus</span> <span class='ocrx_word' id='word_1_242' title='bbox 953 2752 1055 2782; x_wconf 89' lang='lat' dir='ltr'>ecce</span> <span class='ocrx_word' id='word_1_243' title='bbox 1091 2742 1230 2782; x_wconf 88' lang='lat' dir='ltr'>nutat</span> <span class='ocrx_word' id='word_1_244' title='bbox 1264 2743 1311 2781; x_wconf 88' lang='lat' dir='ltr'>ct</span> <span class='ocrx_word' id='word_1_245' title='bbox 1347 2736 1536 2790; x_wconf 81' lang='lat' dir='ltr'>labitur,</span> <span class='ocrx_word' id='word_1_246' title='bbox 1573 2743 1620 2782; x_wconf 88' lang='lat' dir='ltr'>et</span> <span class='ocrx_word' id='word_1_247' title='bbox 1655 2736 1844 2782; x_wconf 85' lang='lat' dir='ltr'>ruinam</span> 
     </span>
    </p>
   </div>
   <div class='ocr_carea' id='block_1_3' title="bbox 444 2812 1845 2872">
    <p class='ocr_par' dir='ltr' id='par_1_10' title="bbox 444 2812 1845 2872">
     <span class='ocr_line' id='line_1_34' title="bbox 444 2812 1845 2872; baseline 0.003 -15"><span class='ocrx_word' id='word_1_248' title='bbox 444 2812 516 2858; x_wconf 68' lang='lat' dir='ltr'>sui</span> <span class='ocrx_word' id='word_1_249' title='bbox 555 2827 647 2859; x_wconf 84' lang='lat' dir='ltr'>non</span> <span class='ocrx_word' id='word_1_250' title='bbox 678 2813 780 2872; x_wconf 66' lang='lat' dir='ltr'>‚jam</span> <span class='ocrx_word' id='word_1_251' title='bbox 818 2820 1058 2860; x_wconf 81' lang='lat' dir='ltr'>senectute</span> <span class='ocrx_word' id='word_1_252' title='bbox 1093 2828 1249 2859; x_wconf 87' lang='lat' dir='ltr'>rerum</span> <span class='ocrx_word' id='word_1_253' title='bbox 1287 2814 1367 2860; x_wconf 79' lang='lat' dir='ltr'>sed</span> <span class='ocrx_word' id='word_1_254' title='bbox 1406 2813 1498 2859; x_wconf 73' lang='lat' dir='ltr'>tine</span> <span class='ocrx_word' id='word_1_255' title='bbox 1533 2819 1761 2865; x_wconf 80' lang='lat' dir='ltr'>testatur:</span> <span class='ocrx_word' id='word_1_256' title='bbox 1798 2822 1845 2861; x_wconf 89' lang='lat' dir='ltr'>et</span> 
     </span>
    </p>
   </div>
  </div>
 </body>
</html>
