1988 3216
126 464 206 495 Joh.
220 464 266 495 iii.
282 473 334 504 31,

175 2326 277 2360 (JAP.
297 2326 345 2359 ll.

140 2564 218 2595 dnh.
238 2565 256 2595 l.
276 2572 323 2595 Η.

143 2608 343 2639 munitm.

144 2663 173 2682 x,
196 2660 243 2688 ιο,
262 2661 309 2692 ²9.

146 2792 244 2823 Mau.
258 2791 347 2823 xxiii.

143 2848 173 2880 ⁴)-

346 187 430 228 109
822 185 1288 231 TERTULLIANI

346 297 452 342 istri
486 312 606 357 opus
638 311 747 343 cum
779 298 882 358 ipso
914 298 1087 358 spiritu
1125 298 1350 344 transiret
1381 299 1440 343 ad
1474 294 1754 343 Dominunn

349 375 462 420 Ideo
501 391 584 420 nec
621 382 791 428 exstat,
829 375 877 420 in
915 391 1037 435 quae
1073 376 1217 422 verba
1254 375 1468 421 docuerit
1509 374 1754 420 Johannes

347 454 561 505 adorare,
586 454 710 512 quod
738 460 929 498 terrena
952 454 1232 499 coelestibus
1257 454 1496 499 cesserint.
1570 450 1675 510 Qui
1696 451 1758 498 de

348 534 485 576 terra
508 535 592 583 est,
619 530 790 590 inquit,
818 535 1012 576 teo-rena
1025 529 1203 592 fatum
1241 536 1290 577 et
1310 529 1397 594 qui
1418 529 1480 577 de
1503 529 1648 577 coelis
1671 530 1758 576 ad-

347 611 432 659 est,
466 622 594 670 quae
625 603 747 653 vidit
777 622 836 653 ea
867 603 1094 670 loquitur.
1168 609 1236 654 Et
1263 608 1380 669 quid
1413 625 1507 654 non
1544 611 1794 661 coeleste‚5

348 687 475 745 quod
514 685 713 730 Domini
752 685 935 731 Christi
971 693 1075 739 est;
1119 693 1174 731 ut
1215 687 1329 732 haec
1363 701 1552 746 quoque
1591 685 1758 731 orandi

349 763 637 822 disciplina?
709 763 1076 809 Consideremus
1108 764 1288 823 itaque,
1313 763 1565 818 benedicti,
1590 765 1760 809 coeles-

350 850 445 885 tem
487 841 592 900 ejus
634 840 851 899 sophiam
893 840 943 885 in
987 840 1152 899 primis
1193 842 1251 885 de
1291 849 1542 901 praecepto
1583 848 1760 886 secrete

350 917 610 963 adorandi:
653 932 748 976 quo
790 924 836 962 et
878 918 1016 962 fidem
1061 918 1267 963 hominis
1303 918 1538 980 exigebat,
1573 926 1628 964 ut
1669 917 1760 963 Dei

352 992 694 1054 omnipotentis
729 1001 776 1040 et
811 1002 1114 1054 conspectum
1149 1002 1195 1040 et
1231 995 1452 1041 auditum
1488 996 1578 1042 sub
1610 995 1760 1049 tectis,
1780 1011 1827 1036 10

352 1078 399 1117 et
423 1071 472 1117 in
503 1071 681 1117 abditis
714 1071 860 1117 etiam
894 1073 1056 1117 adesse
1089 1073 1372 1127 confideret3
1407 1079 1456 1118 et
1479 1073 1762 1118 modestiam

354 1150 463 1195 fidoi
499 1151 806 1204 desiderabat,
841 1157 897 1196 ut
927 1166 1070 1210 quem
1109 1151 1288 1210 ubique
1323 1151 1490 1198 audire
1525 1157 1573 1196 et
1606 1150 1763 1195 videre

354 1228 532 1280 fideret,
561 1227 610 1273 -ei
648 1228 738 1273 soli
775 1227 1054 1290 religionem
1098 1244 1235 1274 suam
1271 1230 1491 1275 offerret:
1539 1234 1763 1288 sequente

355 1304 523 1366 sophia
552 1303 706 1366 [fors.
729 1313 977 1366 sequentes
1014 1304 1259 1366 sophiam]
1290 1306 1340 1351 in
1377 1305 1594 1365 sequenti
1630 1321 1764 1365 prae-

354 1390 522 1443 cept03
560 1385 685 1443 quod
721 1383 810 1428 etsi
842 1383 1041 1443 proinde
1073 1384 1308 1444 pertineat
1340 1384 1399 1430 ad
1432 1385 1568 1433 fldem
1595 1390 1640 1430 et
1666 1398 1761 1429 mo-
1782 1391 1828 1430 ι5

355 1461 558 1506 destiam
598 1460 722 1522 fidei,
758 1462 798 1506 si
838 1449 931 1506 non
970 1463 1161 1523 agmine
1199 1461 1448 1507 verborum
1491 1461 1762 1506 adeundum

356 1547 579 1599 putemus
614 1539 674 1584 ad
715 1539 992 1589 Dominum,
1022 1555 1164 1598 quem
1200 1541 1326 1585 ultro
1360 1539 1460 1585 suis
1499 1538 1765 1598 prospicere

357 1618 471 1663 certi
498 1632 693 1671 sumus;
731 1623 943 1662 attamen
971 1617 1175 1663 brevitas
1200 1617 1306 1670 ista,
1331 1618 1455 1677 quod
1483 1618 1540 1662 ad
1569 1616 1764 1663 tertium

357 1694 553 1755 sophiae
587 1696 788 1755 gradum
828 1694 986 1745 faciat,
1020 1710 1222 1757 magnae
1253 1710 1307 1740 ac
1338 1694 1500 1741 beatae
1532 1694 1765 1754 interpre-

359 1772 557 1818 tationis
590 1772 858 1818 substantia
882 1772 1006 1818 fulta
1029 1780 1130 1826 est;
1168 1780 1498 1833 quantumque
1528 1772 1765 1834 substrin-
1782 1793 1831 1818 20

357 1851 491 1911 gitur
529 1850 696 1903 verbis,
736 1858 922 1895 tantum
963 1850 1252 1896 diffunditur
1293 1850 1523 1896 sensibus.
1597 1849 1766 1910 Neque

359 1927 485 1972 enim
520 1927 714 1987 propria
737 1934 923 1973 tautum
958 1929 1190 1974 orationis
1222 1928 1373 1975 officia
1403 1930 1650 1988 complexa
1680 1935 1767 1981 est,

362 2006 433 2050 vel
467 2005 817 2051 venerationem
850 2004 956 2059 Dei,
989 2013 1073 2051 aut
1110 2005 1316 2052 hominis
1354 2005 1648 2066 petitionem,
1684 2005 1766 2050 sed

360 2099 549 2129 omnem
576 2098 723 2143 paene
748 2098 1012 2129 sermonem
1038 2083 1252 2136 Domini,
1272 2099 1460 2131 omnem
1485 2099 1769 2130 commemo-

360 2161 593 2207 rationem
631 2161 926 2221 disciplinae,
962 2169 1017 2207 ut
1051 2177 1214 2208 revera
1248 2162 1295 2208 in
1333 2163 1547 2208 oratione
1586 2161 1769 2209 brevia·
1784 2169 1831 2208 ²5

362 2238 486 2283 rium
513 2239 659 2284 totius
684 2238 915 2300 evangelii
942 2239 1385 2299 comprehendatur.

431 2314 607 2375 Incipit
644 2331 671 2361 a
711 2316 984 2361 testimonio
1022 2316 1129 2370 Dei,
1162 2323 1210 2362 et
1250 2316 1421 2363 merito
1458 2316 1581 2371 fidei,
1616 2332 1766 2377 quum

360 2393 566 2440 dicimus
607 2393 769 2439 PATER
805 2406 884 2444 QU!
927 2406 976 2439 lN
1014 2406 1175 2439 contis
1212 2406 1274 2439 ns.
1353 2392 1483 2441 Nam
1526 2401 1573 2439 et
1611 2394 1768 2440 Deum

361 2486 565 2523 oramus,
591 2478 639 2517 ct
670 2472 808 2516 tidem
840 2471 1241 2525 commendamus,
1270 2472 1406 2532 cujus
1442 2471 1663 2517 meritum
1696 2477 1768 2516 est

362 2547 476 2594 haec
511 2547 781 2608 appellatio.
854 2548 1096 2608 Scriptum
1131 2555 1230 2594 est:
1271 2547 1365 2606 Qui
1402 2548 1449 2593 in
1485 2563 1584 2594 eum
1621 2546 1834 2595 credi-30

361 2624 525 2678 ‹lm-im,
575 2625 699 2671 (ledit
746 2627 810 2670 eds
856 2631 1116 2688 potestatem
1167 2632 1214 2671 ut
1253 2624 1354 2687 filii
1401 2625 1495 2671 hez·
1541 2631 1766 2672 vocentur.

362 2705 664 2763 Quamquam
705 2703 1085 2763 frequentissime
1124 2704 1359 2750 Dominus
1398 2703 1587 2749 Patrem
1633 2703 1768 2748 nohis

365 2782 693 2841 pronum-iavit
735 2782 903 2835 Deum,
932 2782 1075 2827 inimo
1109 2789 1152 2827 et
1188 2781 1440 2841 praecepit,
1467 2796 1522 2826 ne
1556 2796 1681 2842 quem
1720 2780 1765 2824 in
