2034 3204
385 235 449 277 IN
480 236 523 278 S.
551 234 716 278 CYPR.
743 234 821 275 DE
855 233 1047 274 OPERE
1081 232 1154 272 ET
1184 230 1472 273 ELEEMOS.
1544 230 1628 270 355

230 348 239 365 ‘
257 346 501 398 opponatur,
517 356 625 399 quae
644 347 708 383 est
722 339 912 383 violenta.
953 339 1032 381 Vel
1053 337 1203 396 potius,
1220 343 1267 378 ut
1287 350 1362 394 per
1378 337 1628 379 raditionem

229 406 238 422 ‘
256 398 512 457 intelligatur
541 399 583 441 in
617 398 853 456 paradisum
887 396 1037 446 aditus,
1067 395 1177 438 unde
1209 394 1404 452 expulsus
1437 399 1629 450 peccator

230 462 240 479 ‘
257 456 454 507 Adamus,
485 462 528 499 et
557 456 775 514 progenies
805 454 955 498 Adami
985 453 1138 496 infecta
1171 458 1352 510 peccato.
1413 451 1505 493 Hoc
1536 465 1630 508 pec-

230 520 240 536 ‘
257 518 395 556 catum
429 514 607 557 abolevit
643 513 848 564 Christus,
879 518 1006 568 atque
1044 511 1140 553 inde
1175 509 1272 552 boni
1306 508 1532 552 Christiani
1566 523 1631 550 re-

191 579 214 618 5
230 577 239 595 ‘
257 571 386 614 deunt
414 570 457 613 in
482 571 738 638 paradisum,
764 585 845 628 quo
870 569 1023 613 Cainus
1050 567 1265 612 fratricida
1293 581 1376 610 non
1405 566 1542 616 rediit,
1571 566 1632 608 in-

229 634 240 652 ‘
256 627 347 685 quit
364 628 611 686 Cyprianus,
627 629 680 672 de
696 628 795 672 Zelo
815 634 858 671 et
878 626 1029 670 Livore
1048 626 1124 669 sub
1144 625 1293 668 finem.'
1326 625 1486 667 FELL.
1549 624 1631 682 cy-

255 685 396 729 rianus
409 685 498 743 jam
513 692 612 729 ante
631 686 674 728 in
694 686 772 729 hoc
789 685 926 728 libello
940 686 1114 728 reduces
1128 685 1190 726 ad
1202 684 1470 740 paradisum
1476 684 1631 739 facere

283 743 367 794 bet,
389 749 433 786 et
458 744 534 787 sub
559 744 683 787 finem
706 743 776 786 lib.
797 743 850 786 de
871 741 1142 792 Mortalitate,
1161 756 1238 785 nos
1259 742 1479 797 paradiso
1508 744 1630 784 resti—

228 802 313 843 tuit
331 809 371 843 et
389 815 530 857 reyno.
583 834 592 844 .
611 802 705 846 281.
751 800 845 844 Vid.
863 807 906 843 et
924 800 993 842 fin.
1015 799 1212 856 epistolae
1231 799 1286 841 ad
1301 798 1628 841 Demetrianum.

167 868 214 894 10
228 857 391 901 Primus
422 859 549 901 Pame
567 859 628 901 'us
657 873 797 901 vocem
831 858 1090 901 redditionis
1123 872 1176 900 ex
1211 855 1346 899 MStis
1379 862 1423 899 et
1456 857 1630 899 Joannis

229 915 391 958 Costeri
420 915 756 973 castigationibus
782 914 949 972 recepit.
1011 915 1162 957 Exstat
1216 914 1353 956 uidem
1381 929 1431 956 ea
1455 913 1498 955 in
1527 914 1627 957 Cod.

227 972 336 1016 Novi
367 973 470 1016 Coll.
503 986 541 1024 2,
572 979 698 1030 atque
730 973 840 1016 idem
875 972 907 1015 si
940 972 1079 1015 nificat
1108 986 1190 1029 quo
1251 973 1491 1021 retributio,
1522 986 1629 1028 quae

227 1029 394 1087 quidem
422 1030 623 1088 Cypriani
648 1045 728 1074 vox
759 1036 835 1074 est.
921 1036 1180 1073 erumtamen
1211 1043 1291 1088 ego
1320 1044 1413 1072 cum
1444 1028 1629 1087 Rigaltio

227 1087 407 1144 probans
430 1094 612 1131 veterem
642 1088 856 1132 lectionem
886 1089 1123 1131 reditionis*
1145 1102 1235 1130 eam
1265 1101 1462 1130 revocare
1489 1088 1628 1137 statui,

167 1160 182 1185 1
191 1156 213 1196 5
227 1159 334 1202 quae
353 1145 396 1188 in
415 1160 488 1188 sex
507 1145 623 1189 libris
642 1146 805 1204 seriptis
824 1146 936 1204 apud
951 1145 1017 1188 ed.
1031 1145 1167 1189 Oxon.
1182 1151 1225 1188 et
1245 1144 1288 1188 in
1302 1151 1481 1202 quatuor
1496 1145 1630 1188 Mstis

227 1202 341 1252 meis,
372 1217 468 1246 nam
498 1203 541 1246 in
571 1204 841 1248 Tewaterano
872 1202 1064 1261 primitus
1094 1202 1249 1260 scripta
1279 1202 1430 1253 fuerat,
1460 1208 1630 1259 reperta

227 1265 303 1303 est.
365 1260 520 1303 Vocem
554 1263 783 1306 reditionis
816 1260 1003 1320 agnoscit
1039 1261 1223 1304 Plautus.
1291 1261 1347 1304 Et
1380 1260 1629 1303 conveniunt

228 1331 347 1360 voces
372 1319 530 1362 reditio
550 1324 594 1362 et
611 1321 854 1375 persecutio
873 1319 951 1361 hoc
975 1318 1064 1361 loco
1090 1318 1248 1375 positae
1268 1333 1360 1361 cum
1384 1318 1463 1360 illis
1486 1332 1628 1362 accer-

226 1376 328 1418 sitio
347 1381 391 1418 et
414 1378 662 1432 persecutio,
689 1391 796 1434 quae
825 1391 952 1434 supra
978 1376 1127 1419 inlibro
1151 1376 1204 1419 de
1225 1376 1482 1418 Mortalitate
1512 1375 1629 1417 nobis

163 1445 213 1471 20
226 1432 509 1485 occurrebant,
533 1434 572 1488 ξ.
591 1447 654 1490 13.

863 2948 980 2979 Aaz
