2034 3204
667 253 751 294 DE
792 252 1283 296 MORTALITATE.
1594 254 1681 300 279

271 375 368 420 quo
389 360 505 415 viso,
530 361 670 408 scivit
692 378 742 409 se
764 363 860 410 cito
883 377 983 409 esse
1006 362 1308 410 moriturum.
1379 363 1560 410 Laetus
1588 364 1680 412 ita-

271 453 364 498 que
387 439 446 484 de
468 445 620 486 morte
633 463 640 471 ·
645 440 750 501 jam
778 440 1010 500 proxima,
1035 446 1084 486 et
1106 441 1165 486 de
1189 439 1348 486 vicina
1371 440 1678 487 accersitione

271 530 479 569 securus,
521 517 701 576 accepit
746 517 797 564 in
834 533 1005 564 manus
1046 533 1263 578 puerum,
1304 525 1352 564 et
1398 518 1678 565 benedicens

270 592 535 640 Dominum
559 595 844 642 exclamavit
871 602 919 642 et
941 595 1083 651 dixit,
1106 593 1246 643 Nunc
1268 594 1465 642 dimittis
1498 611 1676 643 servum
1690 607 1772 640 Luc.
1784 608 1818 640 ii.
1833 618 1884 650 29.

233 675 412 724 micum,
437 669 655 726 Domine,
684 671 928 719 secundum
961 671 1142 719 verbum
1175 677 1300 719 tuum
1334 672 1385 718 in
1412 688 1544 735 pace,
1569 689 1679 736 quo-

269 747 398 795 niam
422 749 636 797 viderunt
661 750 783 798 oculi
806 752 897 798 mei
918 750 1122 799 salutare
1145 758 1286 799 tuum.
1352 750 1565 799 Probans
1589 753 1680 799 sci-

269 826 380 874 licet
413 834 558 888 atque
593 835 866 876 contestans
890 836 1004 877 tunc
1042 845 1143 876 esse
1179 830 1329 877 servis
1367 830 1460 877 Dei
1497 846 1678 891 pacem,

269 909 383 951 tunc
417 904 630 958 liberam,
655 912 769 952 tunc
805 906 1115 966 tranquillam
1147 907 1371 967 quietem,
1396 909 1589 967 quando
1618 909 1678 954 de

267 980 374 1027 istis
408 982 576 1029 mundi
615 983 888 1030 turbinibus
927 984 1129 1031 extracti
1167 984 1292 1030 sedis
1332 990 1380 1031 et
1407 984 1677 1031 securitatis

207 1079 256 1105 10
268 1064 488 1106 aeternae
544 1066 738 1119 portum
788 1061 1011 1120 petimus,
1063 1062 1257 1122 quando
1302 1068 1543 1122 expuncta
1588 1063 1677 1109 hac

267 1142 420 1182 morte
454 1137 513 1182 ad
549 1136 960 1184 immortalitatem
997 1138 1230 1184 venimus.

335 1213 429 1260 III.
467 1214 559 1260 Illa
581 1220 654 1260 est
675 1214 805 1261 enim
829 1230 939 1262 vera
970 1230 1082 1275 pax,
1106 1214 1190 1262 illa
1214 1214 1310 1261 fida
1332 1215 1674 1276 tranquillitas,
1688 1235 1721 1266 A
1738 1238 1846 1266 morte

266 1290 351 1337 illa
373 1290 558 1338 stabilis
582 1298 630 1338 et
653 1291 790 1338 firma
813 1298 861 1338 et
883 1299 1114 1352 perpetua
1136 1293 1380 1339 securitas.
1450 1293 1671 1340 Ceterum
1687 1278 1896 1353 {ffiffid‘

266 1368 382 1428 quid
407 1369 536 1415 aliud
562 1369 613 1416 in
637 1370 817 1419 mundo
834 1385 978 1430 quam
1003 1385 1167 1432 pugna
1185 1372 1412 1417 adversus
1429 1371 1673 1418 diabolum
1686 1365 1887 1451 ξζὲζζξιζθ*

205 1455 252 1495 15
266 1446 479 1507 quotidie
511 1446 707 1508 geritur,
738 1462 884 1506 quam
916 1448 1141 1493 adversus
1172 1448 1335 1508 jacula
1362 1449 1467 1510 ejus
1499 1456 1548 1495 et
1580 1451 1675 1495 tela
1687 1453 1858 1484 securitas.

263 1522 694 1570 conflictationibus
730 1523 934 1571 assiduis
969 1523 1264 1571 dimicatur?
1313 1525 1437 1572 Cum
1474 1527 1677 1573 avaritia

263 1601 414 1654 nobiS,
455 1617 564 1648 cum
610 1601 927 1661 impudicitia,
973 1617 1083 1648 cum
1130 1602 1215 1655 ira,
1262 1618 1372 1650 cum
1414 1604 1677 1651 ambitione

264 1678 535 1740 congressio
558 1685 658 1734 est;
696 1694 805 1725 cum
840 1679 1112 1726 carnalibus
1136 1679 1279 1732 vitiis,
1304 1696 1414 1727 cum
1442 1681 1675 1728 illecebris

267 1756 589 1803 saecularibus
612 1756 805 1803 assidua
827 1766 876 1803 et
899 1758 1100 1803 molesta
1123 1758 1322 1804 luctatio
1344 1765 1430 1804 est.
1467 1759 1675 1805 Obsessa

201 1858 252 1884 20
266 1847 399 1879 mens
422 1833 630 1879 hominis
653 1839 702 1879 et
725 1833 937 1893 undique
961 1834 1139 1880 diaboli
1167 1834 1473 1882 infestatione
1497 1838 1675 1882 vallata

265 1910 348 1957 vix
362 1910 568 1957 occurrit
585 1911 801 1973 singulis,
818 1911 899 1957 vix
915 1911 1110 1958 resistit.
1147 1912 1199 1958 Si
1218 1912 1421 1959 avaritia
1434 1921 1675 1973 prostrata

263 1994 348 2042 est,
372 1987 589 2050 exsurgit
611 1987 773 2034 libido.
813 1988 866 2035 Si
890 1988 1040 2035 libido
1062 2005 1334 2050 compressa
1356 1997 1441 2045 est,
1466 1992 1675 2038 succedit

263 2064 477 2111 ambitio.
549 2064 601 2111 Si
647 2064 848 2111 ambitio
893 2071 1134 2112 contemta
1173 2072 1257 2120 est,
1295 2066 1369 2112 ira
1406 2075 1672 2128 exasperat,

262 2140 401 2188 inflat
429 2141 664 2202 superbia,
691 2141 954 2188 vinolentia
987 2142 1165 2188 invitat
1199 2141 1350 2205 [sors.
1376 2143 1577 2205 irritat]‚
1601 2145 1676 2191 in-

199 2237 249 2277 25
263 2219 395 2265 vidia
417 2219 718 2266 concordiam
741 2220 941 2280 rumpit,
965 2220 1227 2267 amicitiam
1257 2222 1389 2267 zelus
1422 2222 1672 2273 abscindit.

262 2296 461 2359 Cogeris
485 2297 780 2351 maledicere,
799 2298 927 2358 quod
952 2298 1116 2344 divina
1133 2299 1238 2344 Lex
1261 2298 1495 2359 prohibet.
1533 2299 1675 2347 Com-

261 2374 452 2435 pelleris
482 2375 665 2436 jurare,
703 2377 831 2435 quod
868 2391 964 2421 non
995 2376 1119 2422 licet.
1191 2376 1289 2422 Tot
1322 2378 1673 2436 persecutiones

260 2451 452 2498 animus
471 2453 687 2512 quotidie
707 2453 905 2512 patitur,
922 2459 994 2499 tot
1011 2453 1235 2513 periculis
1253 2460 1419 2514 pectus
1443 2462 1671 2517 urgetur;

262 2534 311 2574 et
333 2529 537 2574 delectat
561 2529 638 2575 hic
662 2529 789 2576 inter
811 2530 990 2576 diaboli
1024 2531 1209 2592 gladios
1238 2531 1323 2576 diu
1358 2538 1497 2585 stare,
1522 2548 1670 2592 quum

197 2631 249 2668 30
262 2605 417 2667 magis
441 2607 866 2666 concupiscendum
891 2608 953 2654 sit
972 2614 1021 2654 et
1038 2609 1303 2668 optandum
1327 2610 1386 2654 ad
1407 2609 1670 2666 Christum,

261 2683 570 2730 subveniente
588 2684 795 2731 velocius
814 2691 980 2740 morte,
995 2700 1262 2745 properare,
1282 2685 1388 2745 ipso
1404 2686 1671 2733 instruente

262 2776 348 2807 nos
383 2766 431 2806 et
466 2760 666 2816 dicente,
690 2761 844 2808 Amen
879 2777 1011 2808 amen
1043 2761 1146 2808 dico
1177 2761 1319 2817 vobi&
1345 2763 1562 2824 quoniam
1594 2770 1781 2810 vosJoan·
1798 2771 1864 2804 xvi.

257 2835 503 2899 plorabitis
525 2843 567 2884 et
595 2837 836 2902 planyetiS,
869 2837 1100 2886 saeculum
1136 2845 1283 2886 autem
1314 2839 1560 2904 qaudebit;
1594 2856 1671 2888 vos
1685 2823 1736 2846 ω’
