2034 3204
460 225 545 269 176
905 224 1422 268 ΑΝΝΟΤΛΤΙΟΝΕΒ1

457 333 654 376 beneficio
669 348 814 375 novem
830 333 888 375 illi
909 333 1003 375 libri
1017 349 1040 375 e
1056 333 1206 376 Codice
1220 333 1493 375 vetustissimo
1515 331 1719 387 desumpti
1741 338 1859 381 sunt;

455 406 630 447 quorum
653 406 757 433 unus
771 391 851 433 fuit
871 391 1031 433 libellus
1052 391 1104 433 de
1128 391 1341 440 Oratione,
1364 397 1410 433 ut
1424 391 1510 447 jam
1533 391 1763 446 expositum
1785 397 1860 431 est.

516 449 639 500 Quod
667 448 818 491 attinet
837 449 892 490 ad
916 449 1092 491 eundem
1119 448 1300 491 libellum
1331 448 1459 505 priori
1487 448 1575 489 loco
1598 447 1663 489 hic
1691 447 1859 495 editum,

454 522 548 549 eum
579 521 606 549 a
632 506 888 549 Tertulliano
908 513 1005 548 ante
1032 506 1192 562 lapsum
1213 506 1300 561 ejus
1330 506 1384 548 ad
1415 505 1735 547 Montanismum
1767 519 1861 546 con-

454 565 653 621 scriptum
681 564 806 606 fuisse
838 578 980 605 omnes
1011 563 1283 605 consentiunt.
1344 563 1523 606 Videtur
1555 562 1723 604 homilia
1758 577 1858 610 esse,
1875 572 1898 610 5

454 637 527 664 seu
548 637 683 664 sermo
703 622 757 663 ad
778 626 938 663 coetum
962 620 1293 663 Christianorum
1313 620 1492 672 habitus,
1513 621 1624 676 quod
1653 619 1770 662 nobis
1799 620 1861 661 in-

455 680 545 722 nuit
575 694 666 722 cum
695 679 807 721 istud
835 678 879 720 in
909 692 997 734 cap.
1021 692 1055 720 1.
1079 684 1089 701 ⁴
1106 677 1421 720 Consideremus
1447 678 1601 734 itaque,
1630 677 1860 726 benedicti,'

454 744 543 779 tum
564 736 748 794 opusculi
767 735 984 778 conclusio.
1047 735 1161 777 Idem
1184 750 1360 791 quoque,
1382 741 1429 778 ut
1449 735 1583 778 obiter
1604 735 1680 777 hoc
1707 741 1860 784 notem,

454 795 506 837 de
535 795 578 838 S.
594 794 795 851 Cypriani
814 799 996 836 tractatu
1017 793 1070 835 de
1091 793 1291 835 Oratione
1312 792 1530 836 Dominica
1549 792 1757 849 inscripto,
1777 792 1862 834 for-

455 853 562 894 sitan
583 851 861 894 statuendum.
1867 869 1927 893 4ιο

513 911 559 952 P.
584 923 675 952 101.
709 909 736 951 l.
756 923 798 963 4.
834 909 980 951 Sermo
1010 908 1192 956 rationis,
1222 914 1265 950 et
1296 907 1403 950 ratio
1438 907 1649 954 sermonis.
1709 914 1752 950 et
1781 907 1862 963 spi-

453 966 613 1024 ritus]]
645 965 978 1009 Prae-clarissime
1010 966 1137 1008 sensit
1168 966 1211 1009 S.
1230 964 1485 1015 Ambrosius,
1515 964 1559 1007 in
1587 964 1656 1007 lib.
1715 980 1738 1007 e
1770 964 1862 1007 Filii

455 1025 684 1067 Divinitate
711 1039 798 1080 cap.
820 1037 862 1080 5,
885 1023 998 1080 cujus
1019 1024 1148 1066 verba
1167 1023 1398 1080 producere
1419 1023 1616 1072 volumus,
1638 1028 1685 1064 ut
1705 1029 1860 1079 pateat,

453 1098 536 1125 non
556 1098 582 1125 a
603 1082 859 1125 Tertulliano
880 1082 1110 1130 dumtaxat,
1126 1081 1199 1123 sed
1224 1081 1278 1123 ab
1298 1081 1388 1123 aliis
1408 1095 1571 1137 quoque
1592 1080 1861 1137 scriptoribus

454 1140 738 1183 ecclesiasticis
757 1146 846 1182 tum
867 1140 1050 1188 Patrem,
1073 1145 1158 1181 tum
1189 1139 1336 1181 Filium
1368 1139 1600 1180 nominibus
1627 1139 1766 1188 Verbi,
1788 1153 1860 1180 seu
1879 1155 1925 1192 15

454 1200 674 1247 Rationis,
689 1204 731 1240 et
747 1198 978 1246 Sermonis,
995 1211 1043 1239 ac
1059 1198 1255 1253 Spiritus
1275 1196 1400 1238 fuisse
1421 1195 1684 1254 designatos:
1717 1202 1728 1220 ‘
1744 1197 1861 1239 Haec

455 1263 464 1279 ¹
487 1263 551 1299 est
570 1259 735 1305 autem,’
756 1254 902 1311 inquit,
925 1262 935 1278 ‘
950 1254 1124 1297 nominis
1143 1254 1267 1304 ratio,
1283 1254 1386 1296 utin
1402 1254 1530 1296 Patre
1545 1259 1588 1296 et
1604 1253 1708 1296 Filio
1728 1254 1862 1296 unita-

455 1321 464 1336 ‘
487 1321 571 1357 tem
592 1313 846 1356 substantiae
866 1313 1023 1361 credas,
1046 1312 1140 1354 licet
1160 1327 1248 1354 rem
1276 1312 1420 1368 ipsam,
1442 1326 1548 1368 quae
1575 1317 1639 1354 est
1662 1311 1863 1354 inerrabi-

455 1378 466 1395 ‘
488 1372 550 1420 lis,
573 1371 745 1414 definire
765 1386 848 1413 non
868 1370 1023 1427 possis:
1054 1377 1100 1413 ut
1120 1370 1205 1412 sive
1226 1370 1363 1412 lumen
1385 1370 1437 1412 de
1457 1369 1610 1412 lumine
1631 1369 1754 1419 dicas,
1775 1369 1861 1412 sive

454 1437 463 1453 ‘
488 1430 673 1473 Verbum
695 1430 747 1471 de
769 1429 923 1478 Verbo,
939 1428 1024 1471 sive
1047 1428 1247 1485 Spiritum
1268 1428 1320 1470 de
1343 1427 1514 1484 Spiritu,
1530 1427 1615 1470 sive
1636 1427 1859 1470 Dominum
1876 1446 1926 1472 20

455 1495 464 1511 ‘
488 1489 540 1531 de
571 1487 762 1536 Domino,
793 1486 1079 1543 quodcumque
1110 1486 1162 1529 de
1194 1501 1243 1528 eo
1278 1485 1445 1535 dixeris,
1476 1485 1596 1528 unius
1632 1491 1771 1528 tamen
1798 1501 1860 1527 es-

455 1553 464 1569 ‘
487 1545 643 1588 sentiae
674 1545 841 1586 Patrem
872 1549 914 1586 et
939 1543 1086 1585 Filium
1118 1544 1289 1586 credas.’
1340 1543 1447 1586 Vide
1479 1549 1520 1586 et
1550 1543 1592 1586 S.
1627 1543 1858 1595 Irenaeum,

452 1603 521 1646 lib.
538 1618 581 1645 11.
604 1617 693 1659 cap.
708 1604 778 1656 48.
832 1602 949 1644 Haec
970 1602 1078 1644 inter
1099 1601 1180 1643 alia
1200 1602 1498 1644 Momm-omns.

511 1661 619 1703 Ibid.
653 1661 680 1703 1.
701 1675 741 1715 5.
766 1659 830 1717 [et
859 1658 1048 1717 spiritus]
1082 1666 1303 1715 utrumque
1330 1659 1455 1701 Jesus
1477 1658 1686 1713 Christus]
1712 1658 1858 1708 Voces,

452 1727 492 1762 et
511 1720 696 1775 spiritu-s
715 1732 806 1760 cum
827 1716 1105 1773 sequentibuS,
1127 1725 1353 1773 utrumque
1365 1717 1491 1759 Jeeus
1508 1717 1705 1759 Christus
1719 1716 1860 1771 junxit
1875 1728 1924 1767 25

454 1777 675 1834 Rigaltius.
739 1774 890 1817 Lenius
919 1774 1113 1817 ,distinxit
1147 1780 1241 1831 post
1276 1789 1416 1817 vocem
1454 1775 1639 1830 spiritus
1673 1774 1860 1817 Murato-

451 1834 549 1877 rius.
613 1833 785 1876 Plenam
822 1832 1123 1874 distinctionem
1154 1833 1308 1875 habent
1331 1832 1494 1875 affixam
1530 1831 1731 1874 editiones
1761 1837 1860 1874 ante

454 1892 695 1950 Rigaltium.
744 1890 945 1934 conferas
960 1890 1088 1933 verba
1108 1905 1215 1946 quae
1235 1889 1356 1946 paulo
1378 1896 1471 1946 post
1491 1895 1744 1946 sequuntur:
1777 1895 1788 1913 ‘
1806 1889 1860 1932 In

454 1958 463 1974 ⁶
486 1965 568 2007 quo
589 1955 630 1992 et
655 1948 732 1991 Dei
756 1948 950 2005 Spiritus,
967 1954 1010 1991 et
1030 1948 1110 1990 Dei
1132 1963 1280 1997 sermo,
1303 1954 1345 1990 et
1367 1947 1447 1990 Dei
1467 1947 1587 1997 ratio,
1607 1947 1860 2004 approbatus

454 2016 462 2031 ‘
486 2015 549 2051 cst
572 2007 771 2050 Dominus
793 2012 932 2049 noster
951 2006 1076 2048 Jesus
1098 2005 1314 2048 Christus?
1353 2004 1459 2048 Mihi
1480 2005 1646 2071 quidem
1667 2019 1798 2055 voces,
1820 2013 1860 2048 et
1873 2020 1924 2057 30

452 2068 647 2122 spiritus,
669 2065 764 2107 huic
794 2065 881 2106 loco
909 2079 934 2106 a
962 2063 1139 2106 librariis
1169 2063 1403 2120 importune
1433 2063 1620 2120 adjectae
1640 2062 1858 2113 videntum

450 2123 603 2180 alioqui
639 2123 745 2166 dura
783 2122 921 2178 aliqua
955 2136 1003 2164 ac
1035 2121 1206 2164 difficilis
1241 2121 1328 2178 ejus
1363 2120 1652 2178 interpretatio
1683 2121 1859 2178 amplec-

452 2182 579 2225 tenda
597 2181 730 2230 foret;
763 2186 1017 2246 quapropter
1038 2179 1152 2221 uncis
1172 2194 1242 2221 cas
1262 2178 1418 2221 inclusi.

513 2239 622 2281 Ibid.
644 2239 670 2281 l.
694 2252 755 2295 19.
776 2244 884 2280 ratio
899 2252 982 2294 qua.
1004 2237 1133 2292 venit]
1151 2237 1344 2279 Fortasse
1357 2236 1591 2294 legendum,
1609 2250 1697 2292 qua
1712 2236 1856 2278 sensit.

456 2298 613 2340 Favent
648 2296 909 2352 conjecturae
949 2310 1066 2337 meae
1101 2294 1344 2337 Tertulliani
1378 2295 1506 2337 verba
1546 2293 1587 2335 in
1627 2293 1732 2335 libro
1763 2293 1856 2336 adv.
1871 2307 1922 2347 35

454 2356 672 2403 praxeam,
693 2354 761 2396 ubi
785 2353 836 2395 de
858 2352 951 2395 Filii
1002 2352 1241 2395 oneratione
1263 2353 1363 2395 haec
1384 2359 1480 2394 sunt
1498 2367 1507 2394 ε
1551 2356 1562 2374 ‘
1579 2351 1698 2393 Solus
1718 2356 1854 2394 autem

453 2421 462 2437 ⁴
486 2414 617 2462 Deus,
637 2411 734 2468 quia
754 2410 857 2453 nihil
877 2410 975 2453 aliu(
1009 2410 1264 2453 extrinsecus
1286 2416 1451 2466 practer
1471 2409 1598 2452 illum.
1662 2409 1855 2452 Ceterum

452 2479 461 2495 ⁶
485 2485 538 2513 ne
568 2477 666 2513 tunc
687 2469 852 2527 quidem
877 2468 999 2517 solu-«³,
1022 2467 1202 2510 habebat
1222 2467 1329 2510 onim
1351 2482 1500 2516 secum,
1522 2481 1643 2523 quarn
1677 2466 1858 2510 habebat

452 2535 462 2553 ¹
485 2529 527 2571 in
543 2527 775 2584 semetipso,
792 2525 994 2569 rationem
1010 2540 1125 2567 suam
1138 2524 1302 2568 scilicet.
1351 2524 1579 2568 Rationalis
1599 2523 1707 2566 enim
1728 2525 1854 2575 Deus,

451 2595 461 2612 ⁶
485 2593 527 2629 ot
547 2586 654 2629 ratio
676 2585 717 2627 in
737 2585 825 2642 ipso
846 2583 973 2641 prius,
990 2589 1032 2625 et
1055 2582 1127 2635 ita,
1149 2583 1201 2626 ab
1224 2582 1310 2640 ipso
1331 2582 1480 2631 omnia,
1501 2597 1610 2639 quae
1630 2583 1748 2626 ratio
1767 2596 1857 2626 een-
1870 2599 1921 2634 40

452 2655 461 2669 ⁴
484 2660 557 2687 ens
586 2645 726 2700 ipsius
753 2651 825 2686 eet.
889 2642 1009 2684 nanc
1041 2641 1191 2684 Graeci
1217 2642 1350 2695 Λόγον
1380 2641 1534 2688 dicunt.
1557 2654 1637 2697 quo
1659 2639 1855 2683 vocabulo

451 2711 459 2727 ¹
479 2702 602 2745 etiam
619 2716 848 2745 sermonem
863 2714 916 2757 ap
948 2699 1131 2742 ollamus.
1163 2698 1552 2799 Eepoatea—Vide
1567 2711 1691 2764 quum
1708 2697 1856 2741 tacitus

451 2769 460 2784 ⁴
485 2767 619 2802 tecum
641 2758 727 2816 ipso
748 2773 901 2815 congre
933 2756 1026 2808 eris,
1048 2756 1208 2799 ratione
1242 2771 1306 2799 100
1327 2755 1458 2813 ipsum
1487 2754 1555 2813 agi
1582 2762 1692 2798 intra
1713 2761 1768 2807 to,
1790 2769 1855 2797 oc-

451 2826 460 2842 ⁴
484 2823 677 2859 cun-rente
690 2831 741 2859 ea
755 2815 829 2859 tibi
842 2830 932 2858 omn
946 2829 1135 2858 sermone
1147 2814 1201 2857 ad
1218 2828 1378 2857 omnem
1392 2813 1596 2870 cogitatus
1609 2812 1667 2856 tui
1685 2818 1853 2864 motum,

452 2877 546 2917 ‘ad
574 2889 735 2916 omnem
768 2888 913 2915 mmm
946 2874 1011 2913 mi
1041 2873 1225 2928 pulmon.
1289 2871 1574 2926 Quodcunque
1608 2870 1854 2927 cogitaveris
1867 2886 1917 2923 45
