2034 3204
387 213 474 255 284
887 214 929 257 S.
964 215 1289 258 CYPRIANI

166 331 252 364 Gen.
271 331 352 363 xxii.
388 329 430 370 et
452 338 510 369 az·
537 329 631 370 tota
661 324 819 370 anima
850 331 1012 372 vestra.
1082 326 1161 372 Sic
1184 326 1436 372 Abraham
1460 326 1565 373 Deo
1595 328 1790 388 placuit,

386 402 485 461 qui,
511 408 565 448 ut
586 404 795 462 placeret
820 403 937 458 Deo,
961 419 1047 450 nec
1071 404 1290 450 amittere
1321 404 1472 450 filium
1503 404 1682 459 timuit,
1707 420 1792 451 nec

385 494 551 542 gerere
574 479 887 539 parricidium
912 481 1162 526 recusavit.
1232 481 1330 535 Qui
1354 481 1507 527 filium
1530 498 1627 528 non
1658 490 1792 543 potes

385 557 490 619 lege
531 563 578 602 et
615 563 741 602 sorte
776 557 1083 604 mortalitatis
1120 558 1351 613 amittere,
1387 559 1504 619 quid
1540 560 1715 606 faceres
1751 547 1793 606 si

386 633 539 679 filium
556 634 793 695 jubereris
818 635 1028 680 occidere
1043 634 1066 679 P
1805 650 1829 690 5

164 709 344 785 ξζξῐὲηζ
453 710 597 757 VIII.
630 710 710 756 Ad
744 711 906 757 omnia
937 717 985 757 te
1017 719 1240 772 paratum
1273 713 1428 759 facere
1452 714 1598 760 timor
1620 714 1715 761 Dei
1745 721 1794 761 et

165 797 296 838 generis
312 797 348 828 il-
386 787 502 833 fides
537 788 689 833 debet.
761 787 834 834 Sit
870 788 980 834 licet
1014 790 1084 835 rei
1115 790 1368 837 familiaris
1403 791 1612 846 amissio,
1636 791 1702 838 sit
1735 793 1794 838 de

166 839 359 872 lustrandae
390 865 400 875 .
622 866 630 875 .
891 866 901 876 .
1034 867 1044 877 .

165 884 284 914 virtuti
301 885 348 915 in-
386 865 724 911 1nfestant1bus
747 866 928 912 morbis
953 868 1146 914 aSS1dua
1172 868 1497 915 membrorum
1520 875 1565 915 et
1598 875 1795 915 cruenta

164 928 326 959 serviunt.

169 2511 185 2533 2
197 2502 270 2533 Cor.
282 2512 298 2533 ι

387 941 590 996 vexatio,
627 942 689 987 sit
731 943 790 988 de
834 958 999 998 uxore,
1038 945 1096 990 de
1142 945 1321 1000 liberis,
1357 946 1415 992 de
1455 946 1793 993 excedentibus

384 1018 507 1064 caris
538 1018 752 1065 funebris
789 1026 838 1066 et
873 1020 1027 1067 tristis
1063 1022 1263 1075 avulsi0‚
1288 1038 1383 1068 non
1408 1023 1507 1069 sint
1543 1023 1631 1069 tibi
1660 1039 1794 1070 scan-
1809 1043 1858 1069 10

383 1097 493 1142 dala
526 1096 636 1152 ista,
671 1098 752 1143 sed
792 1098 1002 1157 proelia3
1041 1114 1126 1145 nec
1160 1099 1412 1146 debilitent
1449 1106 1533 1146 aut
1567 1101 1794 1162 frangant

384 1173 711 1220 Christianam
746 1175 900 1230 fidem,
933 1177 1012 1222 sed
1050 1176 1212 1236 potius
1246 1178 1501 1223 ostendant
1535 1177 1587 1223 in
1622 1180 1795 1224 colluc-

384 1251 565 1297 tatione
590 1251 834 1306 virtutem,
854 1268 1004 1312 quum
1027 1254 1375 1299 contemnenda
1400 1254 1464 1300 sit
1488 1255 1643 1301 omnis
1667 1255 1796 1317 inju-

383 1329 457 1374 ria
476 1331 710 1375 malorum
728 1330 1051 1389 praesentium
1066 1331 1240 1377 fiducia
1255 1331 1529 1377 futurorum
1544 1332 1793 1379 bonorum.

384 1405 496 1452 Nisi
536 1407 845 1466 praecesserit
885 1423 1061 1469 pugna,
1102 1424 1200 1454 non
1239 1415 1395 1468 potest
1437 1424 1537 1455 esse
1577 1410 1792 1456 victoria.
1810 1426 1857 1467 15

311 1529 315 1534 ,
384 1483 544 1537 Quum
582 1483 730 1529 fuerit
764 1484 814 1529 in
850 1500 1041 1546 pugnae
1070 1485 1400 1546 congressione
1435 1486 1654 1542 victoria,
1680 1493 1794 1532 tunc

384 1561 528 1606 datur
565 1560 863 1606 vincentibus
905 1567 953 1607 et
990 1577 1174 1607 corona.
1245 1561 1551 1608 Gubernator
1585 1562 1634 1608 in
1674 1569 1794 1609 tem-

384 1643 567 1697 pestate
591 1636 901 1699 dignoscitur,
921 1639 972 1684 in
998 1639 1097 1684 acie
1122 1639 1256 1685 miles
1281 1640 1526 1699 probatur.
1574 1640 1793 1686 Delicata

377 1714 581 1774 jactatio
616 1722 687 1761 est
721 1731 871 1776 quum
906 1716 1172 1776 periculum
1201 1731 1296 1762 non
1333 1724 1419 1761 est.
1488 1715 1793 1762 Conflictatio

384 1792 433 1837 in
467 1792 679 1838 adversis
709 1793 930 1852 probatio
962 1800 1032 1839 est
1063 1793 1273 1839 virtutis.
1342 1792 1505 1840 Arbor
1539 1809 1662 1854 quae
1696 1796 1794 1841 alta
1809 1813 1858 1839 20

385 1868 543 1914 radice
574 1868 776 1915 fundata
807 1875 877 1915 est
903 1869 1056 1915 ventis
1091 1869 1479 1917 incumbentibus
1505 1886 1600 1917 non
1635 1886 1795 1918 move-

386 1953 495 2001 tur;
532 1953 580 1992 et
614 1948 749 1992 navis
785 1962 907 2007 quae
942 1946 1056 1993 forti
1088 1962 1315 2010 compage
1350 1948 1554 1995 solidata
1583 1954 1655 1995 est
1690 1951 1795 2009 pul-

385 2029 520 2069 satur
550 2021 787 2076 fluctibuS,
814 2040 898 2071 nec
930 2024 1148 2079 foranu-3
1184 2030 1232 2070 et
1267 2026 1460 2085 quando
1496 2041 1606 2072 area
1629 2026 1793 2088 fruges

386 2100 514 2155 terit,
556 2107 722 2146 ventos
762 2117 913 2162 grana
953 2101 1098 2148 fortia
1144 2107 1192 2147 et
1231 2102 1426 2148 robusta
1467 2108 1792 2157 contemnunt,

385 2178 549 2224 inanes
574 2179 736 2237 paleae
760 2176 878 2224 flatu
902 2185 1123 2239 portante
1148 2178 1417 2238 rapiuntur.
1489 2178 1569 2225 Sic
1593 2186 1639 2225 et
1660 2179 1793 2239 Apo·
1808 2193 1856 2233 25

383 2257 534 2302 stolus
584 2255 763 2301 Paulus
812 2262 916 2318 post
966 2255 1233 2317 naufragia,
1280 2263 1389 2316 post
1434 2255 1638 2318 flagella,
1684 2264 1792 2318 post

383 2332 541 2379 carnis
580 2339 628 2379 et
667 2332 878 2392 corporis
921 2335 1074 2379 multa
1114 2339 1162 2379 et
1200 2333 1367 2395 gravia
1406 2340 1659 2388 tormenta,
1699 2350 1793 2381 nou

385 2409 543 2456 vexari
563 2410 643 2456 sed
663 2410 905 2456 emendari
925 2426 974 2455 se
993 2410 1110 2456 dicit
1133 2410 1359 2463 adversis,
1380 2417 1434 2457 ut
1458 2412 1574 2457 dum
1598 2411 1791 2473 gravius

302 2501 334 2533 ii.
365 2487 632 2549 affligitur,
676 2486 834 2533 verius
877 2487 1174 2547 probaretur.
1244 2485 1399 2533 Datus
1441 2493 1505 2534 est
1547 2486 1676 2541 mihi,
1721 2489 1793 2535 in-

385 2565 503 2625 quit,
539 2562 751 2610 stimulus
786 2564 942 2611 carnis
978 2579 1113 2617 meae,
1150 2563 1336 2627 anyelm
1370 2564 1575 2612 Satanae
1610 2566 1692 2628 qui
1723 2582 1792 2614 me
1804 2585 1856 2623 30

385 2640 646 2704 colaphizet,
673 2647 722 2688 ut
746 2657 837 2688 non
870 2640 1079 2689 extollar.
1149 2640 1352 2704 Propter
1385 2642 1508 2705 quod
1535 2648 1603 2689 ter
1625 2641 1792 2690 Domi-

385 2735 492 2765 num
518 2720 678 2783 royavi
710 2726 758 2765 ut
789 2718 1036 2766 discederet
1067 2735 1095 2765 a
1129 2735 1209 2772 me,
1235 2725 1276 2765 et
1304 2717 1428 2766 dimit
1457 2718 1586 2774 mihi,
1610 2718 1791 2781 Seqfficz‘t

384 2795 467 2841 mn·
490 2797 646 2859 qratia
680 2812 807 2849 mea,-
845 2812 948 2843 nam
974 2797 1121 2843 virtus
1157 2796 1206 2843 in
1240 2796 1512 2858 infirmitate
1531 2795 1786 2858 perficitur.
