2034 3204
467 210 778 254 ADVERSUS
811 208 1016 252 OMNES
1049 210 1369 254 IIAERESES.
1533 213 1618 253 223

274 317 320 358 Ρ.
350 318 441 360 168.
467 318 494 360 l.
516 331 556 373 3.
596 318 649 360 de
679 315 946 374 Aporiatione
985 322 1208 373 conceptus
1247 323 1374 372 atque
1410 316 1617 373 prolatus]

216 374 446 431 Aperiatio,
474 376 720 427 haesitatio,
747 382 893 422 metue,
922 374 1129 429 confiwio.
1203 374 1427 416 Irenaeus:
1466 375 1622 416 dehinc

215 433 448 488 efflavisse,
470 441 510 474 et
529 434 794 488 aper-iatam,
815 430 859 472 id
878 436 955 480 est,
971 432 1208 487 confluam.
1231 431 1465 474 RIGALT.
1486 431 1555 487 qui
1577 439 1620 473 et

216 489 259 531 in
281 489 422 531 Indice
444 490 683 532 Glossarum
705 487 951 532 Tertulliani
972 489 1108 544 posuit
1127 490 1376 544 Aperiatio,
1397 490 1619 544 anqustia,

179 555 203 593 5
216 547 428 589 anxietas.

275 602 381 645 Ibid.
405 603 431 645 l.
455 616 518 646 10.
548 603 718 646 humida
740 605 916 648 fontium
935 603 1147 646 fluminum
1176 602 1364 651 materia,
1385 601 1614 658 marisque]

216 660 333 702 Fors.
355 660 394 702 le
426 661 576 703 endum
585 662 783 716 fontiwm
802 668 846 706 et
856 663 1103 719 fluminum.

274 675 429 760 Ibidff.
452 731 516 772 17.
548 718 621 761 sed
651 718 837 776 alterius]
860 718 1046 762 Latinius
1073 717 1189 774 legit,
1209 719 1283 761 sed
1312 732 1396 759 non
1423 718 1618 760 alterius.

216 774 245 817 J
249 774 366 817 unius
396 781 547 825 autem,
578 776 705 831 hujus
733 779 894 820 carnis.
954 777 1041 820 Sed
1068 776 1250 819 ulterius
1281 776 1398 831 leyis.
1462 774 1619 822 Malim,

156 849 204 874 10
216 833 291 875 sed
305 833 487 875 alterius
499 835 662 888 parcis,
679 835 763 877 scil.
777 834 951 883 animae,
966 840 1013 876 ut
1033 847 1121 890 cap.
1134 847 1160 888 5
1173 847 1184 874 ι
1195 865 1204 875 .
1238 833 1355 875 Haec
1370 832 1619 874 SEMLER.

218 889 280 932 Ut
299 904 398 931 vero
418 890 714 946 praedicabant
730 891 1010 935 Valentiniani
1031 890 1269 939 carnalium,
1286 904 1389 946 quos
1404 890 1620 939 vocabant,

215 952 343 1002 atque
382 947 618 990 animalium
665 948 890 999 interitum,
927 948 1038 1005 quod
1078 954 1240 990 constat
1283 963 1335 989 ex
1376 947 1620 995 Tertulliani

217 1003 323 1046 libro
357 1004 555 1046 adversus
589 1005 695 1055 illos,
730 1007 864 1063 capite
894 1019 965 1062 32,
995 1005 1052 1048 sic
1087 1005 1270 1062 corporis
1305 1004 1529 1061 spiritualis
1558 1019 1622 1046 sa-

218 1061 346 1103 lutem
376 1062 582 1104 sodalibus
617 1063 699 1104 suis
729 1064 1042 1120 promittebant,
1073 1062 1277 1119 quomodo
1312 1062 1494 1104 ostendit
1524 1062 1622 1119 Epi-

158 1132 204 1171 15
218 1118 395 1175 phanius
417 1120 592 1162 Haeres.
615 1120 742 1163 xxxii.
764 1136 855 1178 cap.
880 1132 902 1175 7
922 1136 932 1162 ε
964 1121 1024 1163 Τὸ
1055 1123 1098 1162 δὲ
1129 1122 1277 1162 ἑαυτῶν
1296 1120 1426 1174 τάγμα
1451 1136 1622 1172 πνευμα·

218 1176 329 1218 τικὸν
364 1175 425 1224 ὃν,
461 1179 658 1227 σώζεσθαι
697 1178 773 1220 σὺν
816 1180 968 1230 σώματι
1008 1178 1124 1234 ἄλλῳ
1163 1176 1352 1232 ἑνδυτέρῳ
1391 1179 1490 1225 ὄντι,
1525 1178 1623 1229 ὅπερ

219 1233 330 1275 αὐτοὶ
358 1238 472 1286 σῶμα
498 1236 763 1286 πνευματικὸν
791 1239 970 1284 καλοῦσι,
991 1236 1292 1288 φανταζόμενοι.
1355 1234 1622 1291 Quapropter

218 1290 260 1332 in
291 1290 400 1333 hunc
429 1306 592 1333 sensum
614 1292 742 1334 verba
770 1292 1052 1349 interpretor;
1094 1291 1456 1333 Resurrectionem
1487 1291 1621 1347 hujus.

219 1347 285 1390 vel
313 1354 493 1404 nostrae,
524 1349 659 1390 carnis
689 1356 816 1406 negat
837 1349 1094 1398 Valentinus,
1122 1349 1195 1390 sed
1225 1348 1410 1405 corporis
1439 1349 1623 1398 alterius,

157 1416 206 1442 20
220 1404 285 1448 vel
315 1405 549 1462 spiritualiS‚
570 1407 788 1462 approbat.
851 1407 917 1448 De
938 1406 1174 1448 Ptolemaeo
1198 1412 1337 1448 autem
1369 1412 1412 1448 et
1434 1406 1625 1448 Secundo

219 1476 325 1519 quae
345 1463 531 1520 proxime
552 1470 795 1519 sequuntur,
809 1463 1059 1506 conferenda
1078 1477 1129 1506 ea
1148 1470 1244 1506 sunt
1261 1478 1352 1505 cum
1367 1463 1625 1505 Tertulliano

218 1520 331 1562 ade.
353 1520 677 1570 Valentinianos,
707 1535 824 1578 capp.
875 1535 916 1577 3,
939 1522 1007 1577 38.
1068 1522 1134 1563 De
1156 1521 1366 1564 Valentini
1397 1521 1624 1578 Evangelio

218 1577 369 1620 videsis
387 1592 494 1634 quae
513 1578 568 1620 ad
589 1579 750 1644 Reliqu'
806 1611 815 1621 .
839 1535 955 1621 geor.
977 1578 1056 1620 vol.
1074 1592 1102 1620 1.
1124 1593 1163 1635 p.
1185 1592 1270 1634 432
1291 1580 1498 1621 annotavi.

278 1634 383 1677 Ibid.
416 1635 443 1678 l.
467 1649 534 1691 33.
571 1635 613 1678 in
644 1651 786 1693 primis
817 1636 919 1679 illud
949 1636 1074 1678 fuisse
1106 1636 1218 1701 quod
1252 1636 1513 1693 pronuntiat]
1553 1636 1625 1678 Ait

158 1694 206 1734 ²5
222 1691 430 1734 Semlerus
445 1693 587 1735 deesse
607 1708 756 1736 nomen
773 1694 930 1743 αὐτοὸν,
945 1700 1019 1736 aut
1039 1693 1183 1736 simile.
1236 1694 1386 1736 Lucem
1407 1693 1625 1750 praebebit

218 1749 468 1792 Philastrius
487 1750 540 1792 de
557 1751 811 1793 Haeresibus
831 1765 919 1807 cap.
935 1764 1008 1805 4¹·
1070 1758 1080 1774 ‘
1099 1751 1199 1792 Post
1220 1751 1330 1794 hunc
1354 1751 1624 1807 [Secundum]

221 1813 232 1831 ‘
250 1807 498 1856 Heracleon,
530 1807 753 1864 discipulus
787 1808 926 1864 ipsius,
958 1808 1153 1856 surrexit,
1188 1808 1340 1858 dicens,
1371 1808 1622 1864 Principium

222 1870 233 1888 ‘
253 1878 342 1906 esse
361 1879 501 1914 unum,
518 1879 639 1920 quem
657 1865 879 1907 Dominum
899 1866 1093 1922 appellat.
1134 1865 1300 1908 Deinde
1314 1866 1367 1908 de
1388 1866 1466 1908 hoc
1482 1873 1624 1908 natum

223 1927 233 1944 ‘
247 1921 514 1978 aliud‚deque
527 1922 590 1964 his
603 1922 762 1964 duobus
773 1923 1083 1979 generationem
1096 1923 1318 1965 multorum
1330 1923 1501 1965 assumit
1513 1924 1626 1979 prin·

158 1989 209 2026 30
224 1984 233 2001 ‘
251 1978 462 2034 cipiorum,
480 1994 572 2021 cum
593 1979 674 2022 suis
694 1979 835 2022 itidem
854 1979 1034 2022 delirans
1054 1980 1317 2022 doctoribus.y
1333 1995 1373 2037 p.
1389 1994 1438 2036 9¹
1467 1981 1532 2023 ed.
1548 1982 1626 2022 Fa-

222 2035 350 2078 bricii.
398 2036 464 2078 Sic
486 2036 732 2079 Philastrius
751 2037 804 2079 de
819 2037 1079 2080 Heracleone
1099 2037 1214 2094 ipso;
1244 2038 1386 2080 itidem
1408 2038 1460 2080 de
1479 2038 1626 2094 Apelle

222 2092 365 2135 scribit
395 2093 504 2136 infra
532 2094 740 2151 Anonym.
761 2100 914 2143 noster,
937 2096 1076 2136 aliam
1105 2096 1319 2144 virtutem,
1369 2110 1473 2137 uam
1502 2097 1626 2145 dicit,

223 2151 456 2193 Dominum
478 2153 600 2201 dicit,
622 2166 710 2208 cap.
728 2163 767 2205 7.
834 2152 980 2208 Itaque
1000 2151 1039 2194 le
1070 2152 1222 2194 endum
1243 2153 1320 2194 hoe
1356 2167 1428 2194 oco
1448 2152 1626 2202 videtur,

223 2209 337 2263 quod
375 2209 609 2251 Dominum
642 2211 918 2264 pronuntiat.
980 2209 1035 2252 Se
1103 2209 1236 2252 locum
1276 2210 1398 2252 aliter
1437 2211 1628 2266 exposuit

159 2267 209 2306 35
226 2264 430 2307 Pamelius
459 2280 585 2322 supra
613 2265 656 2307 in
685 2271 785 2308 nota
813 2266 868 2308 ad
887 2281 1020 2316 voceS‚
1040 2268 1158 2310 dicto
1181 2268 1269 2310 Jao
1282 2283 1297 2316 ;
1322 2270 1628 2323 pronuntiatio

224 2323 431 2378 appellat,
462 2337 488 2364 a
521 2337 587 2365 me
618 2323 766 2366 allatus
797 2324 851 2366 ad
883 2338 980 2380 pag.
1011 2329 1099 2378 167,
1131 2324 1200 2366 lin.
1225 2327 1292 2367 26.
1354 2325 1480 2368 Certe
1520 2325 1628 2367 male

226 2380 459 2422 Annotator
479 2380 533 2422 ad
560 2380 625 2423 ed.
647 2381 876 2423 Romanam
904 2381 1060 2424 addere
1082 2382 1169 2424 vult
1196 2396 1347 2425 nomen
1375 2383 1629 2425 Valentinus

225 2442 318 2492 post
330 2439 605 2492 pronuntiat.

283 2494 330 2535 P.
358 2495 450 2548 169.
472 2494 499 2536 l.
521 2508 586 2537 11.
615 2494 793 2551 denique
822 2495 970 2538 Jesum
992 2496 1202 2539 Christum
1233 2496 1510 2551 descendisse]
1541 2497 1625 2539 Ad-

160 2567 212 2600 40
225 2550 405 2593 dendum
426 2553 475 2594 in
493 2557 591 2595 ante
609 2553 758 2596 Jeeum
777 2553 936 2595 monuit
957 2553 1178 2596 Semlerus.

283 2608 331 2650 P.
356 2621 450 2663 170.
482 2608 508 2650 l.
530 2622 572 2665 5.
613 2609 694 2652 Hie
737 2624 789 2652 ex
829 2610 1040 2653 occasione
1079 2609 1177 2666 &c.]
1221 2611 1344 2652 Hunc
1386 2610 1627 2667 Scripturae

227 2665 379 2708 Sacrae
423 2666 555 2708 locum
601 2681 693 2709 cum
732 2668 972 2723 quaestione
1016 2668 1068 2710 de
1115 2667 1275 2724 origine
1322 2667 1419 2710 mali
1458 2668 1626 2725 conjun-

225 2723 563 2822 ggzsffiMamion’
599 2724 702 2767 duos
736 2725 861 2774 Deos,
899 2725 1130 2768 Cerdonem
1171 2725 1367 2774 imitatus,
1402 2732 1626 2782 propterea

224 2794 244 2820 s
309 2795 348 2822 ul
373 2812 382 2822 .
