2034 3204
415 236 499 276 408
891 231 972 273 AN
973 232 1014 273 N
1018 231 1278 274 OTATION
1281 231 1350 273 Es

413 342 456 383 in
475 341 630 383 clerum
650 353 676 381 a
695 339 735 381 N
739 338 938 381 ovatianis
965 337 1132 380 admissi
1158 343 1267 380 sunt.
1329 338 1386 380 Et
1409 336 1466 379 sic
1487 336 1652 393 quidem
1674 336 1817 380 Balsa-

413 413 511 441 mon
534 404 577 440 et
598 398 782 439 Zonaras
807 397 918 438 hunc
944 396 1153 438 Canonem
1180 395 1522 451 interpretantur.
1581 395 1691 436 Nam
1718 409 1818 437 neu-

414 462 481 499 ter
517 470 660 498 eorum
694 455 746 497 de
781 453 1084 496 reconciliativa
1117 453 1197 494 ista
1231 467 1424 494 manuum
1463 452 1720 508 impositione
1751 452 1818 494 vel

415 514 541 556 semel
561 512 758 555 meminit.
789 511 1082 554 BEVEREG.
1128 510 1273 557 Porro,
1295 509 1372 552 etsi
1388 509 1600 566 disputant
1620 509 1816 559 nonnulli,

416 572 616 614 sancitum
642 585 732 612 esse
758 570 836 611 hoc
858 569 1025 611 Canone
1046 573 1093 609 ut
1113 567 1250 609 clerici
1269 568 1311 609 N
1313 567 1492 609 ovatiani
1511 568 1566 609 ad
1593 567 1817 609 Ecclesiam
1831 575 1855 615 5

415 629 572 672 reversi
593 628 679 670 sine
695 642 801 669 nova
819 627 1003 683 ipsorum
1023 624 1281 667 ordinatione
1301 640 1370 667 res
1395 640 1533 667 sacras
1559 624 1820 667 administra-

415 693 523 737 rent,
544 701 633 728 rem
653 692 793 727 tamen
814 690 970 741 negant
994 683 1055 726 ita
1078 697 1122 725 se
1148 683 1354 732 habuisse,
1374 697 1458 724 non
1477 688 1636 725 tantum
1658 688 1821 725 veteres

418 745 686 800 Interpretes‚
709 742 779 798 qui
800 742 928 784 verba
948 741 1138 789 Canonis,
1160 739 1264 782 ὥστε
1290 741 1658 795 χειροθετουμένους
1684 740 1822 784 αὐτοὺς

416 803 553 855 μένειν
583 802 704 844 οὕτως
732 802 776 841 ἐν
796 800 849 855 τῷ
885 797 1031 855 κλήρῳ,
1052 798 1200 840 Latine
1231 804 1412 846 vertunt,
1433 806 1482 840 ut
1510 799 1822 853 impositionem

417 875 573 901 manus
603 859 860 914 accipientes
889 858 952 899 sic
981 858 1029 898 in
1059 857 1169 899 clero
1192 864 1492 912 permaneant,
1525 870 1668 897 verum
1698 855 1822 898 etiam
1839 870 1888 896 ιο

418 917 593 959 Rufinus
616 916 827 958 Canonum
850 914 998 956 horum
1024 913 1113 955 fere
1143 913 1337 970 aequalis
1398 913 1449 954 In
1479 912 1587 955 Hist.
1611 912 1720 954 enini
1749 927 1824 954 sua

419 974 530 1016 Eccl.
562 988 609 1023 11,
633 987 675 1028 5,
707 972 1033 1014 commemoratis
1063 971 1249 1013 omnibus
1276 971 1469 1013 Nicaenis
1498 970 1745 1021 Canonibus,
1772 970 1825 1012 de

418 1031 575 1074 clericis
595 1031 654 1073 ait
674 1029 916 1072 Novatianis
944 1029 987 1071 in
1015 1035 1159 1071 octavo
1186 1029 1264 1070 hoc
1287 1029 1454 1071 Canone
1479 1028 1664 1086 signatis,
1686 1042 1756 1070 eos
1782 1027 1826 1069 in

419 1091 570 1133 ordine
595 1090 782 1145 quodam
811 1103 887 1130 suo
916 1088 1080 1142 suscipi
1109 1088 1268 1135 debere,
1299 1088 1373 1129 sed
1402 1087 1675 1129 ordinatione
1700 1087 1823 1128 daca.

419 1147 541 1189 Adde
581 1146 692 1203 quod
740 1145 782 1186 in
830 1144 1039 1202 Synodica
1077 1159 1152 1186 sua
1190 1144 1377 1200 Epistola
1424 1144 1479 1186 ad
1518 1143 1825 1187 Alexandrinos
1842 1155 1890 1195 15

420 1205 574 1261 scripta
603 1204 679 1261 ipsi
711 1217 874 1259 quoque
905 1208 1045 1259 patres
1074 1202 1116 1244 N
1118 1202 1248 1244 icaeni
1276 1201 1432 1243 clericis
1464 1201 1699 1243 Meletianis
1725 1201 1827 1243 resi-

421 1262 672 1319 piscentibus
704 1261 747 1303 id
783 1260 1042 1317 permittunt,
1078 1266 1126 1302 ut
1164 1259 1432 1315 μυστικωτέρᾳ
1469 1259 1698 1314 χειροθεσίᾳ
1733 1273 1828 1300 con-

421 1320 574 1362 firmati
605 1320 737 1361 locum
769 1333 887 1360 suum
917 1317 960 1359 in
991 1317 1163 1375 singulis
1195 1316 1388 1359 Ecclesiis
1417 1322 1654 1374 agnoscant.
1717 1316 1828 1358 Vide

422 1378 650 1435 Epistolam
681 1392 706 1418 a
736 1391 801 1418 me
830 1375 941 1417 infra
965 1375 1218 1426 collocatam,
1248 1380 1347 1417 tom.
1369 1374 1409 1424 ii,
1433 1389 1476 1431 p.
1494 1387 1590 1429 192.
1651 1374 1828 1417 Verum-

422 1443 562 1478 tamen
597 1434 718 1477 aliter
757 1434 932 1476 fortasse
973 1434 1154 1475 Zonaras
1196 1433 1405 1475 Canonem
1441 1432 1642 1489 exposuit,
1677 1431 1748 1488 qui
1785 1430 1828 1473 in
1844 1442 1896 1469 20

426 1492 730 1537 Commentario
763 1506 835 1533 suo
867 1490 924 1532 sic
956 1490 1112 1543 scribit,
1137 1488 1234 1532 ’Ότι
1266 1492 1341 1543 γὰρ
1377 1490 1424 1531 οὗ
1463 1490 1552 1543 περὶ
1591 1490 1663 1541 τὴν
1693 1490 1831 1531 πίστιν

424 1551 684 1604 ἐσφάλλοντο
722 1549 782 1604 [N
785 1548 1002 1604 ovatiani]‚
1044 1549 1138 1590 ἀλλ’
1173 1549 1228 1592 εἰς
1258 1548 1531 1600 μισαδελφίαν
1564 1548 1628 1589 καὶ
1663 1547 1830 1599 ἄρνησιν

425 1608 635 1661 μετανοίας
663 1611 745 1650 τοῖς
772 1607 1103 1659 παραπεπτωκόσι
1132 1605 1194 1647 καὶ
1222 1604 1518 1658 ἐπιστρέφουσι,
1541 1607 1604 1646 διὰ
1625 1607 1739 1645 τοῦτο
1766 1603 1830 1645 καὶ

426 1666 499 1718 τὴν
518 1665 765 1720 χειροτονίαν
787 1664 914 1705 αὐτῶν
934 1664 957 1715 ἡ
979 1664 1152 1707 Σύνοδος
1181 1662 1358 1714 ἐδέξατο,
1380 1662 1442 1704 καὶ
1462 1660 1596 1714 μένειν
1617 1661 1756 1705 αὐτοὺς
1786 1662 1830 1702 ἐν

427 1727 510 1766 τοῖς
545 1723 702 1765 οἰκείοις
736 1724 907 1774 βαθμοῖς
939 1722 1163 1772 διωρίσατο,
1196 1722 1231 1762 εἰ
1264 1720 1317 1772 μὴ
1346 1719 1590 1762 Ἐπίσκοπος
1621 1721 1680 1771 εἵη
1712 1719 1755 1760 ἐν
1783 1718 1829 1775 τῇ
1847 1733 1897 1771 25

428 1782 619 1836 καθολικῇ
642 1782 709 1830 τῆς
728 1780 883 1821 πόλεως
905 1779 1056 1829 ἐκείνης
1073 1776 1306 1832 Ἐκκλησία.

487 1838 534 1879 Ρ.
548 1850 599 1893 37
606 1850 647 1892 5.
662 1837 687 1878 l.
704 1849 767 1878 12.
791 1836 889 1878 ἔνθα
907 1836 982 1888 μὲν
998 1835 1068 1877 οὖν
1083 1834 1244 1890 πάντες]
1263 1835 1357 1877 Vox
1378 1833 1535 1883 πάντες,
1549 1848 1672 1890 quam
1693 1847 1834 1876 omnes

430 1895 594 1951 quidem
619 1893 891 1936 collectiones
913 1893 1098 1935 Graecae
1128 1892 1299 1941 habent,
1323 1897 1553 1949 agnoscunt
1573 1906 1673 1933 vero
1701 1905 1836 1947 neque

430 1959 593 1995 veteres
626 1951 760 1994 Latini
788 1952 1046 2007 Interpretes
1072 1965 1147 1992 nec
1180 1950 1370 1993 Canones
1394 1948 1574 1997 Arabici,
1601 1949 1836 2005 importune

430 2010 526 2053 huic
556 2010 643 2051 loco
673 2009 794 2066 adjici
826 2009 906 2051 erit
936 2008 1153 2057 censenda,
1182 2007 1259 2049 nisi
1290 2007 1333 2049 in
1358 2007 1498 2059 πάντη,
1523 2021 1835 2063 usquequaque,
1849 2022 1902 2060 30

432 2074 633 2116 vertatur,
661 2082 800 2109 vocem
832 2066 872 2108 in
905 2068 1073 2109 Canone
1103 2079 1210 2107 xvm
1241 2064 1565 2108 Chalcedonensi
1595 2064 1836 2108 adhibitam.

434 2126 532 2169 Sola
553 2125 745 2173 omnium,
768 2131 814 2166 ut
840 2124 934 2166 olim
963 2123 1062 2165 mihi
1090 2123 1288 2189 persuasi,
1311 2129 1429 2165 vetus
1449 2121 1738 2179 interpretatio
1761 2121 1839 2164 La-

433 2183 521 2226 tina
546 2184 758 2226 Canonum
788 2182 957 2224 Nicaen.
983 2180 1140 2223 Sardio.
1164 2187 1206 2223 et
1232 2180 1480 2223 Chalcedon.
1509 2194 1615 2236 quae
1645 2194 1671 2222 a
1699 2178 1840 2222 fratri-

434 2242 511 2283 bus
533 2240 752 2283 Ballcrinis
779 2239 820 2281 in
843 2239 1082 2296 Appendice
1106 2238 1160 2280 ad
1183 2239 1224 2281 S.
1244 2238 1392 2280 Leonis
1413 2238 1472 2280 M.
1492 2238 1634 2295 Opera
1662 2237 1839 2294 primum

434 2299 546 2341 edita
567 2305 643 2349 cst,
665 2312 804 2340 vocem
833 2298 976 2340 πάντες
1001 2295 1213 2352 agnoscit;
1247 2310 1341 2338 nam
1366 2297 1574 2339 Canonem
1602 2294 1658 2337 sic
1687 2294 1839 2344 reddit,
1851 2308 1904 2348 35

443 2358 562 2398 Unde
589 2371 740 2405 omnes,
762 2357 849 2396 ⁸ive
870 2356 917 2396 in
944 2355 1064 2402 vicis,
1085 2355 1173 2396 sive
1200 2355 1247 2395 in
1275 2354 1526 2396 civitatibus
1549 2354 1839 2402 inveniantur,

437 2414 651 2470 impositis
670 2413 869 2455 manibus
888 2412 1252 2454 reconciliationis
1272 2412 1480 2454 schemate
1499 2418 1702 2453 maneant
1718 2410 1842 2453 cleri-

437 2487 595 2520 corum,
618 2486 657 2527 p.
675 2471 772 2527 584.
835 2469 918 2512 Sed
945 2475 988 2511 ot
1015 2469 1056 2511 in
1084 2484 1166 2511 una
1186 2469 1238 2511 de
1259 2484 1272 2510 ι
1289 2475 1436 2511 uatuor
1458 2468 1604 2510 horum
1628 2468 1841 2510 Canonum

438 2527 859 2585 interpretationibus,
881 2542 1000 2583 qnae.
1028 2532 1075 2569 ut
1101 2541 1227 2583 supra
1255 2484 1353 2574 dixi,
1381 2525 1422 2568 in
1446 2525 1606 2569 Codicis
1629 2526 1840 2567 Canonum

439 2586 605 2629 Veteris
631 2585 814 2627 l‘arisina
835 2585 1013 2627 editione
1034 2584 1254 2627 collocatae
1282 2590 1389 2634 sunt,
1413 2598 1491 2626 vox
1512 2583 1592 2626 ista
1611 2598 1752 2626 omnes
1772 2596 1842 2624 no-
1856 2593 1907 2628 40

440 2644 501 2685 bis
531 2642 722 2692 occurrit,
744 2644 981 2699 ubicunque
1007 2650 1150 2685 autem
1177 2656 1318 2684 omnes
1344 2642 1432 2685 sive
1459 2643 1507 2685 in
1533 2641 1734 2690 castellis,
1755 2641 1844 2684 sive

440 2703 487 2743 in
508 2701 771 2750 civitatibus,
793 2701 881 2757 ipsi
900 2701 983 2743 soli
1002 2700 1360 2756 inventisuerint.

509 2759 551 2800 l’.
574 2760 673 2814 376.
702 2757 726 2799 1.
750 2772 790 2810 4.
824 2757 1027 2810 ἑπινοήσει
1057 2758 1195 2812 τόπον]
1234 2756 1372 2799 Vertit
1403 2754 1626 2813 Dionysius
1658 2754 1844 2812 Exiguus

437 2817 679 2872 providebit
709 2816 749 2856 vi
780 2815 931 2865 locum,
957 2813 1145 2858 videlicet
1172 2815 1233 2857 vel
1259 2812 1551 2871 Choropiscopi
1582 2812 1624 2855 in
1649 2811 1758 2863 vicis,
1781 2812 1843 2855 vol

443 2872 681 2929 Presbyteri
705 2872 742 2913 in
767 2873 867 2914 urbe
890 2872 1031 2915 locum.
1260 2900 1262 2902 v
1858 2877 1907 2914 45
