2034 3204
447 217 773 262 EPlSTOLA
808 216 892 258 AD
934 216 974 258 S.
1000 213 1410 258 CYPRIANUM.
1550 212 1635 252 233

230 329 429 375 chielem
453 335 501 374 et
526 327 789 380 Danielem,
809 324 1090 385 posteriores
1116 330 1284 374 aetate,
1310 323 1369 367 ad
1395 319 1635 366 unanimi-

231 407 345 452 tatis
373 406 617 452 vinculum
650 405 803 451 virtus
837 403 1003 449 divina
1036 400 1302 462 conjunxit,
1332 405 1387 445 ut
1414 397 1635 458 quamvis

231 483 523 544 temporibus
558 483 714 545 longis
741 481 935 528 discreti
961 485 1132 532 essent,
1168 478 1333 524 eadem
1369 483 1530 522 tamen
1565 474 1638 520 di-

231 562 343 607 vina
366 561 678 621 inspiratione
713 559 958 606 sentirent.
1027 558 1167 612 Quod
1191 561 1240 602 et
1268 570 1395 601 nunc
1426 553 1477 599 in
1501 552 1636 598 vobis

194 652 217 692 5
231 638 673 692 animadvertimus,
696 644 752 684 ut
775 637 859 698 qui
882 634 1174 698 longissimis
1203 631 1478 695 regionibus
1502 646 1531 676 a
1554 645 1638 675 no-

231 715 305 762 bis
339 715 548 776 separati
582 714 712 768 estis,
741 729 884 760 sensu
918 720 1079 759 tamen
1110 718 1159 757 et
1190 709 1365 770 spiritu
1393 709 1637 768 copulatos

232 809 313 840 vos
341 809 443 840 esse
478 793 727 839 nobiscum
762 790 1041 852 probaretis
1109 789 1250 843 Quod
1276 792 1432 834 totum
1461 786 1551 832 hoc
1584 784 1639 831 fit

230 870 397 916 divina
431 870 631 916 unitate.
702 869 829 915 Nam
868 884 1019 928 quum
1059 867 1296 913 Dominus
1337 879 1463 910 unus
1494 870 1639 923 atque

231 948 359 994 idem
394 948 457 994 sit
491 947 576 1008 qui
612 946 801 993 habitat
829 945 878 992 in
911 945 1061 997 nobis,
1097 942 1348 1005 conjungit
1379 941 1558 1001 ubique
1591 946 1640 987 et

171 1046 218 1072 10
232 1027 424 1086 copulat
457 1041 567 1071 suos
603 1025 791 1070 vinculo
826 1022 1044 1069 unitatis.
1116 1021 1256 1067 Unde
1293 1019 1342 1065 in
1378 1018 1637 1066 universam
1652 1030 1705 1062 Pa.
1726 1031 1793 1062 xix.
1813 1042 1845 1069 ⁴.

233 1110 403 1150 terram
435 1102 580 1149 eoeivit
607 1117 746 1148 sonus
769 1116 925 1147 eorum
949 1100 1034 1160 qui
1059 1115 1088 1145 a
1111 1098 1321 1145 Domino
1343 1096 1478 1142 missi
1510 1102 1638 1150 sunt,

232 1180 434 1228 unitatis
481 1179 655 1240 spiritu
692 1179 913 1225 velociter
958 1183 1215 1224 currentes.
1285 1175 1419 1221 Sicut
1459 1190 1485 1220 e
1531 1189 1641 1220 con-

233 1259 383 1305 trario
408 1258 531 1304 nihil
555 1258 747 1318 prodest
771 1256 955 1316 aliquos
979 1254 1220 1315 proximos
1244 1260 1293 1299 et
1317 1253 1513 1314 junctos
1547 1252 1638 1298 sibi

232 1351 333 1382 esse
389 1334 679 1395 corporibus,
728 1333 770 1379 si
821 1332 982 1378 animo
1034 1338 1083 1378 et
1134 1337 1292 1377 mente
1342 1330 1636 1384 dissideant;

173 1431 218 1470 15
232 1414 425 1474 quando
459 1411 661 1458 adunari
695 1410 884 1456 animae
923 1409 1119 1455 omnino
1149 1423 1244 1454 non
1281 1407 1480 1467 possint,
1516 1423 1639 1467 quae

232 1507 282 1537 se
316 1506 346 1536 a
379 1490 472 1536 Dei
508 1489 693 1536 unitate
720 1487 984 1534 diviserint.
1045 1485 1165 1533 Ecce
1199 1485 1336 1540 enim,
1360 1484 1534 1545 inquit,
1559 1484 1640 1546 qui
1652 1495 1705 1527 Ps.
1725 1495 1819 1527 lxxii.

231 1567 532 1631 lonqinquant
564 1582 612 1612 se
648 1564 725 1612 abs
761 1571 814 1619 te,
844 1562 1092 1628 pem'bunm
1129 1565 1210 1610 sed
1249 1565 1367 1609 tales
1398 1562 1637 1624 judicium
1652 1538 1703 1571 ²⁶'

232 1645 428 1693 Domini
454 1660 541 1707 pro
564 1644 734 1690 merito
757 1658 845 1690 suo
867 1642 1112 1696 subibunt,
1138 1642 1407 1688 recedentes
1432 1656 1460 1687 a
1484 1640 1639 1686 verbis

233 1726 337 1786 ejus
371 1723 456 1784 qui
494 1722 688 1768 Patrem
734 1737 821 1781 pro
861 1720 1047 1767 unitate
1088 1721 1383 1779 deprecatur,
1421 1725 1470 1765 et
1508 1718 1638 1773 dicit,

172 1820 221 1845 20
234 1801 395 1856 Pater,
419 1800 480 1847 da
504 1806 554 1846 ut
577 1797 803 1862 quomodo
826 1813 906 1862 eqo
929 1804 970 1844 et
995 1803 1044 1844 tu
1068 1813 1208 1843 unum
1233 1811 1409 1852 summ,
1433 1797 1501 1843 sic
1523 1802 1565 1843 et
1589 1794 1641 1842 hi
1650 1808 1706 1841 Jo.
1716 1809 1793 1840 xvii.
1806 1818 1857 1840 η.

235 1880 286 1926 in
311 1877 438 1926 nobis
461 1893 603 1924 unum
627 1877 733 1923 sint.

303 1957 396 2003 III.
434 1956 536 2002 Nos
560 1971 672 2001 vero
695 1970 751 2000 ea
773 1969 896 2014 quae
929 1969 958 1999 a
981 1952 1115 1998 vobis
1150 1953 1329 2012 scripta
1352 1959 1478 2004 sunt,
1502 1952 1641 2012 quasi

234 2042 398 2082 nostra
431 2033 625 2095 propria·
659 2031 967 2091 suscepimus,
1007 2045 1090 2076 nec
1129 2029 1180 2076 in
1208 2036 1487 2076 transcursu
1524 2029 1644 2092 legi-

233 2128 356 2167 mus,
391 2113 472 2158 sed
513 2125 653 2170 saepe
690 2108 893 2169 repetita
931 2107 1185 2154 memoriae
1222 2108 1532 2161 mandamus3
1563 2123 1643 2153 ne-

173 2206 221 2245 ²5
234 2205 327 2251 que
361 2189 494 2235 obest
531 2186 734 2234 utilitati
771 2185 985 2239 salutari,
1016 2192 1101 2231 aut
1134 2186 1298 2231 eadem
1332 2190 1547 2230 retexere
1581 2185 1642 2230 ad

235 2266 603 2314 confirmandam
629 2264 896 2316 veritatem,
922 2268 1006 2308 aut
1038 2268 1086 2308 et
1109 2264 1343 2322 quaedam
1377 2263 1551 2308 addere
1581 2263 1642 2308 ad

234 2345 571 2392 cumulandam
607 2341 951 2403 probationem.
1021 2340 1073 2386 Si
1098 2340 1214 2400 quid
1251 2348 1412 2386 autem
1445 2355 1473 2385 a
1505 2339 1642 2385 nobis

237 2423 452 2469 additum
477 2421 640 2474 fuerit,
663 2435 759 2465 non
784 2419 851 2465 sic
875 2419 1070 2464 additur
1092 2419 1229 2478 quasi
1255 2434 1282 2463 a
1302 2417 1436 2463 vobis
1460 2416 1641 2476 aliquid

235 2500 396 2546 minus
430 2498 611 2544 dictum
647 2498 725 2552 sit,
757 2498 839 2543 sed
874 2496 1102 2556 quoniam
1138 2511 1293 2541 sermo
1328 2495 1522 2540 divinus
1556 2495 1644 2540 hu-

173 2597 224 2634 30
237 2592 428 2622 manam
463 2582 684 2621 naturam
720 2574 1094 2636 supergreditur,
1118 2589 1204 2619 nec
1235 2579 1393 2633 potest
1416 2579 1572 2618 totum
1596 2578 1646 2618 et

237 2653 500 2715 perfectum
546 2652 709 2698 anima
753 2651 1028 2710 concipere;
1064 2651 1241 2697 idcirco
1277 2656 1326 2696 et
1362 2656 1526 2696 tantus
1570 2655 1644 2696 est

237 2746 465 2779 numerus
507 2730 868 2790 Prophetarum,
906 2735 962 2774 ut
1006 2729 1260 2788 multiplex
1305 2728 1473 2774 divina
1518 2727 1644 2787 sapi-

238 2810 367 2856 entia
391 2824 475 2869 per
498 2809 674 2854 multos
697 2806 1029 2853 distribuatur.
1095 2805 1236 2852 Unde
1260 2812 1307 2852 et
1330 2811 1485 2852 tacere
1509 2821 1644 2865 prae-
