2034 3204
236 1009 248 1031 ι
269 1000 354 1042 Reg.
374 1001 407 1031 ii.

232 1053 286 1084 30.

232 1308 335 1340 Matt.
345 1319 376 1340 v,
387 1318 438 1350 43.

235 2319 311 2352 Iuai.
331 2319 352 2351 i.
369 2329 400 2352 2.

236 2546 337 2578 Mna.
355 2557 432 2578 xxv.

233 2599 288 2630 3⁴·

235 2699 341 2730 Officii
360 2700 408 2731 nini

235 2753 315 2782 ⁰¹¹1(st
335 2742 391 2774 Ρη·

235 2790 318 2817 trum
336 2797 405 2817 cm?-

236 2829 351 2860 lutum
369 2835 403 2860 ot

237 2873 371 2915 praemiii
390 2883 435 2904 ro-

455 257 542 301 3926
955 258 997 300 S.
1032 256 1355 300 CYPRIANI

456 376 498 417 et
529 370 773 434 imaqinem
797 370 891 432 ejus
915 371 996 432 qui
1019 369 1074 416 de
1097 369 1216 416 coelo
1247 375 1322 415 est.
1395 368 1663 430 Imaginem
1695 373 1856 413 autem

455 450 704 501 coelestem
741 457 930 508 portare
971 464 1066 494 non
1106 462 1375 507 possumus,
1412 446 1505 492 nisi
1545 445 1597 491 in
1633 460 1689 491 eo
1729 446 1857 505 quod

455 541 556 571 esse
583 527 685 588 jam
728 526 970 586 coepimus
1010 525 1193 571 Christi
1231 523 1595 570 similitudinem
1634 523 1858 583 praebea-

453 618 574 649 mus.
647 602 752 648 Hoc
791 609 863 649 est
898 603 1025 648 enim
1059 609 1269 648 mutasse
1303 603 1431 661 quod
1463 601 1639 657 fueras,
1675 606 1723 646 et
1755 615 1858 646 coe-

453 679 579 739 pisse
602 696 703 726 esse
738 681 866 739 quod
900 695 996 726 non
1031 695 1148 734 eras,
1172 685 1228 725 ut
1263 679 1315 725 in
1350 686 1397 725 te
1431 679 1596 725 divina
1629 677 1895 730 nativitas5

451 758 619 811 luceat,
637 765 693 803 ut
717 759 777 803 ad
802 758 997 803 Patrem
1020 757 1179 803 Deum
1202 756 1370 803 deifica
1391 756 1644 816 disciplina
1665 770 1861 815 respon-5

452 836 575 887 deat,
611 841 666 880 ut
703 836 880 880 honore
917 841 965 880 et
1000 837 1141 881 laude
1178 835 1369 880 vivendi
1404 834 1536 880 Deus
1576 834 1628 879 in
1663 832 1858 879 homine
1886 880 1889 882 .

451 913 690 963 clarescat,
715 911 819 971 ipso
853 913 1136 958 exhortante
1170 919 1218 958 et
1251 918 1473 957 monente
1503 917 1552 957 et
1584 911 1653 957 eis
1688 910 1772 970 qui
1807 925 1857 956 se

452 988 715 1035 clarificant
751 990 903 1036 vicem
941 996 1158 1036 mutuam
1201 990 1466 1050 pollicente.
1535 987 1644 1044 Eos,
1682 987 1856 1048 inquit,

454 1066 535 1128 qui
559 1064 814 1128 clarificant
839 1083 908 1113 me
930 1066 1220 1129 clarificaboe
1256 1072 1297 1114 et
1321 1067 1401 1129 qui
1428 1067 1604 1129 spernit
1633 1081 1704 1112 me
1732 1080 1858 1127 sper-
1874 1085 1923 1111 10

453 1147 600 1188 netur.
687 1142 766 1189 Ad
805 1159 951 1204 quam
992 1143 1378 1190 clarificationem
1417 1142 1629 1189 formans
1671 1156 1756 1187 nos
1803 1156 1858 1187 ac

452 1236 742 1280 praeparans
775 1221 1014 1267 Dominus
1060 1228 1108 1267 et
1149 1221 1304 1267 Filius
1345 1221 1451 1276 Dei,
1492 1219 1858 1267 similitudinem

453 1299 545 1344 Dei
571 1299 732 1345 Patris
755 1299 1005 1346 insinuans
1041 1300 1092 1345 in
1116 1299 1384 1362 Evangelio
1417 1314 1503 1345 suo
1525 1298 1658 1352 dicit,
1681 1296 1860 1344 Audis-

453 1376 513 1423 tis
549 1377 659 1438 quia
694 1375 864 1423 dictum
902 1382 978 1431 est,
1013 1375 1196 1441 Diliyes
1228 1377 1498 1439 proximum
1534 1375 1630 1430 tibi,
1672 1381 1714 1422 et
1752 1372 1872 1429 odiox

453 1452 634 1500 habebis
661 1454 903 1501 inimicum
932 1453 1028 1501 tibi.
1115 1454 1218 1519 Eyo
1246 1461 1397 1501 autem
1431 1454 1535 1501 dico
1568 1452 1704 1507 vobis,
1728 1451 1858 1499 Dili-
1875 1465 1923 1504 15

447 1532 544 1595 yite
578 1532 791 1583 inimico-s*
826 1538 1008 1585 vestros,
1033 1538 1074 1579 et
1109 1538 1236 1579 orate
1262 1548 1355 1595 pro
1389 1532 1451 1578 iis
1486 1532 1568 1594 qui
1598 1547 1674 1579 vos
1702 1546 1858 1593 perse-

454 1615 671 1671 quuntur,
706 1615 755 1656 ut
788 1610 895 1656 sitis
914 1609 1018 1672 filii
1051 1609 1216 1657 Patris
1247 1609 1386 1656 vestri
1417 1609 1498 1671 qui
1530 1609 1580 1655 in
1609 1607 1743 1655 coelis
1775 1613 1857 1663 est,

454 1687 536 1749 qui
565 1686 701 1733 solem
735 1703 868 1733 suum
907 1687 1028 1733 oriri
1042 1686 1172 1750 facit
1208 1702 1346 1749 super
1381 1685 1518 1733 bonos
1557 1692 1599 1732 et
1639 1683 1794 1738 malos,
1817 1689 1860 1732 et

446 1761 572 1825 pluit
601 1778 742 1825 super
758 1763 911 1824 justos
943 1769 984 1810 et
1014 1764 1220 1821 injustOS.
1292 1764 1343 1810 Si
1374 1763 1649 1810 hominibus
1679 1765 1859 1809 laetum

454 1847 527 1886 est
563 1847 611 1887 et
649 1841 911 1903 gloriosum
954 1841 1076 1888 filios
1116 1842 1291 1888 habere
1336 1841 1617 1896 consimiles,
1658 1847 1704 1887 et
1745 1846 1859 1886 tunc
1874 1860 1924 1885 20

454 1918 609 1981 magis
641 1935 890 1981 generasse
925 1921 1142 1974 delectat,
1166 1920 1207 1965 si
1244 1921 1304 1966 ad
1339 1926 1525 1980 patrem
1558 1917 1860 1964 lineamentis

454 1996 650 2055 paribus
682 1997 864 2043 soboles
900 1997 1147 2044 subseciva
1174 1998 1470 2057 respondeat,
1496 2002 1676 2056 quanto
1707 1996 1862 2057 major

455 2073 503 2119 in
530 2073 633 2119 Deo
658 2075 803 2120 Patre
839 2075 1022 2121 laetitia
1056 2081 1127 2121 est
1150 2091 1300 2135 quum
1335 2074 1444 2135 quis
1479 2073 1546 2120 sic
1581 2072 1862 2134 spiritaliter

455 2151 669 2197 nascitur
702 2159 756 2198 ut
789 2152 839 2197 in
872 2152 1056 2198 actibus
1088 2153 1191 2214 ejus
1215 2159 1262 2198 et
1286 2152 1508 2198 laudibus
1532 2151 1698 2197 divina
1719 2166 1862 2213 gene-

455 2228 626 2274 rositas
662 2229 985 2289 praedicetur!
1022 2229 1156 2283 Quae
1185 2229 1406 2291 justitiae
1440 2230 1600 2288 palma
1630 2234 1714 2283 est,
1738 2244 1861 2289 quae
1875 2240 1924 2280 25

455 2322 640 2360 corona,
659 2323 759 2353 esse
778 2308 920 2352 talem
940 2308 998 2352 de
1016 2323 1112 2367 quo
1130 2307 1262 2353 Deus
1281 2322 1376 2352 non
1394 2306 1533 2360 dicat,
1553 2303 1708 2352 Filios
1726 2322 1862 2370 yene-

455 2382 559 2429 ravz'
582 2388 623 2429 et
647 2382 861 2436 emltavz',
888 2383 980 2445 ipsi
1003 2389 1151 2429 autem
1176 2388 1442 2445 spreverunt
1464 2384 1567 2429 me!
1607 2383 1862 2429 Collaudet

457 2468 503 2506 te
539 2460 698 2520 potius
734 2461 970 2515 Christus,
1003 2469 1050 2507 et
1085 2461 1255 2507 invitet
1290 2462 1349 2507 ad
1378 2461 1660 2521 praemium,
1685 2460 1860 2514 dicens,

472 2535 640 2591 Venite,
672 2536 893 2584 benedicti
928 2536 1092 2584 Patris
1128 2537 1230 2592 mei,
1260 2537 1484 2600 percipite
1517 2553 1706 2602 azynum
1742 2537 1865 2600 quod

457 2613 580 2662 vobis
600 2621 816 2677 paratum
843 2622 907 2662 est
931 2614 985 2661 ab
1009 2615 1188 2679 mw'yine
1212 2614 1386 2663 mundi.
1873 2630 1926 2668 30

525 2691 666 2738 VIII.
709 2693 800 2739 His
833 2692 1225 2739 meditationibus
1249 2694 1625 2740 corroborandus
1658 2699 1729 2740 est
1759 2693 1861 2739 ani-

459 2784 577 2820 ιιιιιε,
614 2769 785 2815 fratres
817 2769 1130 2825 dilectissimi,
1167 2770 1400 2831 ejusmodi
1442 2770 1861 2817 exercitationibus

456 2847 803 2893 commmunia
835 2846 1011 2893 diaboli
1039 2847 1201 2908 Jacula
1238 2846 1511 2894 firmandus.
1582 2847 1656 2893 Sit
1689 2848 1736 2894 in
1763 2862 1862 2893 ma-
