2034 3204
413 229 500 270 202
806 266 809 270 .
880 229 1341 272 ANNOTATIONES

471 337 517 378 P.
543 338 636 391 146.
658 337 686 379 1.
702 349 770 391 27.
790 337 911 394 cupio
931 337 1153 380 ostendant
1174 337 1291 393 mihi]
1312 337 1498 380 Verbum
1518 338 1644 392 cupio
1664 336 1816 380 delevit

412 393 633 460 Rigaltius,
653 394 908 451 inseruitque
928 397 1005 451 qui
1023 401 1122 437 ante
1141 396 1297 438 adhuc.
1357 394 1579 437 Pristinam
1600 394 1815 437 lectionem

410 466 612 494 revocavl.

470 509 576 551 Ibid.
606 509 634 552 l.
657 523 728 566 30.
756 510 790 551 si
817 509 1020 557 eumdem,
1048 509 1252 565 quomodo
1281 507 1449 564 aliter‘I]
1482 508 1524 550 h.
1547 523 1582 551 e.
1611 509 1816 565 quomodo

410 566 492 608 alio
526 567 648 609 modo
679 582 803 623 quam
839 566 1034 616 Ecclesia,
1070 567 1123 608 de
1157 567 1249 608 Deo
1281 565 1535 622 praedicant,
1570 581 1719 623 resque
1756 566 1816 609 di·
1829 578 1852 618 5

410 623 526 666 vinas
565 623 778 666 tractant?
813 630 824 647 ‘
838 624 982 666 Alium
1020 623 1131 673 facit,
1167 638 1287 679 quem
1328 623 1450 665 aliter
1489 624 1722 680 cognoscit,'
1757 624 1816 667 ait

410 687 556 723 auctor
589 681 704 724 initio
740 681 834 723 libri
870 681 932 723 8111
963 681 1077 723 advs.
1109 681 1431 737 Hermogenem.
1492 681 1601 723 Dein
1633 681 1676 723 in
1709 681 1816 724 libro

411 739 465 781 de
493 739 630 781 Carne
661 738 831 788 Christi,
857 753 946 795 cap.
969 739 1009 788 6,
1043 744 1054 762 ‘
1073 738 1185 789 Quid
1208 738 1266 780 illi
1295 753 1388 779 cum
1420 738 1550 789 Mose,
1581 739 1652 795 qui
1679 739 1814 782 Deum

412 802 423 819 ‘
439 796 568 838 Mosis
587 795 750 853 rejicit?
781 796 826 838 Si
849 795 953 838 alius
980 797 1096 838 Deus
1123 801 1198 844 est,
1220 796 1352 838 aliter
1371 794 1455 837 sint
1478 810 1547 837 res
1576 796 1692 853 ejus,’
1713 796 1755 838 h.
1779 811 1814 839 e.

410 853 466 895 ad
504 854 629 896 alium
668 853 918 910 pertineant.
993 854 1098 896 Cum
1140 853 1221 895 alio
1260 854 1352 895 Deo
1393 853 1601 908 quadrant
1640 853 1815 896 ministri
1834 864 1882 890 10

411 911 511 967 ejus.
550 911 668 953 Infra
687 911 864 968 positum
885 916 960 961 est,
983 918 993 934 ‘
1007 912 1138 953 aliter
1157 911 1362 953 haberent
1381 925 1457 967 per
1470 924 1576 966 quae
1593 911 1815 961 docerent,'

410 982 459 1010 ca
491 1000 500 1010 .
547 968 587 1010 8.

459 982 631 1080 1i³.3147.
653 1025 681 1067 l.
701 1039 738 1067 1.
759 1024 816 1067 sic
837 1025 945 1067 enim
967 1025 1188 1082 Apostolos
1217 1025 1321 1068 solet
1347 1024 1501 1079 facere]
1531 1026 1648 1068 Haec
1668 1025 1816 1083 depra—

410 1090 508 1126 vata
527 1098 616 1126 esse
643 1089 849 1126 testantur
879 1083 1078 1139 reliquiae
1099 1083 1200 1133 veri,
1222 1097 1324 1139 quas
1354 1083 1470 1125 nobis
1499 1083 1679 1126 servavit
1701 1085 1740 1125 A
1773 1098 1818 1125 o-

411 1141 530 1183 bardi
551 1141 776 1197 exemplar.
837 1141 925 1183 Eae
945 1146 1041 1183 sunt
1061 1140 1318 1197 hujusmodi:
1350 1146 1360 1163 ‘
1379 1140 1447 1183 Sic
1466 1140 1574 1182 enim
1594 1098 1817 1197 Apostolus
1834 1154 1881 1193 15

412 1206 422 1222 ⁶
439 1198 669 1255 descripsit,
705 1198 819 1241 Solet
854 1199 1015 1248 facere;
1048 1198 1149 1240 dare
1189 1204 1410 1254 praeterea
1440 1198 1636 1240 virtutem
1671 1198 1816 1241 eadem

411 1263 421 1278 ‘
438 1256 558 1314 signa
578 1256 725 1298 edendi
747 1271 853 1312 quae
874 1261 917 1298 et
936 1256 1052 1313 ipses·
1114 1255 1333 1312 Superflua
1352 1261 1447 1298 sunt
1468 1256 1585 1305 haec,
1607 1256 1723 1299 Solet
1736 1258 1817 1312 sa-

409 1329 512 1357 cere.
576 1314 694 1365 Quae
714 1313 748 1355 si
768 1314 1024 1363 auferantur,
1045 1313 1255 1356 residuum
1277 1313 1358 1356 erit
1378 1313 1593 1355 sincerum.
1652 1313 1698 1356 Si
1718 1328 1818 1356 eun-

410 1371 518 1420 dem,
554 1371 700 1427 inquit,
736 1372 873 1414 Deum
914 1371 1167 1428 praedicant,
1207 1371 1322 1428 cujus
1356 1371 1482 1413 rebus
1517 1377 1559 1414 et
1592 1370 1742 1414 litteris
1774 1378 1818 1415 et

410 1428 641 1471 nominibus
675 1435 850 1471 utuntur
882 1428 1119 1479 Christiani,
1150 1429 1330 1485 probent
1360 1443 1404 1470 se
1435 1443 1562 1470 novos
1593 1428 1817 1484 Apostolos
1832 1443 1883 1469 20

410 1501 524 1536 esse;
554 1493 681 1542 atque
711 1487 815 1529 adeo
847 1486 986 1529 dicant
1019 1485 1230 1529 Christum
1261 1485 1412 1528 iterum
1440 1485 1710 1536 descendisse,
1741 1486 1818 1529 ite-

410 1559 502 1586 rum
542 1543 676 1601 ipsum
712 1544 910 1594 docuisse,
938 1543 1089 1586 iterum
1124 1543 1376 1593 crucifixum,
1409 1543 1559 1586 iterum
1589 1549 1810 1595 mortuum,

409 1601 560 1644 iterum
581 1601 882 1644 resuscitatum.
925 1601 992 1644 Sic
1013 1601 1121 1643 enim
1146 1601 1370 1657 Apostolus
1390 1600 1619 1658 descripsit.
1665 1601 1817 1645 Dicant

409 1665 629 1716 praeterea
645 1659 854 1702 Christum
872 1659 973 1701 dare
989 1659 1138 1701 iterum
1153 1658 1347 1701 virtutem
1361 1658 1503 1701 eadem
1518 1658 1638 1716 signa
1653 1659 1816 1712 edendi,

410 1731 517 1773 quae
547 1723 590 1759 et
619 1716 719 1774 ipse.
779 1716 885 1759 Volo
913 1716 1040 1772 igitur
1071 1722 1114 1758 et
1143 1716 1318 1758 virtutes
1348 1731 1489 1758 eorum
1520 1715 1712 1772 proferri,
1739 1716 1814 1759 &c.
1832 1732 1880 1772 25

411 1775 643 1818 RIGALT.
697 1775 813 1816 Haec
843 1774 906 1816 vir
935 1773 1245 1823 eruditissimus,
1273 1788 1390 1816 voces
1417 1779 1555 1815 tamen
1585 1774 1698 1816 haud
1728 1789 1817 1817 mu-

410 1837 528 1882 tans3
564 1838 607 1875 et
642 1831 734 1874 vide
769 1846 905 1874 annon
936 1831 1038 1874 ferri
1073 1831 1231 1888 possint
1259 1831 1338 1873 hoc
1367 1846 1502 1881 sensu,
1532 1837 1542 1854 ‘
1563 1831 1681 1874 Solet
1707 1831 1816 1874 enim

410 1896 421 1913 ‘
440 1890 630 1933 Christus
651 1889 875 1946 Apostolos
895 1889 1157 1939 constituere,
1179 1888 1366 1931 faciendo
1386 1888 1476 1930 illos
1502 1889 1816 1946 praecipuorum

410 1955 420 1970 ‘
437 1947 704 1991 articulorum
718 1947 814 1990 fidei
834 1947 1168 2004 praedicatores!
1209 1946 1417 1989 Scmlerus
1433 1953 1572 1989 autem
1593 1947 1670 1989 hoc
1689 1961 1817 1990 anno-

410 2011 485 2054 tat,
508 2005 581 2048 sed
602 2005 735 2047 minus
755 2012 880 2056 recte,
903 2004 1073 2062 opinor.·‚
1108 2011 1118 2028 ‘
1137 2004 1298 2047 Graece
1316 2002 1578 2054 Ἀπόστολος,
1600 2004 1816 2047 nominati·
1829 2020 1881 2057 30

411 2071 420 2086 ‘
440 2078 525 2106 vus.
587 2062 744 2120 Rigalt.
765 2078 817 2106 ex
838 2062 1053 2120 Agobardi
1083 2061 1211 2104 libro:
1249 2063 1325 2106 Sic
1354 2064 1465 2105 enim
1486 2063 1718 2118 Apostolus
1746 2064 1817 2106 dc-

411 2128 420 2144 ‘
437 2123 527 2164 scri
539 2122 614 2164 asic
629 2120 719 2163 &cl

470 2136 575 2221 lbfd.
607 2178 634 2220 l.
658 2191 698 2235 5.
736 2178 789 2220 de
823 2177 995 2221 mortuis
1028 2176 1302 2234 suscitabant]
1335 2177 1455 2219 Hanc
1485 2176 1674 2219 editionis
1703 2177 1816 2234 prin-

409 2235 510 2293 cipis
531 2235 743 2279 lectionem
764 2235 965 2278 revocavi.
999 2235 1048 2277 In
1071 2234 1270 2278 Vaticano
1291 2235 1482 2277 exstabat
1499 2234 1650 2278 Codice
1670 2234 1814 2278 eadem

409 2293 628 2350 scriptura,
660 2293 817 2336 fatente
846 2292 1041 2344 Pamelio,
1073 2292 1137 2334 cui
1169 2298 1307 2334 tamen
1337 2291 1552 2334 antithesis
1586 2292 1815 2335 evidentior
1829 2302 1879 2341 35

412 2351 542 2409 magis
576 2350 778 2416 placebat,
810 2365 916 2416 quac
952 2350 993 2392 in
1031 2349 1205 2392 lectione
1243 2349 1470 2392 Geleniana
1510 2349 1589 2391 sita
1620 2356 1695 2399 est,
1734 2358 1744 2372 ‘
1762 2350 1815 2392 de

412 2416 422 2432 ‘
439 2415 611 2451 1110111118
633 2408 743 2450 vivos
766 2407 998 2450 faciebant)
1059 2405 1280 2450 Marcionis
1302 2406 1511 2450 Christum
1535 2406 1815 2450 Tertullianus

408 2466 467 2509 ait
498 2480 602 2517 esse,
621 2471 631 2490 ‘
644 2481 719 2509 nec
739 2474 1003 2508 mortuorum
1022 2466 1333 2514 stwcitatorem,
1353 2466 1428 2508 sed
1447 2466 1641 2507 vivorum
1660 2479 1814 2509 avoca—

410 2531 420 2548 ‘
438 2524 596 2575 torem}
626 2523 678 2566 de
701 2524 837 2566 Carne
860 2522 1028 2572 Christi,
1051 2537 1138 2579 cap.
1152 2533 1194 2578 5,
1216 2521 1309 2564 fine.

471 2581 573 2624 Ibid.
614 2581 639 2623 l.
676 2591 715 2635 7.
752 2580 804 2623 ad
846 2579 1189 2638 principalitatem
1230 2578 1408 2628 veritati,
1446 2585 1489 2621 ot
1528 2579 1811 2636 posteritatem
1828 2593 1879 2628 40

411 2638 671 2682 incudm-itati
703 2637 998 2695 deputandam,
1022 2652 1072 2679 ox
1104 2637 1211 2680 illius
1231 2637 1324 2691 &c.]
1349 2636 1490 2694 Vulgo
1511 2643 1676 2680 exstant
1705 2638 1814 2681 veri-

411 2698 529 2746 tatin,
551 2697 870 2746 mendacitatis,
891 2696 1232 2762 disputandam;
1266 2709 1406 2737 vorum
1437 2693 1558 2737 alitor
1585 2709 1629 2737 se
1659 2694 1813 2738 habent

410 2754 525 2796 editt.
566 2753 754 2796 Rhenani
797 2759 840 2796 et
882 2754 1009 2796 Parus.
1044 2752 1178 2810 prima
1216 2758 1259 2794 et
1301 2752 1479 2794 Franok.
1503 2758 1810 2809 ,praeterquam

410 2811 518 2853 «uod
554 2811 592 2853 111
635 2810 841 2867 prioribus
877 2810 1051 2867 positum
1088 2817 1152 2852 est
1191 2810 1400 2852 veritatis.
1464 2809 1634 2852 Notavit
1673 2814 1810 2852 autem

416 2829 628 2919 ibunt-lius,
668 2869 805 2924 legere
842 2883 885 2910 se
925 2882 973 2910 ox
1012 2867 1142 2910 Vatic.
1183 2867 1272 2909 MS.
1311 2865 1575 2908 conformiter
1613 2866 1810 2918 Quintino
1827 2878 1875 2915 45
