<?xml version="1.0" encoding="UTF-8"?>
<!DOCTYPE html PUBLIC "-//W3C//DTD XHTML 1.0 Transitional//EN"
    "http://www.w3.org/TR/xhtml1/DTD/xhtml1-transitional.dtd">
<html xmlns="http://www.w3.org/1999/xhtml" xml:lang="en" lang="en">
 <head>
  <title>
</title>
<meta http-equiv="Content-Type" content="text/html;charset=utf-8" />
  <meta name='ocr-system' content='tesseract 3.04.00' />
  <meta name='ocr-capabilities' content='ocr_page ocr_carea ocr_par ocr_line ocrx_word'/>
</head>
<body>
  <div class='ocr_page' id='page_1' title='image "./scriptorumeccles01rout_0043.png"; bbox 0 0 1988 3216; ppageno 0'>
   <div class='ocr_carea' id='block_1_1' title="bbox 479 236 1623 282">
    <p class='ocr_par' dir='ltr' id='par_1_1' title="bbox 479 236 1623 282">
     <span class='ocr_line' id='line_1_1' title="bbox 479 236 1623 282; baseline -0.004 0"><span class='ocrx_word' id='word_1_1' title='bbox 479 241 542 282; x_wconf 90' lang='lat' dir='ltr'>IN</span> <span class='ocrx_word' id='word_1_2' title='bbox 575 240 616 282; x_wconf 87' lang='lat' dir='ltr'>S.</span> <span class='ocrx_word' id='word_1_3' title='bbox 646 238 976 281; x_wconf 88' lang='lat' dir='ltr'>POLYCARPI</span> <span class='ocrx_word' id='word_1_4' title='bbox 1011 236 1359 279; x_wconf 85' lang='lat' dir='ltr'><strong>EPISTOLAM.</strong></span> <span class='ocrx_word' id='word_1_5' title='bbox 1566 237 1623 278; x_wconf 67' lang='lat'>27</span> 
     </span>
    </p>
   </div>
   <div class='ocr_carea' id='block_1_2' title="bbox 158 341 1633 2930">
    <p class='ocr_par' dir='ltr' id='par_1_2' title="bbox 158 341 1629 1148">
     <span class='ocr_line' id='line_1_2' title="bbox 215 341 1625 401; baseline -0.003 -15"><span class='ocrx_word' id='word_1_6' title='bbox 215 344 318 386; x_wconf 88' lang='lat' dir='ltr'>illud</span> <span class='ocrx_word' id='word_1_7' title='bbox 345 344 574 387; x_wconf 80' lang='grc' dir='ltr'>ἀναστάντα</span> <span class='ocrx_word' id='word_1_8' title='bbox 607 344 719 401; x_wconf 84' lang='lat' dir='ltr'>apud</span> <span class='ocrx_word' id='word_1_9' title='bbox 752 343 973 386; x_wconf 83' lang='lat' dir='ltr'>Eusebium</span> <span class='ocrx_word' id='word_1_10' title='bbox 1013 343 1244 385; x_wconf 83' lang='lat' dir='ltr'>afferuntur</span> <span class='ocrx_word' id='word_1_11' title='bbox 1284 342 1325 383; x_wconf 92' lang='lat' dir='ltr'>in</span> <span class='ocrx_word' id='word_1_12' title='bbox 1366 341 1472 383; x_wconf 88' lang='lat' dir='ltr'>libro</span> <span class='ocrx_word' id='word_1_13' title='bbox 1501 341 1625 382; x_wconf 81' lang='lat' dir='ltr'>tertio</span> 
     </span>
     <span class='ocr_line' id='line_1_3' title="bbox 191 402 657 458; baseline -0.002 -14"><span class='ocrx_word' id='word_1_14' title='bbox 191 448 198 457; x_wconf 36' lang='lat'><strong>¹</strong></span> <span class='ocrx_word' id='word_1_15' title='bbox 218 402 327 444; x_wconf 87' lang='lat' dir='ltr'>Hist.</span> <span class='ocrx_word' id='word_1_16' title='bbox 351 402 459 444; x_wconf 87' lang='lat' dir='ltr'>Eccl.</span> <span class='ocrx_word' id='word_1_17' title='bbox 482 417 570 458; x_wconf 85' lang='lat' dir='ltr'>cap.</span> <span class='ocrx_word' id='word_1_18' title='bbox 589 405 657 457; x_wconf 86' lang='lat'><strong>36.</strong></span> 
     </span>
     <span class='ocr_line' id='line_1_4' title="bbox 276 454 1627 514; baseline -0.004 -13"><span class='ocrx_word' id='word_1_19' title='bbox 276 460 322 501; x_wconf 91' lang='lat' dir='ltr'>P.</span> <span class='ocrx_word' id='word_1_20' title='bbox 351 472 414 514; x_wconf 88' lang='lat'>17.</span> <span class='ocrx_word' id='word_1_21' title='bbox 446 459 472 501; x_wconf 94' lang='lat' dir='ltr'>l.</span> <span class='ocrx_word' id='word_1_22' title='bbox 494 473 558 501; x_wconf 88' lang='lat'>12.</span> <span class='ocrx_word' id='word_1_23' title='bbox 589 459 639 511; x_wconf 79' lang='grc' dir='ltr'>ἣν</span> <span class='ocrx_word' id='word_1_24' title='bbox 669 460 732 501; x_wconf 81' lang='grc' dir='ltr'>καὶ</span> <span class='ocrx_word' id='word_1_25' title='bbox 761 461 863 501; x_wconf 78' lang='grc' dir='ltr'>ἴδετε</span> <span class='ocrx_word' id='word_1_26' title='bbox 894 455 975 499; x_wconf 87' lang='grc' dir='ltr'>κατ’</span> <span class='ocrx_word' id='word_1_27' title='bbox 998 455 1252 512; x_wconf 82' lang='grc' dir='ltr'>ὀφθαλμοὺς]</span> <span class='ocrx_word' id='word_1_28' title='bbox 1287 454 1536 497; x_wconf 85' lang='lat' dir='ltr'>Particulam</span> <span class='ocrx_word' id='word_1_29' title='bbox 1564 456 1627 495; x_wconf 86' lang='grc' dir='ltr'>καὶ</span> 
     </span>
     <span class='ocr_line' id='line_1_5' title="bbox 216 512 1626 572; baseline -0.004 -14"><span class='ocrx_word' id='word_1_30' title='bbox 216 531 269 558; x_wconf 85' lang='lat' dir='ltr'>ex</span> <span class='ocrx_word' id='word_1_31' title='bbox 302 517 452 558; x_wconf 84' lang='lat' dir='ltr'>Codice</span> <span class='ocrx_word' id='word_1_32' title='bbox 484 516 722 558; x_wconf 81' lang='lat' dir='ltr'><strong>Florentino</strong></span> <span class='ocrx_word' id='word_1_33' title='bbox 749 514 948 572; x_wconf 84' lang='lat' dir='ltr'>supplevi,</span> <span class='ocrx_word' id='word_1_34' title='bbox 983 514 1026 556; x_wconf 92' lang='lat' dir='ltr'>in</span> <span class='ocrx_word' id='word_1_35' title='bbox 1061 529 1143 570; x_wconf 93' lang='lat' dir='ltr'>quo</span> <span class='ocrx_word' id='word_1_36' title='bbox 1173 520 1326 564; x_wconf 87' lang='lat' dir='ltr'>tamen,</span> <span class='ocrx_word' id='word_1_37' title='bbox 1356 519 1480 569; x_wconf 90' lang='lat' dir='ltr'>prout</span> <span class='ocrx_word' id='word_1_38' title='bbox 1515 512 1626 568; x_wconf 91' lang='lat' dir='ltr'>apud</span> 
     </span>
     <span class='ocr_line' id='line_1_6' title="bbox 180 569 1629 630; baseline -0.004 -14"><span class='ocrx_word' id='word_1_39' title='bbox 180 573 455 626; x_wconf 84' lang='lat' dir='ltr'>5Eusebium,</span> <span class='ocrx_word' id='word_1_40' title='bbox 492 576 614 616; x_wconf 80' lang='grc' dir='ltr'>εἴδετε</span> <span class='ocrx_word' id='word_1_41' title='bbox 634 589 711 630; x_wconf 85' lang='lat' dir='ltr'>pro</span> <span class='ocrx_word' id='word_1_42' title='bbox 742 575 844 615; x_wconf 79' lang='grc' dir='ltr'>ἴδετε</span> <span class='ocrx_word' id='word_1_43' title='bbox 883 571 1080 628; x_wconf 87' lang='lat' dir='ltr'>scriptum</span> <span class='ocrx_word' id='word_1_44' title='bbox 1115 578 1204 622; x_wconf 89' lang='lat' dir='ltr'>est;</span> <span class='ocrx_word' id='word_1_45' title='bbox 1240 570 1432 626; x_wconf 83' lang='lat' dir='ltr'>idemque</span> <span class='ocrx_word' id='word_1_46' title='bbox 1467 569 1508 611; x_wconf 91' lang='lat' dir='ltr'>in</span> <span class='ocrx_word' id='word_1_47' title='bbox 1542 569 1629 611; x_wconf 89' lang='lat' dir='ltr'>edi-</span> 
     </span>
     <span class='ocr_line' id='line_1_7' title="bbox 218 626 1628 688; baseline -0.004 -16"><span class='ocrx_word' id='word_1_48' title='bbox 218 631 328 673; x_wconf 85' lang='lat' dir='ltr'>tione</span> <span class='ocrx_word' id='word_1_49' title='bbox 359 645 434 672; x_wconf 84' lang='lat' dir='ltr'>sua</span> <span class='ocrx_word' id='word_1_50' title='bbox 453 631 589 687; x_wconf 82' lang='lat' dir='ltr'>posuit</span> <span class='ocrx_word' id='word_1_51' title='bbox 611 632 909 688; x_wconf 76' lang='lat' dir='ltr'>Lemoynaeus,</span> <span class='ocrx_word' id='word_1_52' title='bbox 931 630 1035 671; x_wconf 90' lang='lat' dir='ltr'>sicut</span> <span class='ocrx_word' id='word_1_53' title='bbox 1061 637 1159 672; x_wconf 90' lang='lat' dir='ltr'>ante</span> <span class='ocrx_word' id='word_1_54' title='bbox 1185 643 1278 670; x_wconf 89' lang='lat' dir='ltr'>eum</span> <span class='ocrx_word' id='word_1_55' title='bbox 1301 627 1523 675; x_wconf 88' lang='lat' dir='ltr'>Maderus;</span> <span class='ocrx_word' id='word_1_56' title='bbox 1555 626 1628 668; x_wconf 89' lang='lat' dir='ltr'>sed</span> 
     </span>
     <span class='ocr_line' id='line_1_8' title="bbox 217 687 1627 745; baseline -0.004 -13"><span class='ocrx_word' id='word_1_57' title='bbox 217 689 466 732; x_wconf 88' lang='lat' dir='ltr'>adversante</span> <span class='ocrx_word' id='word_1_58' title='bbox 488 689 838 745; x_wconf 66' lang='lat' dir='ltr'>lutei-pretatione</span> <span class='ocrx_word' id='word_1_59' title='bbox 859 696 1012 735; x_wconf 87' lang='lat' dir='ltr'>vetere,</span> <span class='ocrx_word' id='word_1_60' title='bbox 1034 701 1141 743; x_wconf 81' lang='lat' dir='ltr'>quae</span> <span class='ocrx_word' id='word_1_61' title='bbox 1163 687 1300 734; x_wconf 85' lang='lat' dir='ltr'>habet,</span> <span class='ocrx_word' id='word_1_62' title='bbox 1319 699 1450 740; x_wconf 82' lang='lat' dir='ltr'>quam</span> <span class='ocrx_word' id='word_1_63' title='bbox 1471 693 1511 727; x_wconf 78' lang='lat' dir='ltr'>et</span> <span class='ocrx_word' id='word_1_64' title='bbox 1531 699 1627 726; x_wconf 82' lang='lat' dir='ltr'>ocu-</span> 
     </span>
     <span class='ocr_line' id='line_1_9' title="bbox 219 741 1627 802; baseline -0.004 -14"><span class='ocrx_word' id='word_1_65' title='bbox 219 747 315 788; x_wconf 73' lang='lat' dir='ltr'>lata</span> <span class='ocrx_word' id='word_1_66' title='bbox 332 747 423 801; x_wconf 81' lang='lat' dir='ltr'>fide</span> <span class='ocrx_word' id='word_1_67' title='bbox 443 747 630 788; x_wconf 70' lang='lat' dir='ltr'>vidistis.</span> <span class='ocrx_word' id='word_1_68' title='bbox 691 747 823 788; x_wconf 84' lang='lat' dir='ltr'>Porro</span> <span class='ocrx_word' id='word_1_69' title='bbox 853 744 1094 802; x_wconf 76' lang='lat' dir='ltr'>particulam</span> <span class='ocrx_word' id='word_1_70' title='bbox 1124 753 1175 793; x_wconf 77' lang='lat' dir='ltr'>et,</span> <span class='ocrx_word' id='word_1_71' title='bbox 1197 758 1320 800; x_wconf 85' lang='lat' dir='ltr'>quam</span> <span class='ocrx_word' id='word_1_72' title='bbox 1346 741 1475 784; x_wconf 86' lang='lat' dir='ltr'>nescit</span> <span class='ocrx_word' id='word_1_73' title='bbox 1506 742 1627 798; x_wconf 89' lang='lat' dir='ltr'>hujus</span> 
     </span>
     <span class='ocr_line' id='line_1_10' title="bbox 218 800 1628 860; baseline -0.004 -14"><span class='ocrx_word' id='word_1_74' title='bbox 218 803 573 860; x_wconf 80' lang='lat' dir='ltr'>interpretationis</span> <span class='ocrx_word' id='word_1_75' title='bbox 603 804 730 846; x_wconf 87' lang='lat' dir='ltr'>editio</span> <span class='ocrx_word' id='word_1_76' title='bbox 758 803 961 860; x_wconf 84' lang='lat' dir='ltr'>princeps,</span> <span class='ocrx_word' id='word_1_77' title='bbox 993 807 1134 844; x_wconf 86' lang='lat' dir='ltr'>tuetur</span> <span class='ocrx_word' id='word_1_78' title='bbox 1165 801 1294 844; x_wconf 88' lang='lat' dir='ltr'>codex</span> <span class='ocrx_word' id='word_1_79' title='bbox 1328 800 1420 843; x_wconf 88' lang='lat' dir='ltr'>MS.</span> <span class='ocrx_word' id='word_1_80' title='bbox 1452 800 1628 856; x_wconf 84' lang='lat' dir='ltr'>Magda-</span> 
     </span>
     <span class='ocr_line' id='line_1_11' title="bbox 158 857 1628 918; baseline -0.003 -16"><span class='ocrx_word' id='word_1_81' title='bbox 158 860 408 909; x_wconf 87' lang='lat' dir='ltr'>1olenensis‚</span> <span class='ocrx_word' id='word_1_82' title='bbox 429 860 499 917; x_wconf 91' lang='lat' dir='ltr'>qui</span> <span class='ocrx_word' id='word_1_83' title='bbox 522 861 743 918; x_wconf 88' lang='lat' dir='ltr'>Polycarpi</span> <span class='ocrx_word' id='word_1_84' title='bbox 775 860 1001 902; x_wconf 85' lang='lat' dir='ltr'>versionem</span> <span class='ocrx_word' id='word_1_85' title='bbox 1034 859 1224 902; x_wconf 84' lang='lat' dir='ltr'>Latinam</span> <span class='ocrx_word' id='word_1_86' title='bbox 1255 858 1448 900; x_wconf 90' lang='lat' dir='ltr'>continet.</span> <span class='ocrx_word' id='word_1_87' title='bbox 1511 857 1628 899; x_wconf 86' lang='lat' dir='ltr'>Haec</span> 
     </span>
     <span class='ocr_line' id='line_1_12' title="bbox 218 914 1628 975; baseline -0.003 -15"><span class='ocrx_word' id='word_1_88' title='bbox 218 918 313 960; x_wconf 89' lang='lat' dir='ltr'>olim</span> <span class='ocrx_word' id='word_1_89' title='bbox 344 932 436 975; x_wconf 89' lang='lat' dir='ltr'>ego.</span> <span class='ocrx_word' id='word_1_90' title='bbox 495 919 617 960; x_wconf 89' lang='lat' dir='ltr'>Nunc</span> <span class='ocrx_word' id='word_1_91' title='bbox 647 925 824 961; x_wconf 85' lang='lat' dir='ltr'>testatur</span> <span class='ocrx_word' id='word_1_92' title='bbox 856 917 1126 967; x_wconf 82' lang='lat' dir='ltr'>Jacobsonus,</span> <span class='ocrx_word' id='word_1_93' title='bbox 1158 924 1245 960; x_wconf 84' lang='lat' dir='ltr'>tres</span> <span class='ocrx_word' id='word_1_94' title='bbox 1280 930 1374 957; x_wconf 87' lang='lat' dir='ltr'>suos</span> <span class='ocrx_word' id='word_1_95' title='bbox 1407 914 1628 972; x_wconf 82' lang='lat' dir='ltr'>Polycarpi</span> 
     </span>
     <span class='ocr_line' id='line_1_13' title="bbox 220 972 1628 1031; baseline -0.004 -12"><span class='ocrx_word' id='word_1_96' title='bbox 220 975 392 1019; x_wconf 83' lang='lat' dir='ltr'>Codices</span> <span class='ocrx_word' id='word_1_97' title='bbox 412 976 627 1018; x_wconf 89' lang='lat' dir='ltr'>lectionem</span> <span class='ocrx_word' id='word_1_98' title='bbox 647 976 697 1028; x_wconf 88' lang='grc' dir='ltr'>ἣν</span> <span class='ocrx_word' id='word_1_99' title='bbox 719 976 780 1017; x_wconf 86' lang='grc' dir='ltr'>καὶ</span> <span class='ocrx_word' id='word_1_100' title='bbox 799 978 902 1017; x_wconf 82' lang='grc' dir='ltr'>ἴδετε</span> <span class='ocrx_word' id='word_1_101' title='bbox 930 981 1157 1031; x_wconf 84' lang='lat' dir='ltr'>praestare,</span> <span class='ocrx_word' id='word_1_102' title='bbox 1179 975 1277 1016; x_wconf 93' lang='lat' dir='ltr'>dum</span> <span class='ocrx_word' id='word_1_103' title='bbox 1305 979 1444 1015; x_wconf 87' lang='lat' dir='ltr'>tamen</span> <span class='ocrx_word' id='word_1_104' title='bbox 1473 972 1515 1014; x_wconf 87' lang='lat' dir='ltr'>in</span> <span class='ocrx_word' id='word_1_105' title='bbox 1547 986 1628 1014; x_wconf 92' lang='lat' dir='ltr'>uno</span> 
     </span>
     <span class='ocr_line' id='line_1_14' title="bbox 218 1030 1627 1089; baseline -0.003 -14"><span class='ocrx_word' id='word_1_106' title='bbox 218 1048 374 1082; x_wconf 86' lang='lat' dir='ltr'>eorum,</span> <span class='ocrx_word' id='word_1_107' title='bbox 395 1033 462 1075; x_wconf 91' lang='lat' dir='ltr'>hic</span> <span class='ocrx_word' id='word_1_108' title='bbox 493 1040 556 1076; x_wconf 90' lang='lat' dir='ltr'>est</span> <span class='ocrx_word' id='word_1_109' title='bbox 587 1034 679 1076; x_wconf 83' lang='lat' dir='ltr'><strong>MS.</strong></span> <span class='ocrx_word' id='word_1_110' title='bbox 703 1033 939 1081; x_wconf 84' lang='lat' dir='ltr'>Vaticanus,</span> <span class='ocrx_word' id='word_1_111' title='bbox 961 1032 1156 1089; x_wconf 80' lang='lat' dir='ltr'>scriptum</span> <span class='ocrx_word' id='word_1_112' title='bbox 1188 1039 1252 1074; x_wconf 89' lang='lat' dir='ltr'>est</span> <span class='ocrx_word' id='word_1_113' title='bbox 1281 1030 1476 1072; x_wconf 87' lang='lat' dir='ltr'>mendose</span> <span class='ocrx_word' id='word_1_114' title='bbox 1506 1032 1627 1072; x_wconf 78' lang='grc' dir='ltr'>ἵδατε.</span> 
     </span>
     <span class='ocr_line' id='line_1_15' title="bbox 221 1087 1627 1148; baseline -0.003 -15"><span class='ocrx_word' id='word_1_115' title='bbox 221 1091 332 1143; x_wconf 84' lang='lat' dir='ltr'>Quin</span> <span class='ocrx_word' id='word_1_116' title='bbox 363 1090 487 1133; x_wconf 86' lang='lat' dir='ltr'>etiam</span> <span class='ocrx_word' id='word_1_117' title='bbox 518 1091 629 1148; x_wconf 89' lang='lat' dir='ltr'>apud</span> <span class='ocrx_word' id='word_1_118' title='bbox 651 1090 887 1139; x_wconf 88' lang='lat' dir='ltr'>Eusebium,</span> <span class='ocrx_word' id='word_1_119' title='bbox 909 1090 979 1146; x_wconf 87' lang='lat' dir='ltr'>qui</span> <span class='ocrx_word' id='word_1_120' title='bbox 1009 1090 1136 1132; x_wconf 86' lang='lat' dir='ltr'>verba</span> <span class='ocrx_word' id='word_1_121' title='bbox 1165 1088 1353 1137; x_wconf 84' lang='lat' dir='ltr'>adduxit,</span> <span class='ocrx_word' id='word_1_122' title='bbox 1375 1095 1462 1130; x_wconf 90' lang='lat' dir='ltr'>tum</span> <span class='ocrx_word' id='word_1_123' title='bbox 1486 1087 1627 1130; x_wconf 82' lang='lat' dir='ltr'>Codex</span> 
     </span>
    </p>

    <p class='ocr_par' dir='ltr' id='par_1_3' title="bbox 159 1147 1630 1363">
     <span class='ocr_line' id='line_1_16' title="bbox 159 1147 1629 1205; baseline -0.002 -16"><span class='ocrx_word' id='word_1_124' title='bbox 159 1162 205 1200; x_wconf 89' lang='lat'>15</span> <span class='ocrx_word' id='word_1_125' title='bbox 222 1148 462 1190; x_wconf 75' lang='lat' dir='ltr'>parisiensis</span> <span class='ocrx_word' id='word_1_126' title='bbox 496 1149 802 1205; x_wconf 87' lang='lat' dir='ltr'>antiquissimus</span> <span class='ocrx_word' id='word_1_127' title='bbox 841 1150 944 1190; x_wconf 81' lang='grc' dir='ltr'>ἴδετε</span> <span class='ocrx_word' id='word_1_128' title='bbox 983 1162 1009 1189; x_wconf 90' lang='lat' dir='ltr'>a</span> <span class='ocrx_word' id='word_1_129' title='bbox 1050 1147 1182 1203; x_wconf 87' lang='lat' dir='ltr'>prima</span> <span class='ocrx_word' id='word_1_130' title='bbox 1223 1161 1361 1196; x_wconf 87' lang='lat' dir='ltr'>manu,</span> <span class='ocrx_word' id='word_1_131' title='bbox 1403 1154 1489 1188; x_wconf 89' lang='lat' dir='ltr'>tum</span> <span class='ocrx_word' id='word_1_132' title='bbox 1531 1159 1629 1186; x_wconf 89' lang='lat' dir='ltr'>vero</span> 
     </span>
     <span class='ocr_line' id='line_1_17' title="bbox 222 1203 1628 1260; baseline -0.003 -12"><span class='ocrx_word' id='word_1_133' title='bbox 222 1207 363 1249; x_wconf 88' lang='lat' dir='ltr'>Codex</span> <span class='ocrx_word' id='word_1_134' title='bbox 399 1206 694 1248; x_wconf 83' lang='lat' dir='ltr'>Norfolciensis</span> <span class='ocrx_word' id='word_1_135' title='bbox 728 1206 770 1247; x_wconf 91' lang='lat' dir='ltr'>in</span> <span class='ocrx_word' id='word_1_136' title='bbox 807 1206 952 1246; x_wconf 90' lang='lat' dir='ltr'>Museo</span> <span class='ocrx_word' id='word_1_137' title='bbox 999 1204 1237 1246; x_wconf 87' lang='lat' dir='ltr'>Britannico</span> <span class='ocrx_word' id='word_1_138' title='bbox 1277 1203 1480 1260; x_wconf 85' lang='lat' dir='ltr'>repositus</span> <span class='ocrx_word' id='word_1_139' title='bbox 1520 1203 1628 1244; x_wconf 88' lang='lat' dir='ltr'>idem</span> 
     </span>
     <span class='ocr_line' id='line_1_18' title="bbox 219 1260 1630 1320; baseline -0.003 -15"><span class='ocrx_word' id='word_1_140' title='bbox 219 1264 388 1306; x_wconf 86' lang='lat' dir='ltr'>habent.</span> <span class='ocrx_word' id='word_1_141' title='bbox 453 1264 575 1314; x_wconf 86' lang='lat' dir='ltr'>Quod</span> <span class='ocrx_word' id='word_1_142' title='bbox 602 1263 764 1320; x_wconf 90' lang='lat' dir='ltr'>quidem</span> <span class='ocrx_word' id='word_1_143' title='bbox 797 1278 849 1304; x_wconf 84' lang='lat' dir='ltr'>ex</span> <span class='ocrx_word' id='word_1_144' title='bbox 882 1277 1040 1318; x_wconf 83' lang='lat' dir='ltr'>nupera</span> <span class='ocrx_word' id='word_1_145' title='bbox 1065 1262 1244 1304; x_wconf 87' lang='lat' dir='ltr'>editione</span> <span class='ocrx_word' id='word_1_146' title='bbox 1267 1261 1340 1302; x_wconf 85' lang='lat' dir='ltr'>viri</span> <span class='ocrx_word' id='word_1_147' title='bbox 1367 1260 1630 1302; x_wconf 83' lang='lat' dir='ltr'>desideratis-</span> 
     </span>
     <span class='ocr_line' id='line_1_19' title="bbox 219 1320 940 1363; baseline -0.004 -1"><span class='ocrx_word' id='word_1_148' title='bbox 219 1321 310 1363; x_wconf 88' lang='lat' dir='ltr'>simi</span> <span class='ocrx_word' id='word_1_149' title='bbox 333 1321 517 1363; x_wconf 85' lang='lat' dir='ltr'>Edvardi</span> <span class='ocrx_word' id='word_1_150' title='bbox 539 1321 714 1363; x_wconf 88' lang='lat' dir='ltr'>Burtoni</span> <span class='ocrx_word' id='word_1_151' title='bbox 736 1320 940 1362; x_wconf 87' lang='lat' dir='ltr'>discimus.</span> 
     </span>
    </p>

    <p class='ocr_par' dir='ltr' id='par_1_4' title="bbox 279 1375 1630 1434">
     <span class='ocr_line' id='line_1_20' title="bbox 279 1375 1630 1434; baseline -0.003 -14"><span class='ocrx_word' id='word_1_152' title='bbox 279 1378 387 1420; x_wconf 90' lang='lat' dir='ltr'>Ibid.</span> <span class='ocrx_word' id='word_1_153' title='bbox 422 1378 449 1420; x_wconf 92' lang='lat' dir='ltr'>l.</span> <span class='ocrx_word' id='word_1_154' title='bbox 487 1392 548 1434; x_wconf 85' lang='lat'><strong>13.</strong></span> <span class='ocrx_word' id='word_1_155' title='bbox 592 1379 656 1420; x_wconf 85' lang='grc' dir='ltr'>καὶ</span> <span class='ocrx_word' id='word_1_156' title='bbox 705 1378 873 1433; x_wconf 81' lang='grc' dir='ltr'>Ζωσίμῳ</span> <span class='ocrx_word' id='word_1_157' title='bbox 920 1378 983 1418; x_wconf 80' lang='grc' dir='ltr'>καὶ</span> <span class='ocrx_word' id='word_1_158' title='bbox 1024 1375 1198 1431; x_wconf 84' lang='grc' dir='ltr'>Ῥούφῳ]</span> <span class='ocrx_word' id='word_1_159' title='bbox 1243 1375 1403 1417; x_wconf 85' lang='lat' dir='ltr'>Iudicat</span> <span class='ocrx_word' id='word_1_160' title='bbox 1445 1375 1630 1417; x_wconf 82' lang='lat' dir='ltr'>Smithus</span> 
     </span>
    </p>

    <p class='ocr_par' dir='ltr' id='par_1_5' title="bbox 158 1433 1632 1722">
     <span class='ocr_line' id='line_1_21' title="bbox 158 1433 1630 1493; baseline -0.003 -16"><span class='ocrx_word' id='word_1_161' title='bbox 158 1451 208 1477; x_wconf 85' lang='lat'>20</span> <span class='ocrx_word' id='word_1_162' title='bbox 222 1435 570 1493; x_wconf 78' lang='lat' dir='ltr'>Martyrologium</span> <span class='ocrx_word' id='word_1_163' title='bbox 611 1437 842 1477; x_wconf 86' lang='lat' dir='ltr'>Romanum</span> <span class='ocrx_word' id='word_1_164' title='bbox 883 1434 937 1476; x_wconf 88' lang='lat' dir='ltr'>ad</span> <span class='ocrx_word' id='word_1_165' title='bbox 973 1447 1092 1475; x_wconf 81' lang='lat' dir='ltr'>xviu.</span> <span class='ocrx_word' id='word_1_166' title='bbox 1130 1433 1384 1481; x_wconf 78' lang='lat' dir='ltr'>Decembris,</span> <span class='ocrx_word' id='word_1_167' title='bbox 1422 1433 1492 1474; x_wconf 91' lang='lat' dir='ltr'>ubi</span> <span class='ocrx_word' id='word_1_168' title='bbox 1529 1433 1630 1474; x_wconf 81' lang='lat' dir='ltr'>haec</span> 
     </span>
     <span class='ocr_line' id='line_1_22' title="bbox 221 1492 1631 1550; baseline -0.003 -15"><span class='ocrx_word' id='word_1_169' title='bbox 221 1493 354 1550; x_wconf 88' lang='lat' dir='ltr'>posita</span> <span class='ocrx_word' id='word_1_170' title='bbox 383 1500 507 1536; x_wconf 88' lang='lat' dir='ltr'>sunt:</span> <span class='ocrx_word' id='word_1_171' title='bbox 552 1494 779 1549; x_wconf 74' lang='lat' dir='ltr'>Philippis</span> <span class='ocrx_word' id='word_1_172' title='bbox 808 1494 855 1534; x_wconf 84' lang='lat' dir='ltr'>in</span> <span class='ocrx_word' id='word_1_173' title='bbox 886 1493 1160 1540; x_wconf 70' lang='lat' dir='ltr'>Macedonia,</span> <span class='ocrx_word' id='word_1_174' title='bbox 1189 1492 1356 1533; x_wconf 69' lang='lat' dir='ltr'>natalis</span> <span class='ocrx_word' id='word_1_175' title='bbox 1384 1498 1631 1532; x_wconf 68' lang='lat' dir='ltr'>sanctorum</span> 
     </span>
     <span class='ocr_line' id='line_1_23' title="bbox 220 1548 1631 1608; baseline -0.004 -14"><span class='ocrx_word' id='word_1_176' title='bbox 220 1552 472 1606; x_wconf 77' lang='lat' dir='ltr'>Martyrum</span> <span class='ocrx_word' id='word_1_177' title='bbox 486 1553 601 1608; x_wconf 82' lang='lat' dir='ltr'>Ruffi</span> <span class='ocrx_word' id='word_1_178' title='bbox 621 1559 660 1593; x_wconf 77' lang='lat' dir='ltr'>et</span> <span class='ocrx_word' id='word_1_179' title='bbox 682 1551 871 1598; x_wconf 56' lang='grc' dir='ltr'><strong><em>206477τί,-</em></strong></span> <span class='ocrx_word' id='word_1_180' title='bbox 903 1551 980 1606; x_wconf 80' lang='lat' dir='ltr'>qui</span> <span class='ocrx_word' id='word_1_181' title='bbox 999 1564 1050 1591; x_wconf 65' lang='lat' dir='ltr'>em</span> <span class='ocrx_word' id='word_1_182' title='bbox 1069 1563 1114 1590; x_wconf 90' lang='lat' dir='ltr'>eo</span> <span class='ocrx_word' id='word_1_183' title='bbox 1130 1564 1302 1590; x_wconf 66' lang='lat' dir='ltr'>nurnero</span> <span class='ocrx_word' id='word_1_184' title='bbox 1317 1548 1631 1603; x_wconf 70' lang='lat' dir='ltr'>discipulorum</span> 
     </span>
     <span class='ocr_line' id='line_1_24' title="bbox 208 1607 1631 1665; baseline -0.003 -14"><span class='ocrx_word' id='word_1_185' title='bbox 208 1611 407 1665; x_wconf 80' lang='lat' dir='ltr'>suerunt,</span> <span class='ocrx_word' id='word_1_186' title='bbox 422 1624 505 1665; x_wconf 81' lang='lat' dir='ltr'>per</span> <span class='ocrx_word' id='word_1_187' title='bbox 524 1623 628 1665; x_wconf 76' lang='lat' dir='ltr'>quos</span> <span class='ocrx_word' id='word_1_188' title='bbox 642 1610 877 1665; x_wconf 74' lang='lat' dir='ltr'>primitiva</span> <span class='ocrx_word' id='word_1_189' title='bbox 897 1608 1096 1649; x_wconf 73' lang='lat' dir='ltr'>Ecclesia</span> <span class='ocrx_word' id='word_1_190' title='bbox 1117 1608 1164 1648; x_wconf 80' lang='lat' dir='ltr'>in</span> <span class='ocrx_word' id='word_1_191' title='bbox 1184 1608 1371 1648; x_wconf 72' lang='lat' dir='ltr'>Judaeis</span> <span class='ocrx_word' id='word_1_192' title='bbox 1391 1614 1430 1648; x_wconf 78' lang='lat' dir='ltr'>et</span> <span class='ocrx_word' id='word_1_193' title='bbox 1450 1607 1631 1647; x_wconf 71' lang='lat' dir='ltr'>Graecis</span> 
     </span>
     <span class='ocr_line' id='line_1_25' title="bbox 208 1664 1632 1722; baseline -0.004 -13"><span class='ocrx_word' id='word_1_194' title='bbox 208 1667 412 1722; x_wconf 74' lang='lat' dir='ltr'>fandata</span> <span class='ocrx_word' id='word_1_195' title='bbox 432 1675 492 1709; x_wconf 75' lang='lat' dir='ltr'>est</span> <span class='ocrx_word' id='word_1_196' title='bbox 503 1682 519 1715; x_wconf 88' lang='lat'><em>;</em></span> <span class='ocrx_word' id='word_1_197' title='bbox 550 1666 600 1708; x_wconf 88' lang='lat' dir='ltr'>de</span> <span class='ocrx_word' id='word_1_198' title='bbox 620 1681 800 1722; x_wconf 77' lang='lat' dir='ltr'>quorum</span> <span class='ocrx_word' id='word_1_199' title='bbox 820 1667 953 1707; x_wconf 81' lang='lat' dir='ltr'>etiam</span> <span class='ocrx_word' id='word_1_200' title='bbox 965 1665 1098 1720; x_wconf 83' lang='lat' dir='ltr'>felici</span> <span class='ocrx_word' id='word_1_201' title='bbox 1117 1679 1252 1719; x_wconf 73' lang='lat' dir='ltr'>ayone</span> <span class='ocrx_word' id='word_1_202' title='bbox 1271 1664 1423 1706; x_wconf 70' lang='lat' dir='ltr'>scribit</span> <span class='ocrx_word' id='word_1_203' title='bbox 1444 1664 1632 1705; x_wconf 71' lang='lat' dir='ltr'>Sanetus</span> 
     </span>
    </p>

    <p class='ocr_par' dir='ltr' id='par_1_6' title="bbox 158 1720 1629 1834">
     <span class='ocr_line' id='line_1_26' title="bbox 158 1720 1629 1780; baseline -0.001 -17"><span class='ocrx_word' id='word_1_204' title='bbox 158 1735 208 1774; x_wconf 80' lang='lat'>25</span> <span class='ocrx_word' id='word_1_205' title='bbox 223 1725 495 1780; x_wconf 73' lang='lat' dir='ltr'>Polycarpus</span> <span class='ocrx_word' id='word_1_206' title='bbox 513 1725 561 1767; x_wconf 83' lang='lat' dir='ltr'>in</span> <span class='ocrx_word' id='word_1_207' title='bbox 575 1724 780 1780; x_wconf 76' lang='lat' dir='ltr'>Epistola</span> <span class='ocrx_word' id='word_1_208' title='bbox 799 1724 862 1765; x_wconf 83' lang='lat' dir='ltr'>ad</span> <span class='ocrx_word' id='word_1_209' title='bbox 882 1723 1195 1778; x_wconf 65' lang='lat' dir='ltr'>Philippenses.</span> <span class='ocrx_word' id='word_1_210' title='bbox 1218 1737 1258 1779; x_wconf 90' lang='lat' dir='ltr'>p.</span> <span class='ocrx_word' id='word_1_211' title='bbox 1271 1735 1296 1778; x_wconf 87' lang='lat'><em>3</em></span> <span class='ocrx_word' id='word_1_212' title='bbox 1309 1735 1370 1774; x_wconf 90' lang='lat'>¹4·</span> <span class='ocrx_word' id='word_1_213' title='bbox 1385 1721 1483 1762; x_wconf 88' lang='lat' dir='ltr'>edit.</span> <span class='ocrx_word' id='word_1_214' title='bbox 1500 1720 1629 1762; x_wconf 77' lang='lat' dir='ltr'>Paris.</span> 
     </span>
     <span class='ocr_line' id='line_1_27' title="bbox 222 1783 431 1834; baseline -0.005 -10"><span class='ocrx_word' id='word_1_215' title='bbox 222 1796 288 1824; x_wconf 86' lang='lat' dir='ltr'>an.</span> <span class='ocrx_word' id='word_1_216' title='bbox 309 1795 323 1823; x_wconf 89' lang='lat'>1</span> <span class='ocrx_word' id='word_1_217' title='bbox 363 1783 431 1834; x_wconf 83' lang='lat'><strong>84.</strong></span> 
     </span>
    </p>

    <p class='ocr_par' dir='ltr' id='par_1_7' title="bbox 224 1795 1630 2009">
     <span class='ocr_line' id='line_1_28' title="bbox 283 1795 1630 1892; baseline -0.002 -12"><span class='ocrx_word' id='word_1_218' title='bbox 283 1795 390 1881; x_wconf 71' lang='lat' dir='ltr'>Ibi5d.</span> <span class='ocrx_word' id='word_1_219' title='bbox 425 1840 532 1882; x_wconf 77' lang='grc' dir='ltr'>ἀλλὰ</span> <span class='ocrx_word' id='word_1_220' title='bbox 568 1839 631 1881; x_wconf 87' lang='grc' dir='ltr'>καὶ</span> <span class='ocrx_word' id='word_1_221' title='bbox 667 1840 711 1880; x_wconf 80' lang='grc' dir='ltr'>ἐν</span> <span class='ocrx_word' id='word_1_222' title='bbox 745 1840 885 1882; x_wconf 79' lang='grc' dir='ltr'>ἄλλοις</span> <span class='ocrx_word' id='word_1_223' title='bbox 923 1842 1005 1880; x_wconf 83' lang='grc' dir='ltr'>τοῖς</span> <span class='ocrx_word' id='word_1_224' title='bbox 1046 1839 1087 1889; x_wconf 73' lang='grc' dir='ltr'>ἐξ·</span> <span class='ocrx_word' id='word_1_225' title='bbox 1127 1836 1257 1892; x_wconf 83' lang='grc' dir='ltr'>ὑμῶν]</span> <span class='ocrx_word' id='word_1_226' title='bbox 1294 1844 1302 1859; x_wconf 93' lang='lat'>‘</span> <span class='ocrx_word' id='word_1_227' title='bbox 1328 1837 1395 1878; x_wconf 85' lang='lat' dir='ltr'>Ita</span> <span class='ocrx_word' id='word_1_228' title='bbox 1430 1835 1630 1878; x_wconf 85' lang='lat' dir='ltr'>hodierna</span> 
     </span>
     <span class='ocr_line' id='line_1_29' title="bbox 224 1893 1630 1962; baseline -0.003 -23"><span class='ocrx_word' id='word_1_229' title='bbox 224 1904 233 1920; x_wconf 79' lang='lat'><em>⁴</em></span> <span class='ocrx_word' id='word_1_230' title='bbox 257 1897 434 1952; x_wconf 74' lang='lat' dir='ltr'>Polycar</span> <span class='ocrx_word' id='word_1_231' title='bbox 466 1897 478 1938; x_wconf 92' lang='lat' dir='ltr'>i</span> <span class='ocrx_word' id='word_1_232' title='bbox 509 1896 763 1962; x_wconf 83' lang='lat' dir='ltr'>exemplaria</span> <span class='ocrx_word' id='word_1_233' title='bbox 796 1902 839 1938; x_wconf 91' lang='lat' dir='ltr'>et</span> <span class='ocrx_word' id='word_1_234' title='bbox 874 1894 1054 1937; x_wconf 85' lang='lat' dir='ltr'>Eusebii.</span> <span class='ocrx_word' id='word_1_235' title='bbox 1132 1895 1215 1937; x_wconf 88' lang='lat' dir='ltr'>Sed</span> <span class='ocrx_word' id='word_1_236' title='bbox 1246 1895 1356 1947; x_wconf 85' lang='grc' dir='ltr'>ἡμῶν</span> <span class='ocrx_word' id='word_1_237' title='bbox 1387 1894 1428 1935; x_wconf 93' lang='lat' dir='ltr'>in</span> <span class='ocrx_word' id='word_1_238' title='bbox 1462 1893 1630 1935; x_wconf 89' lang='lat' dir='ltr'>Eusebii</span> 
     </span>
     <span class='ocr_line' id='line_1_30' title="bbox 224 1911 1629 2009; baseline -0.004 -12"><span class='ocrx_word' id='word_1_239' title='bbox 224 1958 236 1978; x_wconf 90' lang='lat'><em>‘</em></span> <span class='ocrx_word' id='word_1_240' title='bbox 259 1954 409 1997; x_wconf 88' lang='lat' dir='ltr'>Codice</span> <span class='ocrx_word' id='word_1_241' title='bbox 436 1911 491 1996; x_wconf 46' lang='lat' dir='ltr'>ii).</span> <span class='ocrx_word' id='word_1_242' title='bbox 513 1953 654 1997; x_wconf 84' lang='lat' dir='ltr'>Savihi</span> <span class='ocrx_word' id='word_1_243' title='bbox 675 1960 718 1996; x_wconf 89' lang='lat' dir='ltr'>et</span> <span class='ocrx_word' id='word_1_244' title='bbox 738 1953 974 2009; x_wconf 90' lang='lat' dir='ltr'>Nicephoro</span> <span class='ocrx_word' id='word_1_245' title='bbox 997 1959 1040 1994; x_wconf 89' lang='lat' dir='ltr'>et</span> <span class='ocrx_word' id='word_1_246' title='bbox 1063 1952 1307 2009; x_wconf 86' lang='lat' dir='ltr'>apographo</span> <span class='ocrx_word' id='word_1_247' title='bbox 1329 1951 1517 1994; x_wconf 84' lang='lat' dir='ltr'>Salmasii</span> <span class='ocrx_word' id='word_1_248' title='bbox 1547 1951 1629 2008; x_wconf 87' lang='lat' dir='ltr'>legi</span> 
     </span>
    </p>

    <p class='ocr_par' dir='ltr' id='par_1_8' title="bbox 159 2009 1631 2284">
     <span class='ocr_line' id='line_1_31' title="bbox 159 2009 1630 2062; baseline -0.001 -11"><span class='ocrx_word' id='word_1_249' title='bbox 159 2025 211 2062; x_wconf 85' lang='lat'>30</span> <span class='ocrx_word' id='word_1_250' title='bbox 225 2018 234 2035; x_wconf 93' lang='lat'>‘</span> <span class='ocrx_word' id='word_1_251' title='bbox 256 2011 415 2054; x_wconf 79' lang='lat' dir='ltr'>notavit</span> <span class='ocrx_word' id='word_1_252' title='bbox 434 2011 591 2054; x_wconf 83' lang='lat' dir='ltr'>calamo</span> <span class='ocrx_word' id='word_1_253' title='bbox 611 2012 653 2053; x_wconf 92' lang='lat' dir='ltr'>in</span> <span class='ocrx_word' id='word_1_254' title='bbox 675 2011 768 2054; x_wconf 88' lang='lat' dir='ltr'>libri</span> <span class='ocrx_word' id='word_1_255' title='bbox 791 2011 853 2052; x_wconf 91' lang='lat' dir='ltr'>sui</span> <span class='ocrx_word' id='word_1_256' title='bbox 874 2025 948 2052; x_wconf 88' lang='lat' dir='ltr'>ora</span> <span class='ocrx_word' id='word_1_257' title='bbox 970 2010 1174 2052; x_wconf 87' lang='lat' dir='ltr'>Usserius.</span> <span class='ocrx_word' id='word_1_258' title='bbox 1239 2009 1459 2051; x_wconf 88' lang='lat' dir='ltr'>Probabile</span> <span class='ocrx_word' id='word_1_259' title='bbox 1485 2016 1548 2050; x_wconf 88' lang='lat' dir='ltr'>est</span> <span class='ocrx_word' id='word_1_260' title='bbox 1577 2010 1630 2050; x_wconf 91' lang='lat' dir='ltr'>de</span> 
     </span>
     <span class='ocr_line' id='line_1_32' title="bbox 225 2067 1630 2133; baseline -0.003 -22"><span class='ocrx_word' id='word_1_261' title='bbox 225 2076 234 2092; x_wconf 92' lang='lat'>‘</span> <span class='ocrx_word' id='word_1_262' title='bbox 257 2069 319 2111; x_wconf 86' lang='lat' dir='ltr'>sui</span> <span class='ocrx_word' id='word_1_263' title='bbox 349 2069 546 2125; x_wconf 86' lang='lat' dir='ltr'>temporis</span> <span class='ocrx_word' id='word_1_264' title='bbox 575 2070 859 2126; x_wconf 85' lang='lat' dir='ltr'>persecutione</span> <span class='ocrx_word' id='word_1_265' title='bbox 889 2067 1199 2133; x_wconf 78' lang='lat' dir='ltr'>intelligendum</span> <span class='ocrx_word' id='word_1_266' title='bbox 1229 2082 1317 2108; x_wconf 90' lang='lat' dir='ltr'>esse</span> <span class='ocrx_word' id='word_1_267' title='bbox 1338 2067 1630 2123; x_wconf 84' lang='lat' dir='ltr'>Polycarpum,</span> 
     </span>
     <span class='ocr_line' id='line_1_33' title="bbox 225 2124 1631 2183; baseline -0.003 -14"><span class='ocrx_word' id='word_1_268' title='bbox 225 2131 237 2150; x_wconf 88' lang='lat'>‘</span> <span class='ocrx_word' id='word_1_269' title='bbox 256 2141 491 2183; x_wconf 82' lang='lat' dir='ltr'>quanquam</span> <span class='ocrx_word' id='word_1_270' title='bbox 522 2126 589 2168; x_wconf 93' lang='lat' dir='ltr'>hic</span> <span class='ocrx_word' id='word_1_271' title='bbox 620 2126 838 2183; x_wconf 85' lang='lat' dir='ltr'>Apostolos</span> <span class='ocrx_word' id='word_1_272' title='bbox 869 2124 991 2167; x_wconf 86' lang='lat' dir='ltr'>etiam</span> <span class='ocrx_word' id='word_1_273' title='bbox 1022 2139 1132 2181; x_wconf 90' lang='lat' dir='ltr'>1psos</span> <span class='ocrx_word' id='word_1_274' title='bbox 1166 2124 1207 2166; x_wconf 90' lang='lat' dir='ltr'>in</span> <span class='ocrx_word' id='word_1_275' title='bbox 1238 2124 1519 2180; x_wconf 82' lang='lat' dir='ltr'>exemplorum</span> <span class='ocrx_word' id='word_1_276' title='bbox 1556 2138 1631 2165; x_wconf 93' lang='lat' dir='ltr'>nu-</span> 
     </span>
     <span class='ocr_line' id='line_1_34' title="bbox 224 2181 1628 2239; baseline -0.002 -13"><span class='ocrx_word' id='word_1_277' title='bbox 224 2189 236 2208; x_wconf 95' lang='lat'>‘</span> <span class='ocrx_word' id='word_1_278' title='bbox 258 2198 373 2226; x_wconf 89' lang='lat' dir='ltr'>mero</span> <span class='ocrx_word' id='word_1_279' title='bbox 393 2184 668 2226; x_wconf 64' lang='lat' dir='ltr'>recensuerit:</span> <span class='ocrx_word' id='word_1_280' title='bbox 720 2182 919 2226; x_wconf 88' lang='lat' dir='ltr'>Dodwell.</span> <span class='ocrx_word' id='word_1_281' title='bbox 942 2182 1117 2224; x_wconf 86' lang='lat' dir='ltr'>Dissert.</span> <span class='ocrx_word' id='word_1_282' title='bbox 1141 2182 1269 2239; x_wconf 84' lang='lat' dir='ltr'>Cypr.</span> <span class='ocrx_word' id='word_1_283' title='bbox 1294 2182 1402 2223; x_wconf 89' lang='lat' dir='ltr'>Diss.</span> <span class='ocrx_word' id='word_1_284' title='bbox 1423 2181 1477 2223; x_wconf 87' lang='lat' dir='ltr'>xi.</span> <span class='ocrx_word' id='word_1_285' title='bbox 1501 2182 1539 2235; x_wconf 68' lang='grc' dir='ltr'>ξ.</span> <span class='ocrx_word' id='word_1_286' title='bbox 1560 2194 1628 2236; x_wconf 83' lang='lat'><strong>27.</strong></span> 
     </span>
     <span class='ocr_line' id='line_1_35' title="bbox 223 2241 793 2284; baseline -0.002 0"><span class='ocrx_word' id='word_1_287' title='bbox 223 2256 250 2284; x_wconf 86' lang='lat' dir='ltr'>a</span> <span class='ocrx_word' id='word_1_288' title='bbox 269 2242 297 2284; x_wconf 89' lang='lat' dir='ltr'><strong>J</strong></span> <span class='ocrx_word' id='word_1_289' title='bbox 303 2241 573 2284; x_wconf 85' lang='lat' dir='ltr'>ACOBSON</span> <span class='ocrx_word' id='word_1_290' title='bbox 577 2242 614 2284; x_wconf 91' lang='grc' dir='ltr'><strong>Ο</strong></span> <span class='ocrx_word' id='word_1_291' title='bbox 635 2242 793 2284; x_wconf 81' lang='lat' dir='ltr'>allatus.</span> 
     </span>
    </p>

    <p class='ocr_par' dir='ltr' id='par_1_9' title="bbox 161 2296 1632 2584">
     <span class='ocr_line' id='line_1_36' title="bbox 161 2296 1632 2353; baseline -0.002 -12"><span class='ocrx_word' id='word_1_292' title='bbox 161 2308 212 2348; x_wconf 86' lang='grc'>35</span> <span class='ocrx_word' id='word_1_293' title='bbox 284 2298 389 2341; x_wconf 88' lang='lat' dir='ltr'>Ibid.</span> <span class='ocrx_word' id='word_1_294' title='bbox 420 2299 446 2341; x_wconf 92' lang='lat' dir='ltr'>l.</span> <span class='ocrx_word' id='word_1_295' title='bbox 467 2310 532 2353; x_wconf 86' lang='lat'><strong>17.</strong></span> <span class='ocrx_word' id='word_1_296' title='bbox 565 2300 629 2340; x_wconf 88' lang='grc' dir='ltr'>καὶ</span> <span class='ocrx_word' id='word_1_297' title='bbox 658 2300 719 2341; x_wconf 86' lang='grc' dir='ltr'>ὅτι</span> <span class='ocrx_word' id='word_1_298' title='bbox 751 2301 807 2343; x_wconf 75' lang='grc' dir='ltr'>εἰς</span> <span class='ocrx_word' id='word_1_299' title='bbox 838 2300 910 2342; x_wconf 86' lang='grc' dir='ltr'>τὸν</span> <span class='ocrx_word' id='word_1_300' title='bbox 944 2299 1210 2353; x_wconf 79' lang='grc' dir='ltr'>ὀφειλόμενον</span> <span class='ocrx_word' id='word_1_301' title='bbox 1240 2297 1369 2340; x_wconf 75' lang='grc' dir='ltr'>αὐτοῖς</span> <span class='ocrx_word' id='word_1_302' title='bbox 1397 2298 1522 2338; x_wconf 89' lang='grc' dir='ltr'>τόπον</span> <span class='ocrx_word' id='word_1_303' title='bbox 1554 2296 1632 2338; x_wconf 78' lang='grc' dir='ltr'>εἰσὶ</span> 
     </span>
     <span class='ocr_line' id='line_1_37' title="bbox 226 2354 1631 2413; baseline -0.001 -15"><span class='ocrx_word' id='word_1_304' title='bbox 226 2358 331 2410; x_wconf 74' lang='grc' dir='ltr'>παρὰ</span> <span class='ocrx_word' id='word_1_305' title='bbox 351 2359 404 2413; x_wconf 75' lang='grc' dir='ltr'>τῷ</span> <span class='ocrx_word' id='word_1_306' title='bbox 427 2358 570 2412; x_wconf 81' lang='grc' dir='ltr'>Κυρίῳ,</span> <span class='ocrx_word' id='word_1_307' title='bbox 593 2354 622 2412; x_wconf 74' lang='grc' dir='ltr'><strong><em>ᾧ</em></strong></span> <span class='ocrx_word' id='word_1_308' title='bbox 645 2357 707 2399; x_wconf 85' lang='grc' dir='ltr'>καὶ</span> <span class='ocrx_word' id='word_1_309' title='bbox 729 2355 976 2413; x_wconf 82' lang='grc' dir='ltr'>συνέπαθον]</span> <span class='ocrx_word' id='word_1_310' title='bbox 1001 2355 1068 2398; x_wconf 87' lang='lat' dir='ltr'>Sic</span> <span class='ocrx_word' id='word_1_311' title='bbox 1093 2356 1204 2396; x_wconf 89' lang='lat' dir='ltr'>locus</span> <span class='ocrx_word' id='word_1_312' title='bbox 1224 2355 1391 2410; x_wconf 78' lang='lat' dir='ltr'>legitur,</span> <span class='ocrx_word' id='word_1_313' title='bbox 1414 2361 1498 2396; x_wconf 85' lang='lat' dir='ltr'>tam</span> <span class='ocrx_word' id='word_1_314' title='bbox 1519 2354 1631 2410; x_wconf 84' lang='lat' dir='ltr'>apud</span> 
     </span>
     <span class='ocr_line' id='line_1_38' title="bbox 226 2411 1632 2471; baseline -0.003 -15"><span class='ocrx_word' id='word_1_315' title='bbox 226 2414 461 2462; x_wconf 84' lang='lat' dir='ltr'>Eusebium,</span> <span class='ocrx_word' id='word_1_316' title='bbox 492 2428 615 2470; x_wconf 86' lang='lat' dir='ltr'>quam</span> <span class='ocrx_word' id='word_1_317' title='bbox 651 2414 693 2456; x_wconf 91' lang='lat' dir='ltr'>in</span> <span class='ocrx_word' id='word_1_318' title='bbox 724 2414 944 2471; x_wconf 85' lang='lat' dir='ltr'>Polycarpi</span> <span class='ocrx_word' id='word_1_319' title='bbox 977 2413 1160 2460; x_wconf 88' lang='lat' dir='ltr'>Graecis,</span> <span class='ocrx_word' id='word_1_320' title='bbox 1192 2418 1235 2454; x_wconf 87' lang='lat' dir='ltr'>et</span> <span class='ocrx_word' id='word_1_321' title='bbox 1265 2412 1307 2454; x_wconf 92' lang='lat' dir='ltr'>in</span> <span class='ocrx_word' id='word_1_322' title='bbox 1334 2411 1527 2469; x_wconf 89' lang='lat' dir='ltr'>subjectis</span> <span class='ocrx_word' id='word_1_323' title='bbox 1561 2411 1632 2452; x_wconf 90' lang='lat' dir='ltr'>fini</span> 
     </span>
     <span class='ocr_line' id='line_1_39' title="bbox 226 2469 1631 2528; baseline -0.002 -15"><span class='ocrx_word' id='word_1_324' title='bbox 226 2472 424 2514; x_wconf 84' lang='lat' dir='ltr'>Actorum</span> <span class='ocrx_word' id='word_1_325' title='bbox 442 2471 593 2528; x_wconf 88' lang='lat' dir='ltr'>Ignatii</span> <span class='ocrx_word' id='word_1_326' title='bbox 614 2471 657 2514; x_wconf 91' lang='lat' dir='ltr'>in</span> <span class='ocrx_word' id='word_1_327' title='bbox 678 2471 828 2515; x_wconf 89' lang='lat' dir='ltr'>Codice</span> <span class='ocrx_word' id='word_1_328' title='bbox 850 2472 942 2515; x_wconf 88' lang='lat' dir='ltr'>MS.</span> <span class='ocrx_word' id='word_1_329' title='bbox 962 2471 1187 2513; x_wconf 85' lang='lat' dir='ltr'>Bodleiano</span> <span class='ocrx_word' id='word_1_330' title='bbox 1210 2470 1340 2512; x_wconf 86' lang='lat' dir='ltr'>Laud.</span> <span class='ocrx_word' id='word_1_331' title='bbox 1364 2470 1410 2512; x_wconf 91' lang='lat' dir='ltr'>C.</span> <span class='ocrx_word' id='word_1_332' title='bbox 1433 2483 1502 2525; x_wconf 87' lang='lat'><strong>93.</strong></span> <span class='ocrx_word' id='word_1_333' title='bbox 1544 2469 1631 2510; x_wconf 90' lang='lat' dir='ltr'>Ad-</span> 
     </span>
     <span class='ocr_line' id='line_1_40' title="bbox 226 2526 1630 2584; baseline -0.001 -13"><span class='ocrx_word' id='word_1_334' title='bbox 226 2529 327 2571; x_wconf 88' lang='lat' dir='ltr'>dere</span> <span class='ocrx_word' id='word_1_335' title='bbox 357 2535 495 2571; x_wconf 84' lang='lat' dir='ltr'>tamen</span> <span class='ocrx_word' id='word_1_336' title='bbox 530 2529 618 2572; x_wconf 88' lang='lat' dir='ltr'>vult</span> <span class='ocrx_word' id='word_1_337' title='bbox 651 2529 836 2572; x_wconf 87' lang='lat' dir='ltr'>Smithus</span> <span class='ocrx_word' id='word_1_338' title='bbox 871 2530 1040 2572; x_wconf 89' lang='lat' dir='ltr'>verbum</span> <span class='ocrx_word' id='word_1_339' title='bbox 1074 2529 1332 2580; x_wconf 88' lang='grc' dir='ltr'>πορευόμενοι</span> <span class='ocrx_word' id='word_1_340' title='bbox 1361 2533 1455 2584; x_wconf 87' lang='lat' dir='ltr'>post</span> <span class='ocrx_word' id='word_1_341' title='bbox 1487 2526 1630 2574; x_wconf 78' lang='grc' dir='ltr'>αὐτοῖς,</span> 
     </span>
    </p>

    <p class='ocr_par' dir='ltr' id='par_1_10' title="bbox 163 2585 1633 2872">
     <span class='ocr_line' id='line_1_41' title="bbox 163 2585 1632 2643; baseline -0.003 -15"><span class='ocrx_word' id='word_1_342' title='bbox 163 2599 214 2635; x_wconf 80' lang='lat'>40</span> <span class='ocrx_word' id='word_1_343' title='bbox 229 2587 324 2629; x_wconf 91' lang='lat' dir='ltr'>Vet.</span> <span class='ocrx_word' id='word_1_344' title='bbox 359 2586 637 2643; x_wconf 88' lang='lat' dir='ltr'>Interpretem</span> <span class='ocrx_word' id='word_1_345' title='bbox 669 2594 858 2636; x_wconf 88' lang='lat' dir='ltr'>secutus;</span> <span class='ocrx_word' id='word_1_346' title='bbox 891 2587 1096 2629; x_wconf 84' lang='lat' dir='ltr'>Patricius</span> <span class='ocrx_word' id='word_1_347' title='bbox 1131 2591 1269 2627; x_wconf 89' lang='lat' dir='ltr'>autem</span> <span class='ocrx_word' id='word_1_348' title='bbox 1305 2586 1332 2627; x_wconf 87' lang='lat' dir='ltr'>J</span> <span class='ocrx_word' id='word_1_349' title='bbox 1338 2585 1455 2626; x_wconf 89' lang='lat' dir='ltr'>unius</span> <span class='ocrx_word' id='word_1_350' title='bbox 1490 2598 1632 2624; x_wconf 91' lang='lat' dir='ltr'>censu-</span> 
     </span>
     <span class='ocr_line' id='line_1_42' title="bbox 227 2641 1632 2700; baseline -0.003 -14"><span class='ocrx_word' id='word_1_351' title='bbox 227 2650 320 2686; x_wconf 90' lang='lat' dir='ltr'>erat</span> <span class='ocrx_word' id='word_1_352' title='bbox 357 2644 629 2700; x_wconf 89' lang='lat' dir='ltr'>supplendum</span> <span class='ocrx_word' id='word_1_353' title='bbox 673 2646 945 2696; x_wconf 80' lang='grc' dir='ltr'>ἐπορεύθησαν</span> <span class='ocrx_word' id='word_1_354' title='bbox 985 2646 1049 2686; x_wconf 85' lang='grc' dir='ltr'>καὶ</span> <span class='ocrx_word' id='word_1_355' title='bbox 1087 2649 1181 2699; x_wconf 87' lang='lat' dir='ltr'>post</span> <span class='ocrx_word' id='word_1_356' title='bbox 1229 2643 1366 2690; x_wconf 87' lang='grc' dir='ltr'>τόπον,</span> <span class='ocrx_word' id='word_1_357' title='bbox 1410 2641 1632 2684; x_wconf 85' lang='lat' dir='ltr'>Clementis</span> 
     </span>
     <span class='ocr_line' id='line_1_43' title="bbox 228 2698 1630 2758; baseline -0.002 -15"><span class='ocrx_word' id='word_1_358' title='bbox 228 2701 404 2743; x_wconf 85' lang='lat' dir='ltr'>Romani</span> <span class='ocrx_word' id='word_1_359' title='bbox 430 2701 616 2758; x_wconf 86' lang='lat' dir='ltr'>Epistola</span> <span class='ocrx_word' id='word_1_360' title='bbox 645 2701 864 2758; x_wconf 87' lang='lat' dir='ltr'>appellata.</span> <span class='ocrx_word' id='word_1_361' title='bbox 924 2702 1129 2743; x_wconf 87' lang='lat' dir='ltr'>Neutram</span> <span class='ocrx_word' id='word_1_362' title='bbox 1160 2714 1257 2742; x_wconf 87' lang='lat' dir='ltr'>vero</span> <span class='ocrx_word' id='word_1_363' title='bbox 1288 2698 1630 2747; x_wconf 83' lang='lat' dir='ltr'>emendationem,</span> 
     </span>
     <span class='ocr_line' id='line_1_44' title="bbox 228 2755 1633 2824; baseline -0.003 -23"><span class='ocrx_word' id='word_1_364' title='bbox 228 2773 354 2824; x_wconf 85' lang='lat' dir='ltr'>quum</span> <span class='ocrx_word' id='word_1_365' title='bbox 377 2761 432 2803; x_wconf 83' lang='grc' dir='ltr'>εἰς</span> <span class='ocrx_word' id='word_1_366' title='bbox 451 2773 528 2814; x_wconf 86' lang='lat' dir='ltr'>pro</span> <span class='ocrx_word' id='word_1_367' title='bbox 550 2761 595 2800; x_wconf 81' lang='grc' dir='ltr'>ἐν</span> <span class='ocrx_word' id='word_1_368' title='bbox 614 2759 681 2800; x_wconf 88' lang='lat' dir='ltr'>hic</span> <span class='ocrx_word' id='word_1_369' title='bbox 704 2759 880 2815; x_wconf 87' lang='lat' dir='ltr'>positum</span> <span class='ocrx_word' id='word_1_370' title='bbox 902 2758 1104 2806; x_wconf 86' lang='lat' dir='ltr'>videatur,</span> <span class='ocrx_word' id='word_1_371' title='bbox 1127 2757 1396 2800; x_wconf 86' lang='lat' dir='ltr'>necessariam</span> <span class='ocrx_word' id='word_1_372' title='bbox 1418 2771 1507 2799; x_wconf 88' lang='lat' dir='ltr'>esse</span> <span class='ocrx_word' id='word_1_373' title='bbox 1527 2755 1633 2798; x_wconf 87' lang='lat' dir='ltr'>exis-</span> 
     </span>
     <span class='ocr_line' id='line_1_45' title="bbox 227 2814 1632 2872; baseline -0.002 -14"><span class='ocrx_word' id='word_1_374' title='bbox 227 2822 381 2858; x_wconf 79' lang='lat' dir='ltr'>timem.</span> <span class='ocrx_word' id='word_1_375' title='bbox 434 2816 657 2859; x_wconf 85' lang='lat' dir='ltr'>Clementis</span> <span class='ocrx_word' id='word_1_376' title='bbox 676 2817 804 2858; x_wconf 84' lang='lat' dir='ltr'>verba</span> <span class='ocrx_word' id='word_1_377' title='bbox 823 2823 931 2865; x_wconf 71' lang='lat' dir='ltr'>sunt.</span> <span class='ocrx_word' id='word_1_378' title='bbox 954 2815 1144 2872; x_wconf 83' lang='grc' dir='ltr'>[Πέτρ]ος</span> <span class='ocrx_word' id='word_1_379' title='bbox 1173 2818 1238 2857; x_wconf 80' lang='grc' dir='ltr'>διὰ</span> <span class='ocrx_word' id='word_1_380' title='bbox 1262 2818 1383 2866; x_wconf 77' lang='grc' dir='ltr'>ζῆλον</span> <span class='ocrx_word' id='word_1_381' title='bbox 1403 2816 1538 2857; x_wconf 84' lang='grc' dir='ltr'>ἄδικον</span> <span class='ocrx_word' id='word_1_382' title='bbox 1557 2814 1632 2868; x_wconf 82' lang='grc' dir='ltr'>οὐχ</span> 
     </span>
    </p>

    <p class='ocr_par' dir='ltr' id='par_1_11' title="bbox 165 2872 1632 2930">
     <span class='ocr_line' id='line_1_46' title="bbox 165 2872 1632 2930; baseline -0.003 -14"><span class='ocrx_word' id='word_1_383' title='bbox 165 2883 216 2921; x_wconf 86' lang='grc'>45</span> <span class='ocrx_word' id='word_1_384' title='bbox 230 2874 319 2930; x_wconf 81' lang='grc' dir='ltr'>[ἕνα</span> <span class='ocrx_word' id='word_1_385' title='bbox 338 2874 400 2927; x_wconf 81' lang='grc' dir='ltr'>οὗ]</span> <span class='ocrx_word' id='word_1_386' title='bbox 426 2876 468 2916; x_wconf 79' lang='grc' dir='ltr'>δὲ</span> <span class='ocrx_word' id='word_1_387' title='bbox 499 2875 581 2923; x_wconf 84' lang='grc' dir='ltr'>δύο,</span> <span class='ocrx_word' id='word_1_388' title='bbox 604 2875 711 2916; x_wconf 74' lang='grc' dir='ltr'>ἀλλὰ</span> <span class='ocrx_word' id='word_1_389' title='bbox 741 2875 929 2918; x_wconf 81' lang='grc' dir='ltr'>πλείονας</span> <span class='ocrx_word' id='word_1_390' title='bbox 958 2873 1215 2927; x_wconf 59' lang='grc' dir='ltr'>ὑπήνεγκεν]</span> <span class='ocrx_word' id='word_1_391' title='bbox 1251 2874 1407 2920; x_wconf 85' lang='grc' dir='ltr'>πόνους,</span> <span class='ocrx_word' id='word_1_392' title='bbox 1440 2872 1503 2914; x_wconf 77' lang='grc' dir='ltr'>καὶ</span> <span class='ocrx_word' id='word_1_393' title='bbox 1533 2873 1632 2913; x_wconf 81' lang='grc' dir='ltr'>οὕτω</span> 
     </span>
    </p>
   </div>
  </div>
 </body>
</html>
