2034 3204
227 575 242 596 2
260 565 372 597 Thess.
390 566 421 597 ii.

226 619 254 647 2,
278 619 304 649 7.

266 1657 331 1686 (·A
342 1654 379 1685 P.

260 1698 383 1730 XXII.

219 2601 318 2652 M‘fl:

218 2655 330 2676 xxvm.
351 2654 396 2684 ια),

217 2756 315 2788 Mau..
338 2756 402 2787 xiii.

436 210 553 250 138·
920 210 1373 252 TERTULLIANI

444 328 490 366 et
513 321 591 366 hic
616 320 933 380 praescribam
953 336 1046 365 non
1072 320 1210 365 aliter
1234 320 1425 379 probari
1449 320 1630 372 debere,
1650 320 1741 365 nisi
1768 336 1853 379 per

444 401 629 444 easdem
672 398 927 451 Ecclesias‚
968 414 1087 458 quas
1128 398 1219 457 ipsi
1262 397 1482 457 Apostoli
1523 398 1850 451 condiderunt,

446 477 550 537 ipsi,
566 477 634 522 eis
660 476 989 536 praedicando,
1009 483 1108 520 tam
1127 475 1239 520 viva
1256 477 1383 535 quod
1409 475 1546 521 aiunt
1564 491 1688 528 voce,
1706 490 1850 534 quam

444 571 528 614 per
551 555 773 614 epistolas
803 560 978 613 postea.
1049 553 1103 598 Si
1130 554 1246 598 haec
1281 553 1351 598 ita
1379 560 1505 602 sunt,
1531 559 1718 598 constat
1746 568 1853 612 pro-

443 632 553 677 inde
573 647 758 676 omnem
785 630 1064 682 doctrinam,
1086 645 1208 689 quae
1232 645 1341 675 cum
1365 629 1461 675 illis
1488 629 1716 675 Ecclesiis
1740 642 1888 688 apo-5

442 709 634 759 stolicis,
660 708 938 753 matricibus
974 714 1021 752 et
1056 705 1206 767 [jors.
1233 713 1281 751 et
1315 704 1513 766 delenti]
1537 706 1851 768 originalibus

442 786 568 841 fidei,
593 787 844 845 conspiret,
875 784 1069 830 veritati
1102 785 1442 843 deputandam,
1474 783 1575 828 sine
1609 783 1756 828 dubio
1786 790 1853 828 te-

443 874 633 912 nentem
662 865 814 927 [fin-s,
853 863 1150 924 tenentibus]
1182 865 1310 923 quod
1346 862 1591 909 Ecclesiae
1625 863 1685 908 ab
1720 862 1852 922 Apo-

442 945 590 998 stolis,
622 943 844 1004 Apostoli
880 959 909 988 a
944 942 1152 995 Christo,
1178 941 1400 987 Christus
1436 957 1465 986 a
1496 940 1600 986 Deo
1634 940 1848 1000 accepit;

442 1022 676 1082 reliquam
694 1038 806 1067 vero
823 1036 1011 1066 omnem
1031 1019 1296 1065 doctrinam
1315 1020 1375 1064 de
1393 1018 1639 1064 mendacio
1662 1019 1852 1079 praeju-
1867 1033 1915 1058 10

441 1100 706 1151 dicandam,
726 1114 848 1159 quae
873 1098 1029 1157 sapiat
1051 1106 1217 1143 contra
1240 1096 1489 1142 veritatem
1510 1096 1850 1150 Ecclesiarum‚

441 1185 488 1223 et
506 1178 861 1238 Apostolorum,
880 1183 928 1222 et
947 1175 1144 1226 Christi,
1164 1181 1211 1220 et
1234 1174 1327 1220 Dei
1391 1174 1617 1234 Superest
1639 1189 1753 1236 ergo
1776 1174 1849 1219 uti

440 1258 818 1302 demonstremus
849 1270 911 1299 an
946 1254 1062 1299 haec
1098 1259 1261 1298 nostra
1284 1252 1512 1304 doctrina,
1539 1251 1675 1312 cujus
1710 1267 1850 1312 regu-

439 1336 535 1379 lam
560 1349 704 1394 supra
734 1332 985 1383 edidimus,
1010 1333 1068 1376 de
1092 1331 1433 1390 Apostolorum
1459 1328 1716 1374 traditione
1743 1344 1850 1374 cen-

439 1419 610 1465 seatur,
628 1419 675 1458 et
696 1427 754 1457 ex
774 1412 862 1456 hoc
883 1410 997 1469 ipso,
1018 1424 1080 1454 an
1098 1415 1279 1454 ceterae
1297 1409 1355 1453 de
1374 1406 1620 1452 mendacio
1638 1405 1846 1452 veniant.
1866 1420 1913 1459 15

441 1490 861 1536 Communicamus
881 1503 986 1533 cum
1010 1485 1236 1532 Ecclesiis
1261 1483 1544 1544 apostoliciS,
1565 1483 1691 1542 qnod
1717 1484 1850 1528 nulla

439 1568 655 1615 doctrina
678 1566 879 1612 diversa.
954 1564 1057 1609 Hoc
1081 1570 1153 1608 est
1176 1562 1502 1608 testimonium
1527 1560 1756 1606 verit-atis.

507 1646 599 1691 Sed
637 1644 862 1704 quoniam
904 1649 1002 1687 tam
1049 1640 1272 1700 expedita
1318 1638 1536 1699 probatio
1582 1644 1665 1689 est,
1705 1644 1760 1683 ut
1805 1638 1846 1683 si

439 1724 601 1769 statim
634 1722 917 1782 proferatur,
943 1719 1063 1764 nihil
1094 1719 1194 1779 jam
1227 1717 1291 1763 sit
1322 1717 1689 1767 retractandum,
1727 1731 1781 1761 ac
1805 1715 1846 1761 si

439 1803 622 1862 prolata
657 1816 750 1846 non
788 1799 851 1844 sit
885 1813 913 1843 a
948 1796 1098 1849 nobis,
1140 1797 1294 1841 locum
1338 1794 1531 1840 interim
1572 1794 1740 1838 demus
1775 1793 1847 1839 di-
1862 1809 1911 1834 20

437 1894 598 1925 versae
635 1877 776 1938 parti,
813 1876 853 1922 si
894 1875 1011 1935 quid
1047 1879 1220 1934 putant
1256 1874 1315 1918 ad
1352 1871 1687 1917 infirmandam
1722 1871 1845 1917 hanc

439 1956 853 2018 praescriptionem
883 1968 1068 1999 movere
1092 1967 1141 1997 se
1164 1966 1312 2011 posse.
1383 1950 1546 1995 Solent
1569 1948 1734 1999 dicere,
1750 1963 1845 1994 non

436 2035 597 2082 omnia
623 2033 875 2093 Apostolos
900 2030 1070 2084 scisse;
1097 2030 1259 2076 eadem
1284 2026 1455 2090 agitati
1479 2025 1730 2078 dementia,
1750 2040 1846 2086 qua

438 2130 601 2160 rursus
636 2110 787 2174 [sors.
824 2125 920 2170 qna
961 2123 1127 2154 susum
1162 2108 1328 2169 jusum
1366 2102 1542 2167 Riqalt.
1592 2101 1694 2149 Vici.
1727 2102 1844 2165 not]

437 2196 733 2242 convertunt,
759 2187 920 2234 omnia
947 2186 1139 2246 quidem
1167 2183 1422 2244 Apostolos
1455 2181 1610 2231 scisse,
1635 2183 1715 2227 sed
1748 2197 1843 2228 non
1859 2196 1909 2235 ²5

436 2270 597 2316 omnia
627 2267 848 2314 omnibus
877 2263 1157 2311 tradidisse:
1195 2261 1244 2307 in
1274 2266 1476 2320 utroque
1501 2258 1748 2305 Christum
1773 2274 1845 2305 re-

438 2345 736 2409 prehensioni
773 2342 1091 2404 subjicientes,
1127 2339 1211 2399 qui
1247 2344 1332 2383 aut
1366 2336 1527 2383 minus
1570 2335 1842 2390 instructos,

435 2435 519 2472 aut
543 2438 710 2485 parum
737 2419 972 2479 simplices
1000 2416 1256 2477 Apostolos
1280 2413 1478 2459 miserit.
1547 2411 1668 2465 Quis
1693 2412 1843 2475 igitur

437 2505 649 2565 integrae
672 2497 845 2545 mentis
869 2497 1056 2542 credere
1081 2499 1249 2553 potest,
1274 2490 1456 2551 aliquid
1482 2506 1560 2535 eos
1584 2489 1841 2555 ignorasse,

434 2596 554 2641 quos
595 2576 847 2639 magistros
890 2570 1125 2619 Dominus
1165 2568 1310 2620 (ledit,
1349 2566 1621 2613 individuos
1661 2566 1840 2613 habens
1854 2578 1906 2614 30

439 2659 486 2703 in
522 2655 765 2705 comitatu,
797 2653 842 2698 in
873 2650 1178 2709 discipulatu,
1212 2646 1260 2692 in
1285 2645 1518 2694 convictu,
1555 2643 1730 2704 quibus
1759 2643 1840 2689 ob-

435 2749 572 2781 scura
595 2746 810 2793 quaeque
844 2727 1037 2774 seorsim
1063 2723 1335 2775 disserebat,
1362 2722 1456 2768 illis
1488 2721 1647 2767 dicens
1671 2721 1836 2765 datum

434 2829 533 2857 csso
569 2823 846 2870 cognoscere
878 2819 1063 2853 arcana,
1089 2817 1210 2862 quae
1245 2801 1417 2859 populo
1448 2797 1710 2858 intelligere
1744 2813 1837 2842 non
