2034 3204
440 244 519 284 DE
559 242 1129 284 PRAESCRIPTIONE
1166 243 1355 283 HAER.
1520 243 1603 286 139

200 354 395 399 liceret?
435 354 602 399 Latuit
633 353 813 413 aliquid
848 354 1060 407 Petrum,
1089 352 1407 399 aedificandae
1442 353 1603 398 Eccle-
1621 376 1720 406 Man,

200 431 296 476 siae
339 438 519 490 petram
556 431 752 484 dictum,
793 433 948 477 claves
990 431 1126 493 regni
1167 432 1404 476 coelorum
1445 446 1605 476 conse·
1617 420 1680 451 ’Μ’
1702 429 1749 460 ¹9·

199 514 377 561 cutum,
401 514 448 553 et
476 507 689 553 solvendi
717 514 764 552 et
793 506 1023 569 alligandi
1054 507 1104 552 in
1134 506 1274 552 coelis
1307 514 1354 552 et
1386 506 1435 552 in
1464 506 1602 551 terris

199 585 508 644 potestatem?
529 585 698 630 Latuit
716 591 764 630 et
777 585 807 630 J
811 600 1011 630 oannem
1029 584 1223 644 aliquid,
1240 579 1602 630 dilectissimum

163 662 420 715 5Domino,
444 662 622 721 pectori
654 663 758 723 ejus
789 662 1106 712 incubantem,
1137 662 1214 715 cui
1243 662 1331 707 soli
1365 660 1603 707 Dominus
1615 677 1715 709 Joan.
1736 680 1804 711 xiii.

199 739 228 784 J
233 741 377 786 udam
417 740 695 786 traditorem
731 740 1145 799 praemonstravit,
1186 755 1327 800 quem
1370 741 1471 786 loco
1516 755 1603 784 suo
1614 721 1715 797 ,²125
1736 767 1803 798 xix.

199 816 350 863 filium
367 818 550 864 Mariae
568 818 904 864 demandavit?
930 818 1061 871 Quid
1077 833 1154 863 eos
1174 818 1418 879 ignorasse
1436 817 1600 871 voluit,
1618 819 1667 849 ²⁷·

198 895 372 954 quibus
404 896 549 941 etiam
577 896 779 958 gloriam
813 911 948 941 suam
981 896 1213 949 exhibuit,
1238 902 1286 941 et
1319 895 1522 956 Moysen
1554 902 1602 941 et
1617 920 1813 952 „amun

200 971 407 1026 Heliam,
432 979 479 1019 et
503 972 698 1032 insuper
720 974 778 1019 de
802 974 930 1019 coelo
956 973 1114 1019 Patris
1139 988 1317 1027 vocem,
1344 988 1437 1018 non
1462 973 1599 1033 quasi
1619 972 1711 1003 ¹-⁵·

138 1070 184 1095 10
197 1057 374 1096 ceteros
419 1051 690 1110 reprobans,
731 1052 812 1096 sed
858 1050 1085 1111 quoniam
1133 1050 1181 1096 in
1228 1049 1372 1096 tribus
1419 1048 1601 1096 testibus
1615 1070 1717 1102 Dent,
1737 1071 1802 1103 xix,

196 1126 331 1173 stabit
354 1145 484 1174 omne
507 1127 686 1175 verbum
702 1128 731 1174 ‚P
756 1128 1106 1191 Ignoraverunt
1130 1130 1291 1189 itaque
1315 1135 1362 1175 et
1386 1130 1470 1181 illi,
1495 1130 1602 1189 qui-
1620 1122 1667 1153 ¹⁵·

197 1204 285 1250 bus
325 1211 433 1264 post
472 1205 862 1252 resurrectionem
902 1221 1090 1266 quoque
1135 1206 1186 1251 in
1228 1206 1398 1252 itinere
1438 1223 1600 1254 omnes

197 1281 466 1342 Scripturas
500 1282 754 1328 edisserere
794 1282 1021 1344 dignatus
1062 1284 1174 1329 est?
1224 1282 1427 1329 Dixerat
1461 1286 1600 1344 plane

196 1357 477 1418 aliquando:
514 1358 670 1406 Malta
705 1358 842 1406 habeo
877 1358 1025 1406 adhuc
1062 1358 1181 1406 vobis
1215 1359 1354 1422 loqui,
1390 1360 1470 1406 ,sed
1509 1377 1598 1406 non
1611 1378 1712 1410 Joan.
1732 1380 1798 1411 xvi.

136 1450 181 1488 15
188 1437 377 1498 potestis
402 1436 533 1483 modo
556 1453 607 1483 ea
631 1438 881 1490 sustine1·e;
906 1444 1066 1484 tamen
1090 1438 1331 1499 adjiciens
1355 1437 1503 1497 Quum
1531 1456 1600 1486 ve-
1619 1433 1665 1461 '²'
1690 1432 1737 1463 ¹3·

196 1515 315 1561 nerit
340 1513 415 1561 ille
437 1514 646 1573 Spiritus
670 1515 888 1571 veritatis,
916 1517 1011 1578 ipse
1034 1532 1109 1563 vos
1134 1515 1319 1563 deducet
1344 1518 1393 1562 in
1423 1533 1597 1565 omnem

195 1594 440 1646 veritatem,
465 1594 674 1640 ostendit
706 1594 811 1640 illos
839 1595 961 1641 nihil
989 1595 1247 1657 ignorasse,
1272 1612 1392 1656 quos
1422 1612 1597 1642 omnem

195 1671 424 1717 veritatem
479 1679 812 1719 consecuturos
859 1689 943 1733 per
989 1672 1221 1735 Spiritum
1270 1674 1475 1720 vestiatis
1527 1691 1598 1720 re-

194 1750 504 1809 promiserat;
559 1758 606 1796 et
640 1751 808 1811 utique
844 1751 1060 1811 implevit
1097 1752 1450 1811 repromissum,
1493 1769 1600 1813 pro-

132 1844 181 1870 20
197 1828 418 1874 bantibus
464 1828 602 1874 Actis
654 1828 995 1888 Apostolorum
1053 1830 1327 1875 descensum
1389 1831 1598 1890 Spiritus
1612 1848 1685 1880 Act.
1706 1849 1738 1879 ii.
1758 1857 1806 1878 ιι.

193 1904 369 1951 Sancti.
452 1906 610 1959 Quam
645 1906 942 1966 Scripturam
978 1907 1063 1966 qui
1098 1923 1194 1953 non
1230 1907 1477 1967 recipiunt,
1514 1925 1599 1955 nec

193 1982 402 2041 Spiritus
435 1983 597 2029 Sancti
630 1999 730 2029 esse
767 1991 976 2043 possunt,
1010 1985 1093 2044 qui
1126 1986 1329 2031 necdum
1360 1985 1598 2045 Spiritum

193 2061 421 2106 Sanctum
445 2061 630 2121 possint
653 2077 907 2123 agnoscere
931 2062 1222 2108 discentibus
1247 2063 1477 2118 missum;
1516 2065 1596 2110 sed

193 2153 276 2183 nec
302 2137 565 2184 Ecclesiam
596 2137 859 2192 defendere,
884 2139 982 2198 qui,
1007 2140 1215 2200 quando,
1241 2146 1287 2185 et
1318 2141 1492 2200 quibus
1526 2140 1599 2186 in-

70 2202 83 2213 *
130 2230 177 2268 ²5
191 2216 440 2261 cunabulis
479 2216 755 2262 institutum
797 2223 869 2262 est
909 2218 997 2263 hoc
1036 2232 1223 2277 corpus,
1259 2219 1459 2277 probare
1501 2235 1596 2265 non

191 2293 382 2338 habent.
437 2293 586 2339 Tanti
609 2293 736 2339 enim
761 2300 832 2339 est
857 2294 952 2340 illis
977 2310 1071 2340 non
1095 2295 1270 2341 habere
1293 2296 1596 2355 probationes

190 2384 352 2414 eorum
384 2385 506 2430 quae
533 2370 809 2424 defendunt,
843 2387 901 2416 ne
937 2371 1117 2431 pariter
1148 2371 1469 2418 admittantur
1501 2379 1597 2418 tra-

190 2446 435 2492 ductiones
459 2463 622 2493 eorum
646 2463 768 2508 quae
793 2449 1107 2495 mentiuntur.

259 2523 538 2584 Proponunt
561 2542 674 2588 ergo
697 2528 757 2573 ad
782 2528 1136 2590 suggillandam
1161 2528 1483 2590 ignorantiam
1509 2528 1596 2574 ali·
1652 2551 1768 2584 CAP.

126 2615 176 2651 30
190 2617 335 2661 quam
376 2601 732 2662 Apostolorum,
780 2606 906 2664 quod
955 2604 1126 2651 Petrus
1172 2612 1218 2650 et
1259 2605 1343 2664 qui
1383 2621 1491 2651 cum
1539 2622 1596 2652 eo
1608 2595 1781 2678 ΟΞΙᾞῙῙ·

189 2679 465 2738 reprehensi
488 2680 586 2726 sint
608 2696 638 2726 a
662 2681 826 2726 Paulo.
878 2681 1030 2735 Adeo,
1055 2682 1296 2742 inquiunt,
1321 2682 1502 2742 aliquid
1527 2683 1595 2730 eis

189 2756 359 2810 defuit;
386 2764 438 2803 ut
461 2774 519 2803 ex
543 2759 631 2804 hoc
655 2759 797 2804 etiam
824 2759 943 2806 illud
968 2766 1171 2814 struant,
1195 2761 1407 2820 potuisse
1432 2768 1594 2821 postea

188 2834 445 2892 pleniorem
493 2836 738 2882 scientiam
785 2837 1104 2896 supervenire,
1146 2837 1301 2897 qualis
1347 2838 1593 2885 obvenerit
