2034 3204
635 246 719 288 DE
755 244 1256 288 MORTALITATE.
1564 245 1650 285 285

239 357 443 412 Quando
477 371 590 419 ergo
624 355 879 402 infirmitas
920 361 967 400 et
1007 352 1311 400 imbecillitas
1351 357 1399 397 et
1441 351 1640 397 vastitas

238 434 399 494 aliqua
432 439 695 496 grassatur,
719 438 834 478 tunc
858 430 1012 477 virtus
1047 436 1211 476 nostra
1246 427 1502 490 perficitur,
1527 436 1642 473 tunc

238 511 368 565 fides,
393 511 435 556 si
459 516 643 556 tentata
665 508 943 570 perstiterit,
969 514 1232 560 coronatur,
1257 505 1382 552 sicut
1410 505 1639 565 scriptum

239 594 324 642 est,
381 586 501 634 Vasa
532 584 680 650 fiyuli
717 584 885 649 probat
914 584 1116 647 sornam,
1164 590 1205 631 et
1250 582 1456 629 homines
1488 582 1672 677 jastos⁵
1655 593 1744 625 1:001.
1758 592 1861 624 xxvii.

202 665 427 716 mentatio
474 663 801 711 tribulationis
890 663 995 710 Hoc
1041 662 1246 723 denique
1291 661 1416 707 inter
1464 676 1548 706 nos
1595 646 1684 706 et⁵

238 749 417 789 ceteros
463 742 664 788 interest
709 741 795 802 qui
835 741 994 787 Deum
1041 739 1269 793 nesciunt,
1312 739 1439 799 quod
1480 738 1551 784 illi
1593 738 1644 783 in

238 820 449 866 adversis
485 826 752 880 queruntur
785 825 833 865 et
861 823 1180 870 murmurant,
1206 832 1291 863 nos
1324 817 1522 862 adversa
1550 831 1645 861 non

240 904 440 944 avocant
476 912 505 943 a
539 896 733 942 virtutis
763 902 811 942 et
845 894 955 942 fidei
979 895 1196 948 veritate,
1221 895 1303 940 sed
1338 894 1647 940 corroborant

240 975 291 1021 in
328 976 502 1020 dolore.
576 974 682 1020 Hoc
719 974 845 1033 quod
889 988 1016 1019 nuuc
1054 972 1265 1032 corporis
1301 971 1425 1017 vires
1460 972 1647 1017 solutus

180 1052 288 1098 10in
314 1050 500 1098 fluxum
525 1058 688 1098 venter
716 1052 959 1104 eviscerat,
983 1051 1110 1110 quod
1141 1050 1192 1096 in
1213 1049 1426 1095 faucium
1452 1050 1649 1095 vulnera

242 1135 496 1190 conceptus
531 1128 808 1174 medullitus
844 1128 969 1190 iguis
1005 1133 1267 1182 exaestuat,
1292 1127 1420 1187 quod
1457 1126 1650 1172 assiduo

241 1208 427 1255 vomitu
451 1207 681 1254 intestina
703 1207 1003 1268 quatiuntur,
1027 1208 1155 1267 quod
1179 1206 1304 1253 oculi
1327 1206 1371 1251 vi
1399 1205 1649 1268 sanguinis

242 1287 559 1340 inardescunt,
584 1286 708 1346 quod
745 1285 1047 1344 quorundam
1074 1286 1146 1330 vel
1182 1285 1323 1345 pedes
1352 1285 1427 1329 vel
1459 1284 1650 1343 aliquae

242 1364 563 1410 membrorum
611 1368 769 1422 partes
816 1361 1038 1424 contagio
1089 1361 1333 1407 morbidae
1380 1361 1649 1420 putredinis

182 1455 230 1495 15
243 1445 567 1500 amputantur,
592 1440 718 1499 quod
754 1453 840 1499 per
867 1439 1083 1500 jacturas
1115 1444 1161 1484 et
1197 1439 1372 1484 damna
1396 1453 1649 1498 corporum

243 1524 580 1578 prorumpente
619 1519 849 1580 languore
887 1518 960 1562 vel
999 1517 1280 1563 debilitatur
1316 1517 1538 1570 incessus,
1574 1518 1648 1562 vel

244 1595 437 1642 auditus
471 1594 753 1649 obstruitur,
789 1596 862 1640 vel
898 1602 1115 1641 caecatur
1149 1603 1381 1655 aspectus,
1411 1595 1470 1640 ad
1506 1596 1651 1640 docu-

245 1679 458 1719 mentum
484 1672 672 1732 proficit
692 1671 815 1718 fidei.
885 1672 1067 1718 Contra
1090 1679 1159 1719 tot
1186 1674 1391 1733 impetus
1410 1673 1651 1719 vastitatis

245 1756 293 1796 et
343 1750 512 1796 mortis
570 1749 838 1796 inconcussi
895 1750 1044 1796 animi
1096 1750 1359 1798 virtutibus
1411 1753 1650 1813 congredi,

183 1850 233 1876 20
245 1832 428 1887 quanta
466 1826 669 1886 pectoris
707 1827 991 1889 magnitudo
1033 1836 1117 1882 est,
1159 1836 1341 1888 quanta
1380 1829 1650 1876 sublimitas

246 1903 373 1950 inter
394 1904 558 1950 ruinas
581 1904 769 1967 generis
799 1904 1001 1951 humani
1025 1914 1150 1951 stare
1181 1912 1403 1961 erectum,
1429 1922 1514 1953 nec
1542 1923 1650 1953 cum

247 1981 315 2027 eis
339 1981 513 2041 quibus
533 1996 639 2041 spes
665 1981 716 2027 in
735 1981 893 2027 Deum
913 1984 1044 2028 nulla
1063 1989 1134 2029 est
1146 1984 1306 2045 jacere
1330 1990 1624 2045 prostratum
1642 1985 1651 2031 !

248 2058 493 2104 Gratulari
518 2058 672 2120 magis
690 2064 878 2118 oportet
900 2064 947 2104 et
966 2061 1190 2120 temporis
1214 2076 1388 2107 munus
1412 2061 1651 2121 amplecti,

248 2136 376 2196 quod
422 2137 538 2182 dum
582 2142 795 2182 nostram
842 2135 985 2182 fidem
1038 2136 1229 2184 fortiter
1282 2139 1558 2199 promimus,
1605 2144 1653 2186 et

187 2212 409 2264 25lab0re
445 2214 646 2259 tolerato
683 2214 744 2259 ad
775 2213 1024 2260 Christum
1059 2230 1144 2275 per
1178 2222 1432 2278 angustam
1468 2216 1654 2263 Christi

185 2327 189 2330 .
250 2289 376 2335 viam
415 2291 675 2352 pergimus,
712 2291 977 2350 praemium
1017 2291 1124 2338 viae
1161 2294 1265 2355 ejus
1311 2299 1360 2339 et
1401 2292 1510 2340 fidei
1549 2295 1654 2355 ipso

243 2366 489 2428 judicante
511 2367 769 2427 capiamus.

317 2444 409 2490 IX.
427 2445 567 2491 Mori
591 2447 732 2506 plane
758 2446 940 2501 timeat,
965 2449 1045 2494 sed
1070 2449 1155 2508 qui
1179 2465 1237 2495 ex
1261 2465 1386 2509 aqua
1409 2456 1456 2496 et
1479 2451 1725 2511 spiritum
1706 2463 1826 2496 oorsfr

249 2537 345 2567 non
382 2529 590 2575 renatus,
625 2523 871 2586 gehennae
906 2524 1100 2587 ignibus
1137 2526 1452 2586 mancipatur.
1524 2529 1701 2582 Morini
1665 2508 1762 2538 “⁸⁸¹³
1778 2508 1860 2540 Eth

186 2621 237 2658 30
249 2597 416 2644 timeat
450 2598 535 2658 qui
569 2614 664 2645 non
700 2600 885 2647 Christi
919 2617 1058 2648 cruce
1093 2609 1140 2649 et
1166 2604 1386 2663 passione
1421 2610 1652 2653 censetur.
1664 2554 1804 2670 ’ἐξὲξ

251 2674 381 2720 Mori
406 2675 575 2722 timeat
598 2676 683 2737 qui
707 2678 767 2722 ad
799 2680 1054 2725 secundam
1079 2687 1282 2726 mortem
1306 2682 1364 2727 de
1389 2682 1478 2728 hac
1505 2690 1654 2730 morte
1666 2681 1734 2713 0¹¹
1735 2682 1811 2714 ³⁸5³
1791 2693 1873 2714 amfl-

251 2751 490 2798 transibit.
561 2753 690 2799 Mori
713 2754 880 2802 timeat
903 2772 1046 2816 quem
1069 2759 1128 2803 de
1151 2760 1336 2806 saeculo
1360 2762 1652 2808 recedentem

252 2829 539 2888 perennibus
569 2832 733 2891 poenis
763 2840 957 2880 aeterna
984 2832 1176 2882 flamma
1201 2838 1455 2897 torquebit.
1525 2838 1655 2886 Mori
