2034 3204
404 221 469 263 IN
504 222 748 265 FIRMIL.
774 222 857 263 AD
891 222 934 264 S.
957 222 1266 264 CYI'RIAN.
1301 224 1503 267 EPIST.
1571 223 1651 266 5261

250 332 376 384 atque
406 328 475 370 illo
507 329 613 371 Novi
646 328 833 386 collegii,
864 327 1093 384 ceterisque
1131 328 1305 371 fortasse
1342 330 1476 372 MStis
1508 330 1577 386 qui
1613 330 1654 372 in

250 385 430 428 editione
452 387 586 428 Oxon.
609 386 764 430 adferri
784 386 930 438 solent,
950 386 1103 443 quippe
1123 400 1248 442 quum
1271 387 1384 429 nulla
1403 387 1456 430 sit
1477 387 1655 430 varietas

250 442 433 485 lectionis
468 443 616 486 ibidem
655 450 810 488 notata.
872 444 1067 487 Ceterum
1106 443 1433 487 additamentum
1466 444 1580 494 illud,
1615 454 1655 488 et

249 501 466 556 Spiritum
485 502 704 551 Sanctum,
725 501 767 544 in
794 501 924 544 Codd.
946 501 1126 558 quinque
1155 507 1368 558 repertum
1391 502 1515 544 fuisse
1543 503 1655 544 novi-

212 569 235 607 5
250 572 340 600 mus
371 572 423 600 ex
451 559 595 601 eadem
620 559 812 602 editione.
873 559 1067 602 Ostendit
1094 573 1192 601 vero
1223 559 1289 602 hic
1318 559 1405 616 ipse
1427 559 1654 603 Firmiliani

249 615 360 657 locus
394 622 507 659 recte
542 616 714 659 sensisse
749 617 801 660 dc
842 618 968 660 Patre
1005 616 1190 673 Filioque
1225 618 1300 660 hos
1331 617 1496 674 quidem
1535 618 1655 660 Mon-

249 672 434 716 tanistas.

308 731 353 772 P.
379 733 474 784 246.
506 731 531 773 1.
554 745 594 786 9.
626 732 722 773 Non
751 731 872 774 modo
903 730 1065 788 dicunt]
1098 731 1165 774 Ad
1193 732 1321 774 verba
1353 732 1580 789 superiora,
1608 733 1655 775 in

248 802 392 830 eorum
411 803 584 831 numero
605 790 830 839 habentur,
853 789 955 831 baec
974 789 1188 832 adnotavit
1206 789 1424 832 Baluzius:
1447 789 1515 833 Sic
1535 790 1654 834 resti-

189 859 235 884 10
249 845 400 887 tuimus
429 846 538 888 hunc
569 847 700 888 locum
727 846 974 889 auctoritate
1000 847 1149 891 vetusti
1171 846 1333 890 Codicis
1355 848 1654 904 Compendien-

248 903 302 944 sis
318 908 361 945 et
382 903 632 954 Michaelini,
652 904 694 946 in
710 903 859 960 quibus
878 919 957 947 vox
978 905 1190 947 habentur
1209 911 1273 948 est
1295 905 1559 962 transposita,
1580 906 1654 949 sed

248 967 386 1003 tamen
406 975 498 1003 cum
526 967 624 1004 nota
644 961 774 1004 veteri
794 976 901 1018 quae
929 962 1108 1004 ostendit
1135 962 1203 1004 ubi
1235 963 1426 1020 ponenda
1449 963 1515 1012 sit,
1537 963 1654 1006 nimi-

214 1028 217 1032 ·
247 1033 338 1060 rum
370 1024 464 1075 post
483 1033 621 1061 vocem
650 1034 837 1062 numero.
898 1019 1049 1075 Itaque
1079 1020 1189 1062 cadit
1215 1020 1452 1077 conjectura
1480 1020 1653 1078 Rigaltii

247 1075 356 1118 hunc
407 1076 537 1119 locum
578 1077 846 1119 emendantis.
898 1077 1104 1120 BALUZ.
1172 1078 1307 1129 Quum
1348 1085 1442 1135 post
1481 1079 1652 1124 verbum

187 1144 200 1168 ¹
210 1140 233 1179 5
248 1134 442 1176 obierunt
461 1133 596 1191 posita
615 1141 723 1177 esset
742 1140 840 1177 ante
861 1134 1018 1177 Baluzii
1039 1134 1305 1178 mutationem
1326 1151 1406 1178 vox
1427 1137 1652 1187 habentur,

250 1190 456 1248 Rigaltius
486 1192 618 1234 locum
649 1192 706 1234 sic
737 1192 1038 1234 emendandum
1068 1192 1210 1242 voluit,
1232 1194 1406 1236 Habent
1425 1209 1510 1236 non
1530 1196 1654 1237 modo

248 1250 420 1291 discunt
440 1250 774 1292 emolumentum.
835 1249 971 1292 Affcrt
991 1265 1090 1292 vcro
1111 1250 1249 1292 Fellus
1276 1251 1439 1307 longam
1461 1252 1534 1293 sed
1555 1252 1654 1294 satis

249 1311 478 1349 contortam
520 1306 903 1364 interpretationem
946 1308 1178 1357 verborum,
1219 1324 1302 1350 nou
1341 1311 1464 1351 modo
1501 1311 1654 1352 dicunt

249 1365 583 1407 emolumentum.
626 1364 766 1406 Ausim
787 1379 889 1422 ergo
910 1379 1125 1421 reponere,
1144 1366 1246 1408 Non
1265 1368 1479 1409 modicum
1499 1368 1653 1409 emolu-

191 1429 461 1471 20mentum;
493 1422 668 1473 Graece,
700 1422 761 1464 Οὐ
789 1422 951 1476 μέτριον
983 1422 1117 1476 κέρδος
1150 1423 1340 1474 ἀληθείας
1375 1424 1439 1465 καὶ
1470 1425 1651 1469 πίστεως.

251 1479 430 1522 Exstant
459 1494 590 1528 voceS‚
619 1494 701 1522 mm
731 1481 958 1530 modicum,
983 1494 1123 1537 supra,
1156 1481 1196 1535 ξ.
1223 1493 1287 1523 12.
1350 1482 1405 1523 Et
1436 1489 1652 1538 postquam

249 1536 350 1579 haec
384 1537 540 1594 scripsi,
576 1536 671 1579 visis
703 1537 867 1580 Marani
899 1537 1037 1580 verbis
1071 1538 1237 1603 gavisus
1271 1554 1375 1588 sum,
1412 1540 1522 1595 quod
1554 1547 1652 1582 ante

246 1609 311 1636 mo
338 1595 481 1637 eodem
509 1594 597 1637 fere
624 1595 744 1637 modo
766 1594 799 1637 is
826 1595 958 1637 locum
985 1610 1196 1653 corrigere
1220 1596 1427 1639 voluisset.
1489 1604 1498 1620 ‘
1514 1598 1652 1640 Alium

247 1660 257 1675 ‘
275 1652 435 1704 locum,'
458 1652 604 1709 inquit,
627 1652 778 1710 ‘longe
802 1652 1066 1695 difficiliorem
1088 1654 1310 1696 emendare
1330 1655 1524 1697 conabor.
1589 1656 1652 1698 Dc

185 1716 257 1755 25⁴
274 1709 324 1752 iis
360 1710 430 1767 qui
477 1710 578 1753 foris
617 1710 814 1767 baptizati
858 1710 945 1753 sine
985 1725 1091 1754 novo
1132 1711 1345 1768 Baptismo
1384 1713 1426 1754 in
1469 1712 1652 1756 Ecclesia

247 1774 257 1790 ‘
275 1767 481 1818 obierunt,
520 1767 577 1810 sic
623 1767 768 1810 statuit
815 1767 1086 1811 Firmilianus.
1147 1770 1200 1811 Si
1238 1771 1290 1812 de
1338 1772 1652 1814 saeculo—non

245 1832 254 1848 ⁸
276 1833 376 1868 sunt
395 1833 527 1868 morte
541 1827 782 1882 praeventi.
830 1825 1052 1868 Existimat
1072 1826 1280 1883 Rigaltius
1301 1828 1472 1870 verbum
1493 1829 1651 1871 habent

245 1889 254 1905 ‘
272 1883 554 1939 reponendum
584 1888 678 1939 post
705 1883 928 1934 habentur,
957 1890 1001 1926 et
1029 1883 1086 1926 sic
1116 1885 1335 1927 emendat:
1367 1885 1538 1928 Habent
1566 1901 1651 1928 non

246 1941 396 1982 ‘modo
423 1939 586 1982 discunt
610 1941 932 1983 emolumentum
961 1942 1160 1984 veritatis
1186 1950 1225 1984 et
1241 1941 1385 1999 fidei;
1418 1943 1491 1985 sed
1521 1943 1651 1986 multo

180 2011 232 2046 30
242 2004 251 2021 ¹
277 1997 414 2054 aptius
433 1997 515 2055 legi
531 2004 684 2054 posset,
701 1999 875 2042 Habent
889 2013 974 2042 non
988 2000 1203 2042 modicum
1218 2000 1551 2050 emolumentum,
1573 2015 1650 2058 pro

245 2062 255 2079 ‘
277 2070 361 2097 nou
380 2057 504 2098 modo
522 2056 675 2098 dicunt
698 2064 777 2098 aut
801 2070 884 2099 non
914 2058 1037 2099 modo
1058 2057 1252 2100 discunt!
1303 2058 1420 2100 Haec
1450 2059 1651 2102 Maranus

242 2112 285 2154 in
308 2112 391 2155 Vit.
410 2113 456 2155 S.
470 2112 669 2170 Cypriani
692 2114 731 2168 ξ.
755 2113 869 2166 xxxi,
890 2128 928 2171 p.
944 2114 1078 2156 cxviii.
1123 2114 1208 2157 Sed
1227 2115 1340 2158 haud
1361 2130 1525 2158 necesse
1545 2130 1648 2167 esse,

244 2175 291 2213 ut
309 2169 489 2213 addatur
508 2172 678 2222 habeut,
699 2170 857 2228 opinor.

303 2227 349 2270 l’.
372 2238 469 2282 247.
501 2227 526 2269 l.
549 2242 585 2270 1.
616 2228 859 2271 necessitate
889 2229 1185 2286 persecutionis
1218 2236 1384 2272 coactus
1413 2231 1645 2288 succubuit]

179 2291 230 2330 35
244 2284 337 2338 Hic,
358 2285 468 2341 quod
489 2291 649 2328 constat
667 2301 720 2328 cx
740 2286 1032 2344 superioribus,
1053 2287 1225 2330 clericus
1244 2288 1499 2345 designatur.
1557 2289 1650 2332 Cle-

243 2342 352 2384 ricus
371 2349 508 2385 autem
538 2343 676 2400 lapsus
702 2344 847 2387 ordine
877 2359 994 2388 sacro
1020 2345 1176 2388 moveri
1195 2345 1339 2388 solitus
1358 2353 1433 2397 est,
1456 2361 1591 2404 neque
1610 2346 1649 2391 ei

243 2400 357 2443 licuit
377 2407 424 2443 ut
444 2401 679 2458 baptizandi
699 2401 825 2445 ritum
845 2402 1168 2446 administraret.

302 2458 406 2501 Ibid.
444 2458 470 2501 l.
498 2472 541 2524 3.
576 2459 742 2501 Patrem
775 2465 818 2502 et
850 2460 986 2503 Deum
1020 2460 1194 2517 Christi]
1228 2462 1315 2503 Ista
1345 2461 1402 2503 sic
1436 2469 1647 2518 ponuntur

243 2522 438 2572 tanquam
479 2530 514 2558 si
550 2516 664 2559 Deus
698 2523 806 2560 esset
841 2517 1028 2560 conditor
1062 2518 1217 2561 Christi
1249 2526 1292 2561 et
1331 2519 1457 2561 totius
1490 2519 1646 2562 mundi.

179 2583 230 2617 40
245 2573 479 2616 Videndum
499 2573 627 2630 igitur
646 2589 701 2617 an
724 2574 844 2617 lectio
866 2575 1016 2618 veteris
1036 2575 1129 2618 libri
1151 2576 1383 2633 Remigiani
1408 2583 1451 2618 et
1472 2577 1646 2620 duorum

244 2631 564 2688 Anglicanorum
595 2632 870 2688 praeferenda
898 2633 964 2682 sit,
985 2633 1056 2689 qui
1085 2647 1162 2690 pro
1187 2634 1351 2676 Christi
1381 2635 1537 2677 habent
1559 2635 1645 2678 Do-

243 2690 406 2731 minum
432 2697 635 2732 nostrum.
697 2691 755 2732 At
785 2689 819 2732 si
850 2704 900 2732 ea
925 2690 1045 2733 lectio
1073 2690 1221 2747 placet,
1252 2691 1436 2734 tollenda
1460 2698 1524 2734 est
1551 2706 1646 2735 con-

236 2746 408 2802 junctio.
456 2747 504 2788 In
526 2761 607 2789 uno
628 2761 719 2789 meo
738 2746 892 2804 legitur
912 2748 1091 2791 Domini
1114 2749 1291 2792 Christi.
1324 2749 1530 2792 BALUZ.
1579 2750 1645 2792 Ex

243 2803 340 2847 edit.
365 2804 498 2846 Oxon.
521 2810 681 2848 constat
702 2810 865 2848 exstare
894 2805 1019 2848 verba
1040 2807 1269 2848 Dominum
1297 2807 1528 2858 Christum,
1549 2822 1644 2856 non,

179 2867 229 2906 45
245 2868 289 2905 ut
320 2861 375 2905 ait
409 2862 613 2911 Baluzius,
638 2863 867 2906 Dominum
900 2872 1102 2913 nostrum,
1129 2864 1170 2906 in
1200 2864 1328 2907 Codd.
1363 2866 1437 2906 Ar.
1467 2871 1510 2909 et
1537 2865 1646 2908 Novi
