2034 3204
444 234 531 274 242
951 232 1337 275 FIRMILIANI

442 356 583 402 goga,
620 341 735 401 quia
769 358 852 387 nec
887 357 1061 401 sponsa
1099 349 1184 392 est,
1222 343 1438 387 adultera
1474 346 1521 385 et
1561 338 1843 395 fornicaria3

442 420 568 464 unde
593 435 676 465 nec
701 426 857 479 potest
880 419 1001 465 filios
1020 419 1112 465 Dei
1135 435 1312 479 parere.
1369 418 1477 464 Nisi
1501 418 1558 472 si,
1583 418 1843 463 secundum

442 497 568 554 quod
610 496 855 555 Stephano
895 497 1100 551 videtur,
1141 496 1348 542 haeresis
1395 495 1588 555 quidem
1629 493 1757 554 parit
1796 499 1844 539 et

441 572 654 631 exponit,
690 573 930 632 expositos
962 579 1122 618 autem
1154 573 1371 618 Ecclesia
1403 571 1620 631 suscipit,
1648 577 1696 616 et
1724 585 1844 630 quos

441 665 535 694 non
571 649 676 709 ipsa
712 650 949 710 pepererit
988 665 1075 710 pro
1112 650 1211 696 suis
1248 649 1415 702 nutrit,
1450 664 1599 708 quum
1636 648 1843 694 filiorum
1857 653 1880 692 5

439 726 703 772 alienorum
727 734 882 772 mater
903 743 1006 773 esse
1028 743 1123 773 non
1156 727 1320 786 possit,
1391 726 1459 772 Et
1490 727 1597 772 ideo
1621 725 1844 772 Christus

439 803 676 849 Dominus
722 810 883 849 noster
925 819 1069 849 unam
1115 820 1216 850 esse
1262 804 1574 850 manifestans
1619 818 1843 863 sponsam

439 894 592 934 suam,
627 887 674 926 et
710 881 911 926 unitatis
946 883 1050 942 ejus
1085 888 1432 928 sacramentum
1469 882 1727 934 declarans,
1760 879 1842 933 ait,

219 956 359 988 Luc-xi·
374 967 424 998 ²3·
441 956 535 1016 Qui
558 973 649 1003 non
668 964 732 1004 est
752 974 936 1012 mecum,
957 959 1173 1005 adversm
1198 975 1267 1004 me
1291 964 1369 1014 est,
1387 963 1428 1005 et
1451 958 1532 1020 qm?
1555 974 1646 1004 non
1670 973 1841 1004 mecum

438 1034 624 1098 colliyit,
663 1035 854 1098 spmssqit.
943 1036 994 1082 Si
1036 1037 1165 1082 enim
1202 1036 1447 1082 nobiscum
1490 1042 1560 1082 est
1603 1035 1840 1094 Christus,
1860 1050 1908 1076 10

437 1114 661 1159 haeretici
703 1122 864 1159 autem
903 1129 997 1159 non
1035 1120 1148 1159 sunt
1185 1113 1444 1166 nobiscum,
1478 1129 1564 1173 pro
1598 1119 1727 1158 certo
1761 1113 1844 1158 ad-

436 1207 600 1237 versus
625 1191 872 1237 Christum
899 1198 1012 1237 sunt
1036 1191 1286 1246 haeretici3
1324 1197 1372 1237 et
1395 1191 1436 1236 si
1460 1206 1546 1236 nos
1570 1189 1841 1252 colligimus

437 1285 546 1316 cum
571 1269 778 1320 Christo,
803 1285 899 1314 non
934 1269 1167 1332 colligunt
1202 1275 1362 1315 autem
1397 1268 1642 1314 nobiscum
1682 1268 1843 1313 haere-

438 1346 534 1398 tici,
559 1347 661 1392 sine
684 1346 831 1393 dubio
854 1353 1102 1409 spargunt.

215 1429 422 1503 ξζέζὲῐῖοῃ
503 1424 595 1470 ΧΙ.
638 1425 729 1471 Sed
778 1441 862 1471 nec
903 1425 1022 1471 illud
1063 1426 1462 1485 praetereundum
1503 1430 1576 1471 est
1621 1441 1650 1470 a
1689 1423 1838 1478 nobis,
1858 1436 1906 1475 15

213 1516 384 1551 clusus,et
433 1503 560 1561 quod
597 1518 626 1547 a
659 1502 793 1547 vobis
829 1503 1092 1548 necessario
1126 1503 1306 1549 dictum
1343 1509 1429 1555 est,
1454 1504 1580 1563 quod
1616 1501 1838 1554 Ecclesia,

215 1571 293 1591 “¹⁰³
308 1563 405 1591 ΨΜ
435 1581 695 1625 secundum
744 1580 996 1626 Canticum
1047 1580 1370 1635 Canticomin,
1418 1578 1576 1626 hortus
1624 1582 1687 1626 sit
1733 1595 1839 1625 con-

214 1614 315 1644 quam
332 1614 397 1634 non

215 1651 266 1678 ‘³⁸‘
282 1647 380 1678 ⁸²¹⁰*
432 1654 598 1706 dmm,
623 1662 665 1701 et
683 1655 803 1718 fons¹
833 1658 1055 1720 siuqnatccs,
1077 1657 1327 1719 paradisus
1362 1673 1461 1704 cum
1484 1657 1653 1719 fructu
1682 1671 1842 1719 pomo-

215 1692 407 1722 Gant.iv.12

432 1749 550 1778 rum.
621 1734 717 1787 Qui
755 1741 914 1780 autem
949 1751 1194 1794 nunquam
1226 1735 1274 1779 in
1307 1735 1435 1780 hunc
1466 1735 1659 1780 hortum
1692 1733 1842 1779 intro-

435 1812 606 1865 ierunt,
632 1827 784 1871 neque
817 1813 1091 1871 paradisum
1126 1828 1153 1857 a
1176 1813 1280 1858 Deo
1312 1812 1536 1857 Creatore
1570 1812 1836 1870 plantatum
1855 1830 1904 1855 20

433 1888 669 1940 viderunt,
695 1891 934 1948 quomodo
969 1890 1027 1935 de
1059 1890 1203 1942 fonte,
1239 1889 1321 1948 qui
1358 1889 1488 1934 intus
1525 1888 1735 1934 inclusus
1767 1894 1840 1933 est

431 1973 479 2011 et
513 1966 679 2011 divino
713 1967 873 2028 sigillo
908 1967 1126 2029 signatus
1161 1973 1247 2018 est,
1272 1982 1445 2026 aquam
1471 1966 1630 2011 vivam
1662 1966 1837 2012 lavacri

431 2043 655 2088 salutaris
694 2044 918 2103 praebere
953 2043 1095 2090 alicui
1132 2044 1394 2103 poterunt?
1445 2043 1607 2096 Quum
1644 2058 1756 2089 vero
1790 2049 1838 2088 et

432 2136 540 2166 arca
566 2121 670 2166 Noe
696 2121 815 2166 nihil
849 2121 978 2167 aliud
1013 2121 1159 2167 fuerit
1190 2137 1332 2181 quam
1368 2127 1717 2167 sacramentuin
1745 2121 1838 2167 Ec-

431 2198 599 2243 clesiae
623 2198 818 2252 Christi,
839 2215 961 2258 quae
980 2206 1108 2253 tunc,
1127 2199 1348 2245 omuibus
1373 2199 1487 2245 foris
1513 2199 1834 2259 pereuntibus
1853 2219 1901 2257 25

431 2292 510 2320 eos
534 2278 658 2321 solos
683 2276 889 2322 servavit
912 2276 994 2335 qui
1023 2277 1149 2322 intra
1172 2293 1328 2323 arcam
1350 2277 1559 2330 fuerunt,
1585 2276 1836 2322 manifeste

434 2353 718 2399 instruimur
766 2355 823 2399 ad
872 2354 1111 2399 Ecclesiae
1160 2354 1391 2399 unitatem
1444 2354 1835 2414 perspiciendam,

430 2432 831 2489 quemadmodum
869 2438 916 2476 et
953 2431 1214 2490 Apostolus
1254 2432 1424 2477 Petrus
1461 2431 1633 2491 posuit,
1659 2430 1834 2485 dicens,

218 2523 226 2544 ι
249 2513 322 2544 rot.
344 2515 387 2545 m.
432 2505 518 2552 Sic
540 2513 580 2550 et
605 2525 686 2552 uox
709 2505 925 2553 similite}-
948 2506 1101 2554 salvos
1121 2507 1273 2570 facim
1308 2507 1544 2571 baplimnm
1569 2511 1834 2563 osteudens,

213 2567 262 2588 η
430 2585 655 2643 quoniam
695 2586 933 2645 quomodo
970 2586 1051 2645 qui
1096 2602 1202 2631 cum
1243 2586 1346 2631 Noc
1389 2586 1435 2631 in
1478 2602 1586 2633 fui-a
1628 2602 1722 2632 non
1761 2587 1834 2633 fu-
1849 2604 1900 2639 30

429 2669 584 2714 crunt,
612 2678 702 2707 non
731 2670 917 2708 tautum
947 2663 1135 2724 purgati
1163 2670 1210 2709 et
1234 2664 1403 2709 salvati
1430 2679 1513 2724 pei·
1542 2680 1715 2724 nquam
1741 2681 1832 2711 non

429 2746 555 2791 sunt,
583 2740 661 2783 scel
703 2739 864 2785 statim
902 2739 1085 2785 diluvio
1120 2740 1202 2785 illo
1238 2741 1490 2800 perierunt,
1524 2742 1590 2787 sic
1625 2748 1672 2788 et
1708 2757 1833 2787 nunc

428 2814 700 2875 quicunque
739 2816 784 2861 iu
826 2816 1038 2863 Ecclesia
1073 2833 1179 2863 cum
1207 2817 1400 2863 Christo
1437 2834 1528 2863 non
1566 2826 1692 2873 sunt,
1719 2819 1832 2864 foris
