2034 3204
291 868 293 870 ,
362 806 423 872 S.
471 806 921 871 CAECILII
978 806 1472 872 CYPRIANI

851 955 996 983 LIBER

445 1061 538 1108 DE
589 1061 955 1108 IDOLORUM
1005 1061 1389 1109 VANITATE.

274 1291 409 1351 Quod
431 1291 555 1339 idola
579 1292 650 1339 dii
673 1309 764 1340 non
786 1294 894 1347 sint,
918 1300 959 1340 et
982 1293 1105 1357 qaod
1127 1292 1255 1340 Deus
1280 1310 1398 1340 unus
1421 1294 1495 1348 sit,
1519 1300 1561 1339 et

180 1388 202 1426 5
330 1369 453 1432 quod
469 1386 554 1432 per
579 1370 816 1419 Cleo-istum
841 1370 965 1418 salus
989 1370 1271 1418 credentibus
1294 1370 1403 1417 data
1426 1371 1500 1417 sit.

215 1492 253 1538 Ι.
293 1463 503 1541 DEOS
538 1509 632 1540 non
667 1510 768 1540 esse
801 1509 921 1555 quos
955 1494 1069 1541 colit
1103 1496 1279 1557 vulgus
1314 1494 1425 1541 hinc
1450 1502 1614 1541 notum
1631 1513 1780 1559 nfigen.

214 1577 313 1615 est:
349 1586 482 1633 reges
509 1571 622 1618 olim
657 1572 864 1626 fuerunt,
888 1571 973 1632 qui
1005 1572 1066 1617 ob
1097 1573 1303 1634 regalem
1336 1570 1615 1618 memoriam
1628 1565 1713 1640 ἓξὲξ
1713 1564 1837 1639 (1ῗὲθῦ

213 1646 304 1693 coli
343 1648 472 1708 apud
513 1663 623 1694 suos
659 1650 960 1708 postmodum
997 1648 1143 1694 etiam
1182 1648 1231 1694 in
1268 1655 1420 1695 morte
1455 1664 1618 1709 coepe·
1628 1653 1745 1688 ssmcti·

214 1731 342 1771 runt.
414 1725 531 1771 Inde
568 1725 663 1771 illis
698 1725 922 1772 instituta
955 1728 1146 1786 templa,
1183 1726 1294 1772 inde
1328 1727 1389 1772 ad
1423 1726 1619 1773 defunc-

155 1823 203 1848 10
215 1807 374 1847 torum
421 1803 583 1847 vultus
630 1817 714 1861 per
760 1801 1018 1863 imaginem
1065 1801 1346 1847 detinendos
1393 1817 1618 1862 expressa

215 1877 500 1932 simulacra3
542 1884 590 1923 et
635 1877 946 1924 immolabant
994 1878 1188 1930 hostias,
1235 1886 1283 1924 et
1327 1878 1429 1924 dies
1475 1878 1619 1924 festos

215 1962 353 2003 tanto
385 1956 562 2002 honore
592 1956 905 2002 celebrabant.
978 1955 1096 2001 Inde
1124 1955 1325 2015 posteris
1347 1956 1476 2002 facta
1507 1962 1620 2002 sunt

218 2048 352 2079 sacra
380 2049 503 2094 quae
526 2033 696 2093 primis
718 2033 911 2079 fuerant
933 2040 1180 2094 assumpta
1203 2034 1387 2080 solatia.
1459 2033 1527 2079 Et
1551 2033 1621 2079 vi-

217 2110 414 2156 deamus
437 2126 499 2156 an
522 2111 587 2156 sit
609 2119 657 2156 et
681 2111 795 2157 haec
825 2112 954 2171 apud
978 2111 1192 2174 singulos
1216 2110 1405 2158 veritas.
1478 2111 1621 2158 Meli-

155 2205 201 2243 15
216 2195 366 2234 certes
389 2195 436 2234 et
460 2189 731 2236 Leucothea
754 2189 1131 2250 praecipitantur
1153 2189 1203 2235 in
1237 2190 1400 2242 maria,
1426 2195 1473 2236 et
1497 2188 1620 2236 fiunt

214 2267 514 2326 postmodum
550 2267 694 2313 maris
718 2267 929 2313 numina.
1000 2267 1220 2313 Castores
1251 2267 1448 2313 alternis
1477 2267 1621 2313 mori-

214 2349 364 2388 untur
396 2349 452 2389 ut
486 2343 664 2390 vivant.
735 2343 1051 2404 Aesculapius
1086 2351 1141 2390 ut
1176 2344 1227 2391 in
1260 2344 1417 2390 Deum
1452 2352 1618 2407 surgat

213 2419 512 2466 fulminatur.
598 2421 828 2468 Hercules
874 2428 929 2467 ut
973 2421 1215 2467 hominem
1263 2432 1408 2468 exuat
1454 2422 1617 2468 Oeteis

214 2496 407 2559 ignibus
439 2505 778 2546 concrematur.
848 2499 1026 2559 Apollo
1048 2499 1258 2545 Admeto
1292 2515 1435 2560 pecus
1466 2501 1615 2560 pavit.

150 2593 201 2618 20
215 2573 529 2621 Laomedonti
565 2591 725 2622 muros
763 2576 1019 2636 Neptunus
1055 2576 1280 2630 instituit,
1319 2593 1402 2623 nec
1444 2593 1618 2623 merce-

212 2651 320 2696 dem
355 2651 510 2711 operis
544 2652 712 2699 infelix
744 2659 950 2700 structor
979 2654 1173 2714 accepit.
1242 2655 1456 2701 Antrum
1479 2655 1511 2700 J
1514 2655 1616 2701 ovis

212 2728 263 2774 in
298 2729 442 2775 Creta
483 2730 669 2784 visitur,
707 2737 755 2776 et
794 2733 1061 2791 sepulcrum
1109 2732 1212 2793 ejus
1253 2732 1533 2785 ostenditur,
1569 2740 1616 2778 et

211 2806 272 2851 ab
295 2822 350 2852 eo
375 2807 636 2854 Saturnum
662 2808 883 2869 fugatum
908 2825 1008 2855 esse
1036 2809 1343 2856 manifestum
1368 2817 1466 2855 est:
1504 2811 1613 2856 inde
