2034 3204
452 216 765 261 ADVERSUS
797 214 999 259 OMNES
1030 212 1350 255 HAERESES.
1521 211 1603 252 221

202 323 487 380 praecedentis
516 328 559 366 et
586 322 786 379 principio
815 321 1024 378 sequentis
1057 321 1202 364 inscite
1241 320 1458 363 conflatam
1492 334 1606 370 esse;

201 386 327 446 atque
343 381 449 423 hanc
465 380 740 436 conjecturam
759 394 839 422 non
854 393 1018 436 possum
1039 378 1139 435 quin
1158 378 1344 435 probem.
1375 378 1402 419 J
1409 377 1488 419 UN
1496 377 1606 426 IUS,

203 453 268 480 cul
288 438 454 494 quidem
483 437 665 480 adsentit
695 437 916 480 Semlerus.
975 436 1034 478 At
1053 450 1153 478 vero
1175 450 1314 477 vocem
1343 449 1480 477 semen
1508 434 1608 476 reti-

203 495 381 537 nendam
414 495 491 537 hoc
521 495 609 537 loco
644 509 746 543 esse,
779 493 925 550 cuique
951 493 1112 551 patebit
1144 492 1445 535 Tertullianum
1481 491 1607 548 inspi-

165 556 189 596 5
203 552 326 594 cienti
345 552 388 594 in
417 552 523 594 libro
554 553 667 594 advs.
690 551 1013 601 Valentinianos,
1035 565 1151 608 capp.
1169 562 1205 604 7.
1229 556 1273 592 et
1291 562 1358 605 25,
1380 548 1451 591 ubi
1467 549 1519 591 de
1544 548 1608 590 his

201 609 324 666 nugis
345 609 590 666 disputatur.

260 667 309 708 P.
330 669 425 720 167.
460 667 488 708 l.
512 669 577 708 16.
614 666 666 709 de
702 666 902 709 Sermone
933 671 1072 708 autem
1107 670 1150 708 et
1184 663 1290 721 vita]
1329 663 1494 706 Scilicet
1528 662 1607 712 his,

201 738 310 831 (15οὲ
337 724 525 797 proxime
558 729 656 766 ante
688 724 972 781 appellaverat
1010 724 1190 766 Verbum
1221 731 1261 765 et
1291 723 1441 771 vitam,
1472 722 1608 775 Λόγον

203 799 224 823 Κ
306 799 335 822 ω
364 798 399 823 1}-

141 850 190 876 10
260 799 365 880 Ibiciy.
397 838 424 880 1.
456 851 522 894 23.
550 838 593 880 in
617 838 908 893 defectionem]
932 838 1158 880 ¹*Fortasse
1185 836 1265 886 hic,
1293 841 1337 878 et
1367 842 1523 892 postea,
1559 837 1608 877 in

201 897 431 951 defectione
451 896 685 952 legendum,
707 901 831 952 prout
858 895 900 936 in
926 896 1019 938 edd.
1041 895 1199 951 aliquot
1218 893 1426 936 scribitur.
1487 894 1608 935 Attae

201 967 295 995 men
325 953 435 995 infra
465 954 593 995 habes
619 954 662 995 in
690 953 918 994 Firmiliani
950 953 1148 1018 Epistola,
1177 966 1266 1008 cap.
1294 953 1333 999 8,
1364 953 1412 993 in
1438 952 1608 993 aaa-tasin

201 1012 447 1053 constituta.
510 1012 705 1076 Ceterum
735 1010 794 1052 ait
824 1011 1116 1076 TertullianuS,
1147 1010 1264 1051 advs.
1296 1007 1608 1073 Valentinianos

140 1131 188 1170 1⁵
201 1065 1610 1183 &53:3210¹3&sssz3¹35.ss{35302333553332332333123?ssss
1644 1171 1650 1177 ,

202 1188 214 1206 ⁶
229 1188 273 1225 et
292 1183 481 1240 conjugio
501 1183 750 1232 restitutam,
766 1189 809 1225 et
829 1182 959 1239 ipsam
975 1182 1142 1238 quidem
1162 1182 1203 1223 in
1225 1180 1463 1238 pleromatis
1481 1194 1608 1222 censu

201 1246 212 1264 ‘
225 1240 483 1283 remansisse.
529 1240 802 1296 Enthymesin
823 1240 934 1282 vero*
962 1241 1105 1296 [quam
1125 1244 1169 1281 et
1188 1238 1422 1280 Achamoth
1444 1243 1605 1288 vocant,

199 1297 329 1340 verba
349 1297 513 1340 Irenaei
531 1303 628 1340 sunt
647 1297 720 1340 lib.
742 1311 770 1338 1.
793 1296 881 1340 init.
903 1312 992 1353 cap.
1014 1312 1055 1350 4η
1077 1311 1253 1352 quocum
1283 1295 1487 1338 consentit
1502 1295 1607 1337 Ter-

199 1354 407 1407 tullianus,
429 1369 476 1397 ca
509 1387 519 1397 .
546 1368 610 1408 14.
639 1360 683 1397 et
710 1354 827 1410 alibi]
856 1361 866 1378 ‘
883 1354 972 1411 ejus
992 1360 1035 1396 et
1066 1354 1176 1396 illam
1208 1352 1478 1410 appendicem
1507 1353 1606 1395 Pas-

136 1427 187 1454 20
201 1418 212 1436 ‘
225 1412 379 1454 sionem
399 1413 452 1454 ab
518 1426 591 1454 oro
610 1412 839 1477 relegatam
860 1417 904 1454 et
925 1411 1175 1459 crucifixam,
1196 1417 1240 1453 et
1259 1417 1381 1452 extra
1400 1424 1495 1452 eum
1521 1410 1606 1452 fae-

200 1475 210 1494 ‘
224 1475 335 1519 tam3
366 1469 532 1518 malum,
553 1470 662 1525 quod
684 1474 814 1518 amnt,
834 1469 971 1511 foras!
1024 1469 1141 1510 Haec
1162 1467 1454 1510 Tertullianus.

257 1526 364 1569 Ibid.
395 1526 424 1569 l.
447 1527 515 1570 26.
546 1526 656 1569 dicto
679 1527 786 1576 Jao;
817 1526 895 1569 hoc
949 1525 1201 1569 renuntiatio
1221 1523 1425 1582 appellat]
1448 1525 1604 1567 Vocem

196 1585 286 1627 Jao
304 1584 538 1627 nescierunt
558 1583 758 1627 editiones
785 1590 884 1627 ante
949 1583 1155 1632 amelium,
1176 1583 1247 1640 qui
1277 1583 1516 1625 Macereum
1542 1596 1603 1624 se-

197 1647 316 1684 cutus
341 1647 417 1689 est,
440 1641 643 1684 Gallicum
672 1641 795 1698 hujus
823 1641 949 1684 libelli
971 1642 1263 1698 Interpretem,
1284 1655 1337 1683 ex
1359 1640 1534 1682 Irenaeo
1561 1645 1605 1682 et

136 1707 184 1747 25
201 1698 432 1756 Epiphanio
452 1699 585 1741 locum
605 1699 894 1755 corrigentem.
955 1699 1199 1756 Legendum
1219 1713 1319 1740 vero
1342 1699 1498 1740 mm
1526 1711 1604 1754 pro

197 1757 394 1806 misisset,
415 1756 526 1813 quod
555 1756 711 1799 habent
730 1756 848 1799 editt.
870 1755 1170 1799 Rhenanianae
1189 1762 1233 1798 et
1254 1755 1386 1798 Paris.
1409 1761 1602 1811 utraque,

197 1818 292 1870 post
331 1813 580 1856 Rhenanum
655 1819 900 1870 roposuerat
942 1813 1141 1856 Latinius.
1217 1813 1285 1855 Ad
1324 1813 1466 1861 verba,
1506 1813 1604 1855 Hoc

190 1872 496 1926 pronuntiatio
515 1828 710 1927 appeilat,
731 1871 905 1914 adnotat
931 1870 1164 1920 Pamelius;
1196 1876 1208 1895 ‘
1224 1896 1284 1903 —
1297 1870 1469 1912 Addens
1491 1869 1604 1926 [Ma-

200 1933 211 1951 ‘
224 1941 368 1970 cereus
396 1928 440 1970 in
469 1927 855 1984 Annotationibus],
876 1929 973 1971 Hoc
995 1928 1300 1984 pronuntiatio
1326 1927 1535 1983 appellat,
1555 1941 1604 1969 ac

133 2003 185 2040 30
199 1990 210 2008 ‘
223 1984 258 2027 si
287 1985 411 2035 dicat,
433 1985 518 2028 tale
546 1985 719 2028 sortitur
747 2000 895 2028 nomen
921 1986 989 2028 ille
1015 1984 1254 2042 pleromatis
1281 1991 1431 2036 custos,
1456 1984 1604 2027 alludit

199 2048 209 2066 ‘
222 2042 277 2084 ad
308 2042 694 2085 Heracleonitarum
722 2049 766 2086 et
795 2042 1094 2085 Marcosiorum
1128 2042 1333 2091 haeresin,
1364 2056 1484 2098 quae,
1516 2042 1604 2084 Ire-

197 2105 211 2125 ‘
227 2113 331 2142 naeo
360 2099 430 2143 lib.
451 2113 480 2142 1.
514 2115 548 2143 c.
570 2114 610 2154 9,
632 2106 675 2143 et
702 2100 936 2166 Epiphanio
965 2101 1093 2143 Haer.
1115 2113 1184 2155 34,
1212 2100 1400 2148 testibus,
1421 2099 1500 2141 hoc
1529 2099 1603 2141 ad-

197 2163 207 2180 ‘
222 2157 423 2206 struebat,
454 2157 565 2213 quod
600 2157 757 2214 primus
787 2158 856 2200 ille
891 2163 1026 2215 pater,
1056 2157 1127 2214 qui
1153 2157 1263 2200 infra
1290 2162 1462 2199 vocatur
1491 2157 1602 2199 Pro-

198 2219 208 2237 ‘
215 2223 351 2270 potor
370 2216 548 2269 Bythos,
579 2214 890 2272 pronunciando
914 2221 957 2258 et
985 2215 1210 2272 aperiendo
1231 2229 1276 2256 os
1296 2214 1482 2257 Verbum
1503 2213 1603 2256 emi-

133 2283 184 2322 35
199 2278 210 2293 ‘
223 2271 289 2321 sit,
320 2272 431 2327 quod
460 2272 629 2315 adstans
659 2272 884 2328 quemlibet
913 2274 1096 2315 Aeonem
1125 2272 1289 2314 nomine
1318 2286 1392 2314 suo
1419 2271 1602 2328 appella-

199 2334 209 2352 ‘
226 2329 310 2372 bat.
374 2329 516 2381 Quare
553 2335 666 2372 recte
707 2330 935 2372 Rhenanus
973 2330 1169 2373 lectorem
1209 2329 1368 2372 remisit
1405 2329 1461 2371 ad
1499 2328 1602 2370 illud

198 2386 333 2428 ‘infra
360 2386 413 2429 de
444 2387 726 2438 Heracleone;
756 2389 831 2430 sed
859 2389 1049 2430 novitate
1068 2389 1257 2443 quodam
1278 2387 1603 2443 pronuntiatio-

199 2448 209 2467 ‘
223 2445 292 2486 nis
321 2444 414 2486 vult
439 2445 583 2487 videri
612 2446 709 2487 alia
735 2446 905 2488 sentire.
966 2446 1213 2487 Introduc-it
1242 2445 1355 2487 enim
1384 2445 1604 2499 imprimis

199 2506 209 2522 ‘
224 2501 338 2542 illud
346 2502 489 2556 fitieae
508 2503 622 2557 quod
635 2503 923 2558 pronuntiat?
957 2502 1085 2544 Infra.
1132 2501 1340 2559 Rigaltius
1359 2507 1498 2543 autem
1517 2501 1601 2550 ait;

133 2573 185 2608 40
199 2563 209 2581 ⁸
223 2556 403 2600 Videtur
434 2558 590 2614 aliquid
623 2559 779 2609 deesse,
810 2560 921 2615 quod
953 2559 1136 2615 suppleri
1165 2565 1305 2615 posset
1335 2573 1388 2600 ex
1417 2557 1468 2600 iis
1496 2572 1603 2614 quae

198 2614 420 2671 ‘leguntur
446 2615 515 2658 lib.
543 2615 742 2658 adversus
760 2616 1074 2659 Valentinianos
1099 2630 1197 2673 pag.
1222 2617 1319 2671 296.
1384 2616 1494 2657 Tam
1523 2616 1603 2657 im-

198 2678 208 2695 ‘
217 2680 402 2728 portune
411 2673 538 2727 filiae
549 2675 813 2724 occurrisset,
827 2682 876 2716 ut
894 2675 1025 2716 etiam
1041 2674 1297 2716 inclamarit
1311 2675 1360 2715 in
1375 2687 1483 2721 eam,
1498 2673 1600 2722 Jao,

199 2736 209 2750 ⁴
223 2730 364 2785 quasi,
378 2731 521 2772 Porro
542 2730 731 2782 Quirite-9
746 2734 762 2771 !
782 2738 874 2780 aut,
889 2732 1043 2773 Fidem
1061 2730 1294 2773 Caesaris!
1316 2731 1426 2773 Inde
1440 2731 1603 2773 inveni-

198 2867 216 2891 e
242 2807 435 2902 Ξίἑὲζέἓὲιέ
459 2809 575 2855 prima
606 2809 670 2844 ‘in
702 2808 936 2846 defectionem
968 2809 1062 2855 (for.
1097 2809 1331 2855 defectione)'
1362 2808 1400 2845 in
1433 2814 1602 2845 contextu

218 2868 241 2891 x
406 2882 414 2891 .
