2034 3204
408 220 495 263 306
913 219 956 261 S.
984 217 1307 261 CYPRIANI

410 331 598 377 minuta
632 331 917 386 mittentem,
940 345 1085 390 quam
1108 343 1259 388 quum
1287 326 1688 373 animadverteret
1715 322 1814 368 Do-

411 408 571 454 minus
605 416 654 454 et
683 408 878 462 videret,
914 422 1011 452 non
1045 408 1103 451 de
1131 404 1421 464 patrimonio
1452 404 1533 449 sed
1567 404 1625 448 de
1653 401 1821 447 animo

412 501 531 546 opus
569 487 671 547 ejus
706 485 998 537 examinans,
1030 489 1078 528 et
1113 483 1414 528 considerans
1449 497 1542 526 non
1581 486 1811 540 quantum

190 571 354 604 Luc-xxi-
368 581 398 613 3-
411 564 492 609 sed
511 579 569 608 ex
593 569 773 623 quanto
792 561 1013 614 dedisset,
1039 560 1296 619 respondit,
1316 565 1363 604 et
1386 558 1523 612 dixit,
1539 557 1691 603 Amen
1710 555 1814 603 dieo

411 637 546 693 vobis,
572 638 789 700 quoniam
813 636 953 683 vidua
982 637 1072 684 ista
1097 635 1208 698 plus
1231 634 1438 682 omnibus
1463 635 1588 680 misit
1618 634 1670 679 in
1693 633 1852 688 dona5

410 714 523 762 Dei.
582 714 749 761 Omnes
772 714 893 760 enim
914 714 995 760 isti
1019 729 1077 759 em
1100 728 1150 759 eo
1175 711 1297 775 quod
1319 711 1569 759 abundavit
1601 710 1699 757 illis
1730 710 1817 756 mi·

411 798 570 839 serunt
593 792 644 838 in
674 791 796 838 dona
819 790 927 837 Dei.
985 790 1120 837 Haec
1147 796 1296 837 autem
1330 789 1385 836 de
1420 789 1581 851 inopia
1611 804 1697 834 sua
1720 803 1816 834 om-

411 886 513 917 nem
538 885 846 932 quemcunque
868 867 1027 916 habuit
1049 869 1216 916 victum
1242 868 1382 914 misit.
1439 867 1654 913 Multum
1679 867 1818 912 beata

411 948 585 994 mulier
620 954 668 993 et
703 947 926 1009 gloriosa,
967 962 1090 1007 quae
1135 946 1281 992 etiam
1326 951 1437 991 ante
1477 945 1603 990 diem
1643 943 1817 1005 judicii

411 1026 588 1072 meruit
611 1025 643 1071 J
645 1024 797 1071 udicis
833 1039 944 1070 voce
979 1024 1180 1070 laudari.
1250 1023 1437 1069 Pudeat
1471 1022 1645 1068 divites
1680 1020 1818 1067 steri·
1836 1042 1884 1067 10

412 1104 564 1150 litatis
605 1109 750 1162 atque
788 1101 1083 1147 infelicitatis
1121 1117 1248 1147 suae.
1318 1100 1482 1147 Vidua
1513 1106 1560 1145 et
1595 1099 1733 1158 inops
1767 1098 1819 1144 in

413 1197 553 1241 opere
576 1179 834 1225 invenitur.
871 1179 1130 1239 Quumque
1147 1178 1371 1224 universa
1387 1193 1510 1237 quae
1532 1178 1709 1222 dantur
1731 1191 1821 1236 pu-

412 1258 542 1319 pillis
574 1263 622 1303 et
644 1256 803 1303 viduis
834 1256 1151 1310 conferantur,
1176 1257 1260 1301 dat
1287 1255 1370 1300 illa
1397 1269 1543 1315 quam
1572 1253 1821 1313 oportebat

414 1336 638 1396 accipere,
679 1341 734 1381 ut
771 1334 975 1381 sciamus
1017 1350 1138 1394 quae
1179 1348 1330 1393 poena
1376 1333 1585 1379 sterilem
1621 1331 1820 1378 divitem

413 1419 618 1466 maneat,
653 1414 846 1472 quando
881 1413 970 1458 hoc
1006 1412 1110 1471 ipso
1144 1412 1429 1456 documento
1456 1408 1643 1469 operari
1675 1408 1821 1455 etiam
1837 1427 1886 1466 15

413 1507 644 1551 pauperes
668 1491 886 1536 debeant.
924 1489 1089 1549 Atque
1112 1494 1168 1534 ut
1191 1488 1516 1550 intelligamus
1539 1487 1656 1533 haec
1679 1501 1824 1546 opera

415 1570 519 1615 Deo
555 1569 662 1614 dari
709 1575 755 1613 et
793 1583 902 1613 eum
939 1566 1157 1627 quisquis
1203 1566 1319 1612 haec
1365 1564 1512 1611 faciat
1557 1564 1823 1610 Dominum

413 1646 686 1707 promereri,
719 1645 942 1691 Christus
982 1644 1103 1689 illud
1144 1642 1239 1689 Dei
1273 1641 1394 1688 dona
1433 1643 1656 1702 appellat,
1689 1646 1737 1687 et
1771 1640 1823 1686 in

416 1723 538 1770 dona
560 1723 657 1770 Dei
679 1723 875 1769 viduam
899 1724 1019 1768 duos
1043 1722 1332 1781 quadrantes
1362 1720 1546 1766 misisse
1571 1717 1824 1781 significat,

417 1809 473 1849 ut
503 1802 655 1863 magis
687 1817 740 1847 ac
773 1800 926 1862 magis
960 1800 1112 1860 possit
1139 1814 1239 1845 esse
1269 1797 1578 1844 manifestum
1607 1797 1722 1857 quia
1745 1796 1826 1858 qui
1840 1819 1891 1844 20

418 1879 660 1926 miseretur
679 1878 901 1941 pauperis
924 1876 1077 1923 Deum
1087 1875 1321 1939 foenerat.

200 1965 374 2016 Familiqe·
486 1957 607 2004 XII.
645 1956 737 2003 Sed
773 1972 857 2002 nec
889 1956 973 2002 illa
1009 1970 1099 2010 res,
1132 1955 1304 2001 fratres
1335 1953 1585 2007 carissimi,
1620 1968 1650 1998 a
1690 1952 1827 1999 bonis

200 2018 408 2087 ισέζέκῒιιιὲἑὶ.
421 2035 642 2096 operibus
674 2041 721 2080 et
750 2033 897 2095 justis
930 2033 1168 2079 refraenet
1199 2038 1246 2078 et
1270 2037 1456 2078 revocet
1479 2029 1829 2084 Christianum,

421 2113 547 2173 quod
586 2111 804 2158 excusari
846 2127 896 2157 se
941 2126 1077 2171 posse
1115 2109 1288 2170 aliquis
1325 2107 1568 2155 existimet
1602 2105 1829 2153 beneficio

422 2190 644 2242 filiorum,
669 2190 862 2250 quando
897 2189 948 2234 in
984 2187 1213 2248 impensis
1249 2185 1543 2247 spiritalibus
1580 2184 1827 2231 Christum
1843 2197 1892 2238 25

422 2267 646 2330 cogitare,
671 2266 755 2327 qui
778 2266 989 2325 accipere
1010 2280 1059 2311 se
1083 2264 1323 2325 professus
1347 2268 1432 2318 est,
1451 2263 1719 2315 debeamus,
1744 2277 1830 2308 nec

424 2363 671 2396 conservos
697 2347 858 2394 liberis
882 2346 1057 2393 nostris
1089 2347 1169 2392 sed
1199 2345 1462 2392 Dominum
1491 2344 1828 2404 praeferamus,

206 2426 530 2486 Matt.x.37.ipso
554 2426 817 2471 instruente
841 2431 888 2470 et
913 2429 1147 2470 monente.
1219 2422 1313 2481 Qui
1344 2420 1508 2485 dilzyit,
1540 2421 1713 2481 inquit,
1744 2436 1831 2483 pa-

426 2510 539 2550 trem
581 2508 661 2549 aut
698 2507 888 2548 matrem
926 2516 1064 2563 super
1101 2515 1183 2555 me,
1222 2515 1313 2546 non
1350 2505 1414 2546 est
1454 2514 1523 2545 me
1555 2497 1754 2562 diynus‚·
1789 2502 1832 2545 et

426 2580 507 2645 qui
541 2578 696 2643 dili-qu
718 2577 878 2641 filium
915 2583 994 2624 aut
1018 2575 1175 2639 filiam
1212 2591 1354 2639 super
1391 2590 1475 2633 me,
1514 2590 1605 2622 non
1651 2580 1717 2622 est
1761 2590 1895 2630 mego

427 2656 607 2721 diqnus.
680 2656 801 2702 Item
839 2655 888 2701 in
921 2654 1294 2700 Deuteronomio
1318 2655 1378 2699 ad
1401 2653 1830 2700 corroborationem

213 2755 312 2786 naut.
431 2735 536 2780 fidei
567 2741 613 2780 et
643 2732 941 2779 dilectionem
981 2731 1068 2777 Dei
1106 2730 1239 2791 paria
1266 2730 1533 2790 conscripta
1561 2735 1699 2775 sunt:
1737 2727 1832 2788 Qui

212 2798 369 2838 ¹¹¹⁵⁵³·9'
431 2811 599 2860 dirum.
636 2810 805 2869 inquit,
839 2809 967 2870 patri
999 2814 1077 2853 aut
1113 2808 1268 2863 matri,
1301 2822 1392 2853 non
1429 2807 1534 2853 novi
1561 2812 1615 2860 te,
1640 2804 1830 2867 etfilz'os
