2034 3204
188 807 225 839 A
239 806 352 849 pleris-

187 861 373 926 ffiuigiiiis

187 938 314 980 agnita.

407 224 494 265 272
712 217 715 219 ’
915 226 955 266 S.
992 225 1309 267 CYPRIANI

408 331 600 392 decipit,
624 340 670 377 et
694 331 966 394 praestigiis
994 332 1296 378 caecantibus
1321 333 1587 388 veritatem,
1611 334 1813 379 stultum

409 415 457 455 et
490 410 747 472 prodigum
771 407 921 471 [fora
961 408 1230 470 proditum]
1253 411 1429 471 vulgus
1463 409 1674 456 inducit:
1716 410 1814 470 spi-

411 488 533 533 ritus
567 495 681 533 sunt
715 487 938 533 insinceri
963 493 1011 532 et
1034 487 1160 549 vagi,
1185 487 1270 547 qui
1304 494 1469 547 postea
1491 503 1635 547 quam
1670 495 1815 534 terre-

410 565 486 611 nis
509 565 642 611 vitiis
677 564 890 610 immersi
923 570 1052 619 sunt,
1077 571 1127 610 et
1150 580 1180 610 a
1202 564 1368 627 vigore
1398 566 1591 611 coelesti
1626 572 1814 612 terreno

409 643 630 705 contagio
653 648 962 697 recesserunt,
979 657 1075 687 non
1098 642 1325 688 desinunt
1348 643 1524 702 perditi
1547 644 1744 703 perdere
1767 649 1815 689 et
1829 657 1851 696 5

409 719 657 780 depravati
681 734 888 765 errorem
913 719 1166 779 pravitatis
1191 719 1457 766 infundere.

479 797 564 843 IV.
604 797 708 842 Hos
739 803 787 842 et
819 797 986 856 poe'tae
1018 798 1274 844 daemonas
1310 804 1503 854 norunt,
1529 804 1576 843 et
1600 797 1816 844 Socrates

410 874 584 921 instrui
603 890 653 920 se
677 880 724 920 et
747 874 849 936 regi
873 875 934 920 ad
957 875 1212 922 arbitrium
1229 875 1472 921 daemonis
1498 875 1814 934 praedicabat.

410 953 478 998 Et
513 952 667 1015 magis
698 952 809 998 inde
844 960 916 997 est
950 954 1011 998 ad
1045 953 1312 1012 perniciosa
1335 954 1411 998 vel
1438 952 1624 999 ludicra
1651 959 1817 1013 poten-

408 1035 538 1074 tatus
555 1043 568 1083 3
593 1043 799 1088 quorum
814 1035 976 1075 tamen
990 1030 1274 1090 praecipuus
1292 1030 1532 1075 Hostanes
1551 1035 1599 1075 et
1612 1029 1815 1075 formam
1835 1049 1882 1074 10

411 1106 509 1152 veri
533 1106 626 1152 Dei
651 1112 796 1168 negat
818 1106 1027 1167 conspici
1051 1122 1202 1167 posse,
1222 1114 1269 1153 et
1292 1109 1488 1170 angelos
1508 1123 1639 1153 veros
1664 1105 1815 1170 [forsa

410 1199 585 1240 servos,
622 1182 736 1230 Vide
759 1183 876 1245 not]
901 1185 1000 1231 sedi
1024 1186 1128 1247 ejus
1153 1185 1270 1231 dicit
1293 1185 1527 1231 assistere.
1577 1185 1635 1231 In
1651 1201 1747 1246 quo
1770 1192 1818 1232 et

413 1261 553 1307 Plato
576 1261 681 1320 pari
706 1261 891 1307 ratione
914 1262 1165 1317 consentit,
1185 1268 1232 1308 et
1254 1278 1407 1308 unum
1426 1263 1584 1308 Deum
1608 1277 1817 1315 servans,

411 1346 589 1386 ceteros
613 1341 807 1402 angelos
831 1342 906 1386 vel
929 1341 1183 1386 daemonas
1208 1340 1338 1386 dicit.
1402 1340 1604 1386 Hermes
1628 1355 1818 1400 quoque

413 1417 760 1480 Trismegistus
793 1433 944 1464 unum
969 1418 1127 1464 Deum
1152 1418 1379 1478 loquitur,
1404 1433 1608 1478 eumque
1640 1418 1819 1464 incom-
1835 1435 1881 1474 15

412 1494 779 1555 prehensibilem
804 1502 947 1555 atque
976 1496 1375 1542 inaestimabilem
1407 1494 1674 1542 confitetur.
1747 1494 1817 1540 Hi

411 1589 525 1635 ergo
543 1573 742 1633 spiritus
761 1574 850 1619 sub
868 1573 1040 1619 statuis
1059 1580 1202 1633 atque
1221 1573 1513 1636 imaginibus
1532 1573 1817 1619 consecratis

410 1651 708 1697 delitescunt.
783 1651 850 1696 Hi
874 1650 1038 1697 afflatu
1064 1667 1152 1697 suo
1165 1660 1331 1697 vatum
1356 1658 1549 1711 pectora
1567 1650 1817 1711 inspirant,

412 1734 630 1773 extorum
666 1728 808 1774 fibras
845 1727 1076 1782 animant,
1111 1728 1275 1774 avium
1309 1730 1493 1774 volatus
1533 1727 1819 1790 gubernant,

411 1812 560 1851 sortes
585 1812 772 1868 regunt,
792 1807 981 1851 oracula
1006 1805 1229 1858 efficiunt,
1244 1805 1367 1851 falsa
1390 1805 1515 1851 veris
1539 1820 1725 1865 semper
1748 1804 1820 1850 in·
1835 1822 1884 1847 20

412 1882 623 1937 volvunt,
648 1898 760 1929 nam
796 1889 843 1929 et
866 1882 1101 1928 falluntur
1131 1889 1179 1929 et
1206 1882 1396 1937 fallunt,
1420 1882 1570 1928 vitam
1606 1881 1819 1936 turbant,

413 1974 603 2006 somnos
629 1960 914 2021 inquietant.
979 1959 1246 2021 Irrepentes
1265 1960 1410 2006 etiam
1429 1959 1627 2019 spiritus
1651 1959 1702 2004 in
1720 1974 1821 2005 cor-

413 2038 608 2098 poribus
633 2040 813 2085 occulte
843 2044 1023 2084 mentes
1047 2044 1241 2092 terrent,
1267 2038 1480 2084 membra
1503 2038 1819 2097 distorquent,

413 2116 733 2162 valetudinem
751 2117 994 2178 frangunt,
1013 2116 1191 2162 morbis
1214 2118 1455 2162 lacessunt
1481 2122 1534 2161 ut
1552 2116 1610 2161 ad
1637 2116 1818 2161 cultum

412 2194 486 2239 sui
510 2200 696 2256 cogant,
722 2201 776 2240 ut
809 2194 974 2240 nidore
1006 2194 1229 2240 altarium
1254 2200 1303 2239 et
1327 2194 1455 2255 rogis
1490 2207 1712 2253 pecorum
1744 2207 1819 2238 sa·
1835 2209 1882 2246 ²5

411 2271 798 2334 ginati‚remissis
813 2287 938 2331 quae
953 2272 1337 2318 constrinxerant
1352 2286 1538 2317 curasse
1548 2270 1816 2316 videantur.

416 2348 548 2395 Haec
583 2356 654 2395 est
684 2350 742 2395 de
778 2349 872 2394 illis
913 2350 1096 2395 medela
1130 2364 1280 2409 quum
1321 2349 1511 2395 illorum
1553 2354 1706 2395 cessat
1747 2347 1819 2393 in-

406 2427 555 2488 juria,
593 2442 676 2472 nec
711 2426 843 2472 aliud
880 2425 974 2471 illis
1006 2425 1220 2472 studium
1257 2432 1329 2471 est
1360 2441 1504 2485 quam
1538 2430 1566 2471 a
1598 2425 1700 2471 Deo
1737 2424 1820 2470 ho-

414 2504 565 2550 mines
612 2519 806 2550 avocare
850 2510 899 2549 et
939 2504 998 2549 ad
1041 2503 1425 2564 superstitionem
1467 2503 1542 2549 sui
1581 2503 1642 2548 ab
1681 2501 1819 2548 intel-

414 2582 537 2628 lectu
557 2597 695 2627 verae
714 2580 958 2643 religionis
977 2590 1212 2634 avertere;
1239 2588 1285 2626 et
1304 2596 1453 2641 quum
1473 2580 1571 2626 sint
1596 2579 1684 2640 ipsi
1710 2594 1818 2639 poe·
1832 2594 1883 2630 ,30

415 2660 560 2714 noles,
584 2674 810 2718 quaerere
839 2657 929 2704 sibi
955 2659 1013 2704 ad
1045 2673 1243 2718 poenam
1269 2658 1464 2704 comites
1489 2674 1607 2718 quos
1640 2657 1697 2703 ad
1731 2655 1819 2702 cri-

416 2751 521 2781 men
549 2751 687 2782 suum
714 2735 911 2782 fecerint
937 2742 1113 2782 terrore
1139 2735 1406 2796 participes,
1462 2734 1527 2780 Hi
1554 2742 1711 2780 tamen
1737 2734 1819 2779 ad-

410 2813 561 2871 jurati
601 2829 683 2872 per
721 2813 874 2859 Deum
915 2829 1075 2859 verum
1114 2829 1141 2858 a
1179 2812 1326 2861 nobis,
1363 2812 1524 2858 statim
1563 2812 1736 2857 cedunt
1772 2818 1818 2856 et
