1988 3216
524 241 566 283 S.
590 239 841 283 IRENAEI
871 239 951 282 AD
984 237 1313 281 FLORINUM.
1571 236 1622 276 41

275 347 380 390 Ibid.
402 347 429 390 l.
450 361 513 401 19.
535 347 739 402 ἐμφράξας
758 349 807 390 τὰ
834 345 915 388 ὦτα
935 344 1074 411 αὐτοῦ]
1098 345 1178 387 Hic
1209 360 1297 388 mos
1323 351 1415 388 erat
1436 351 1624 388 veterum

217 405 560 456 Christianorum,
597 411 644 448 ut
678 405 712 447 si
746 405 856 447 forte
896 403 939 446 in
978 402 1170 446 familiari
1210 402 1412 459 colloquio
1452 402 1624 460 impium

213 462 392 520 aliquem
427 477 659 506 sermonem
701 468 744 505 et
782 477 809 505 a
846 461 943 505 fidei
982 460 1208 504 catholicae
1247 460 1395 518 regula
1434 460 1625 503 dissenti-

213 526 350 564 entem
381 519 619 571 audiissent,
640 520 830 578 protinus
859 518 1064 563 obturatis
1092 518 1262 561 auribus
1291 533 1380 560 sese
1410 517 1453 560 in
1479 518 1622 576 fugam

175 584 198 622 5
213 578 375 623 darent.
399 611 408 621 .
434 610 444 621 .
468 610 477 620 .
499 578 632 620 Porro
659 579 770 620 hunc
796 592 954 620 morem
976 575 1200 620 Christiani
1229 590 1255 619 a
1273 576 1302 618 J
1306 575 1448 618 udaeis
1476 576 1623 619 hause-

211 642 321 679 rant.
382 636 450 678 De
479 636 628 692 quibus
657 635 767 679 idem
797 640 977 678 testatur
1007 635 1142 677 Lucas
1171 634 1215 676 in
1245 648 1334 690 cap.
1350 633 1418 676 vii.
1440 634 1622 676 Actuum

210 693 530 751 Apostolorum3
564 694 778 748 κράξαντες
807 694 850 736 δὲ
881 692 996 750 φωνῇ
1026 692 1199 746 μεγαλῆ,
1225 693 1432 746 σύνεσχον
1460 693 1510 733 τὰ
1540 690 1621 733 ὣτα

210 752 349 803 αὐτῶν,
383 751 447 794 καὶ
477 751 666 805 ὥρμησαν
695 750 944 804 ὁμοθυμαδὸν
975 748 1035 792 ἐπ’
1067 734 1199 792 αὐτόν.
1262 748 1424 791 Hieron
1456 763 1547 791 mus
1576 748 1619 791 in

209 809 397 866 Epistola
435 808 491 851 ad
529 808 767 851 Pammach.
809 808 1007 851 adversus
1046 821 1211 849 errores
1249 807 1278 850 J
1281 821 1372 849 oan.
1455 806 1616 849 ierosol.

147 882 195 907 ιο
239 898 249 909 .
277 879 327 923 23
363 899 373 909 .
411 867 518 909 Item
554 868 664 924 Aug.
700 866 743 908 in
776 866 910 909 Serm.
944 865 1011 919 84.
1048 864 1100 907 de
1137 864 1379 907 Festivitate
1419 864 1616 907 Paschae.

248 878 497 968 ALESIUS
517 924 571 966 ad
592 924 670 966 hoc.
692 924 990 981 Fragmentum
1011 922 1123 980 apud
1143 922 1382 965 Eusebium.
1435 942 1441 948 ·

265 982 312 1024 P.
331 993 399 1038 37.
432 981 461 1024 1.
483 995 521 1024 1.
551 981 596 1024 τὸ
628 982 795 1035 σύνηθες
824 981 949 1037 αὐτῷ]
984 980 1077 1023 Hoc
1105 979 1195 1022 loco
1223 980 1325 1037 αὐτῷ
1357 979 1468 1023 dicta
1492 994 1616 1023 causa

205 1039 344 1096 recepi
383 1039 509 1088 olim;
552 1045 595 1082 et
628 1054 737 1082 nunc
773 1040 985 1082 Burtonus
1019 1053 1042 1081 e
1080 1037 1298 1081 Codicibus
1333 1037 1417 1080 suis
1450 1038 1614 1095 scriptis

205 1112 346 1141 vocem
367 1097 546 1140 Eusebio
567 1097 763 1154 reposuit,
785 1097 922 1139 deleto
944 1098 1043 1138 κατὰ
1063 1101 1160 1138 ante
1180 1096 1225 1137 τὸ
1247 1096 1427 1148 σύνηθες.

143 1162 190 1200 15
263 1155 370 1198 Ibid.
391 1155 418 1198 l.
434 1167 474 1211 5.
504 1159 587 1199 ταῖς
606 1156 856 1209 γειτνιώσαις
877 1153 1124 1209 ἐκκλησίαις]
1151 1154 1215 1195 Ex
1241 1152 1305 1195 his
1325 1152 1492 1209 quidem
1513 1153 1614 1210 Epi-

203 1213 318 1255 stolis
351 1218 568 1270 praestans
599 1212 670 1254 illa
704 1213 759 1254 ad
791 1211 1090 1269 Philippenses,
1121 1225 1228 1268 quae
1262 1211 1365 1253 haec
1402 1211 1613 1267 Opuscula

201 1285 275 1313 aus
305 1270 413 1313 icata
433 1276 508 1320 est,
529 1269 665 1312 adhuc
685 1275 886 1326 superest.

259 1328 280 1370 1
310 1328 366 1370 id.
399 1327 424 1370 l.
450 1328 488 1370 8.
520 1328 682 1370 δύναται
712 1327 1024 1382 φανερωθῆναι]
1058 1325 1251 1368 Dicerem
1283 1324 1378 1366 hinc
1411 1325 1610 1368 excidisse

201 1389 329 1434 τοῦτο,
351 1384 428 1428 nisi
448 1385 621 1428 ferenda
640 1384 694 1427 sit
713 1384 878 1441 ellipsiS.
940 1383 1164 1427 Sub‘unxit
1186 1382 1400 1432 Eusebius,
1421 1387 1559 1425 Ταῦτα
1586 1386 1608 1425 ὀ

138 1456 187 1482 20
204 1444 421 1510 Ειῑρηναΐος.
497 1443 592 1486 Vct.
624 1443 782 1500 Interp.
815 1441 991 1484 Rufinus
1022 1399 1167 1489 imbct,
1199 1442 1286 1484 Sed
1314 1455 1365 1482 ex
1395 1442 1610 1496 Epistolis

186 1515 288 1556 ,ejus
307 1516 417 1558 quas
435 1502 819 1558 scripsim-potest
838 1501 1049 1543 sententia
1068 1499 1156 1554 ejus
1176 1499 1390 1542 evidenter
1414 1501 1603 1554 aquo-sci.

199 1559 322 1603 Haec
341 1560 560 1603 Irenaem.
