1950 3210
796 223 1098 264 LECTORI.
1599 223 1653 264 vii

244 337 483 385 universa
538 337 763 385 Ecclesia
808 338 1107 399 neutiquam
1162 337 1435 386 sanciebat.
1507 338 1653 394 Quod

243 419 448 481 quidem
483 420 687 468 Canone
725 424 871 468 sexto
905 419 1115 468 Concilii
1153 420 1371 468 Secundi
1402 421 1654 482 generalis

241 502 434 564 liquido
481 503 780 551 ostenditur.
852 504 1093 566 Idemque
1141 503 1436 566 comprobat
1477 504 1651 552 Canon

241 600 408 635 nonus
431 587 870 636 Chalcedonensis,
939 588 1074 645 Quin
1099 593 1151 636 et
1175 589 1343 651 ipsum
1368 588 1651 636 Concilium

242 668 538 718 Sardicense
562 671 765 719 saeculo
788 685 922 719 nono
947 672 1085 719 haud
1109 675 1370 734 receptum
1395 687 1427 720 a
1444 671 1651 719 Graecis

241 751 410 808 fuisse,
435 767 499 800 ex
524 753 739 815 epistola
764 754 953 819 scimus
978 754 1170 802 Nicolai
1196 754 1232 802 Ι.
1254 754 1516 802 Pontificis
1553 754 1650 802 Ro-

239 835 379 882 mani
420 835 484 883 ad
525 835 804 884 Photiumc.
876 836 1034 884 Taceo
1072 837 1134 884 de
1173 836 1401 900 epistolis
1436 837 1651 899 pseudo-

240 916 592 975 decretalibus,
619 918 671 966 in
704 919 891 981 quibus
926 920 1295 982 appellationes
1330 920 1459 968 istae
1495 934 1649 982 appa-

239 1003 381 1058 rent;
419 1001 516 1049 hae
535 1001 671 1049 enim
696 1001 940 1064 epistolae
964 1017 1157 1051 merces
1181 1007 1387 1051 tantum
1412 1002 1648 1057 furtivae,

239 1086 292 1130 et
327 1083 481 1145 paulo
518 1088 639 1132 ante
676 1084 801 1132 haec
839 1089 1071 1146 tempora
1110 1085 1362 1133 Photiana
1397 1085 1649 1142 inductae,

238 1180 375 1213 nunc
399 1166 634 1214 omnibus
659 1166 911 1214 videntur.

305 1248 402 1297 Sed
449 1250 574 1297 haec
613 1250 883 1309 hactenus.
955 1251 1024 1298 Ut
1066 1251 1195 1307 libri,
1235 1267 1362 1314 quos
1399 1252 1506 1307 edo,
1536 1253 1649 1314 jam

238 1333 345 1380 noti
381 1332 474 1381 tibi
508 1334 649 1389 fiant,
681 1333 847 1381 dicam
881 1334 968 1396 qui
1006 1334 1110 1381 sint
1146 1334 1334 1396 singuli
1370 1340 1422 1383 et
1457 1350 1646 1383 omnes.

238 1416 315 1463 De
339 1416 538 1464 unitate
564 1416 750 1464 Divina
773 1421 825 1464 et
850 1417 964 1465 Filii
988 1432 1206 1480 persona
1224 1419 1436 1481 exponit
1461 1418 1508 1467 S.
1527 1419 1650 1482 Hip-

236 1498 397 1560 polyti
435 1498 562 1546 liber
603 1499 688 1546 ille
730 1504 906 1548 contra
946 1500 1179 1549 Noetum.
1253 1502 1490 1550 Haeresis
1527 1517 1647 1550 vero

236 1582 533 1644 omnigenae
568 1598 689 1645 prae
720 1583 1062 1632 ecclesiastica
1095 1585 1327 1633 doctrina
1348 1586 1645 1642 novitatem,

237 1669 290 1713 et
312 1666 458 1728 quasi
482 1666 848 1728 posteritatem,
869 1668 1093 1716 ostendit
1112 1668 1490 1730 Fragmentum,
1510 1670 1646 1733 quod

237 1753 421 1806 exstat,
469 1750 725 1811 Epistolae
773 1750 822 1799 S.
849 1751 1044 1799 Irenaei
1096 1752 1162 1800 ad
1211 1752 1485 1809 Florinum,
1531 1758 1646 1802 tum

236 1847 354 1880 vero
377 1832 542 1880 fusius
565 1833 734 1895 arguit
758 1834 884 1882 liber
908 1834 970 1882 de
990 1834 1392 1898 Praescriptione
1418 1836 1646 1884 Haereti-

237 1930 409 1964 corum
436 1931 468 1963 a
491 1915 803 1965 Tertulliano
832 1917 1066 1979 scriptus,
1139 1918 1398 1966 Adversus
1433 1934 1531 1975 eOS,
1557 1920 1645 1982 qui

237 2003 423 2060 negent
458 1999 510 2046 in
547 1998 875 2047 sacramento
911 2001 1133 2062 corporis
1167 2006 1219 2049 et
1249 2002 1512 2063 sanguinis
1548 2003 1646 2050 Do-

235 2082 362 2130 mini
408 2083 575 2130 adhuc
621 2098 828 2131 manere
883 2084 1251 2132 elementorum
1301 2085 1645 2142 substantiam

237 2165 343 2213 sive
376 2170 630 2222 naturam,
666 2167 748 2215 hic
784 2167 953 2223 habea
986 2172 1186 2229 praeter
1215 2171 1362 2231 ῥήσεις
1391 2169 1521 2218 alias
1555 2170 1644 2218 ad-

237 2247 429 2305 ductaS,
467 2249 567 2296 tria
602 2250 902 2312 praesertim
941 2250 1128 2298 veteris
1165 2250 1282 2299 fidei
1319 2251 1642 2309 testimonia;

236 2346 451 2394 quorum
498 2348 659 2381 unum
707 2335 1034 2397 desumptum
1076 2339 1154 2382 est
1195 2350 1259 2383 ex
1308 2335 1538 2398 Epistola
1578 2337 1642 2385 ad

236 2413 528 2462 Caesarium
563 2416 886 2472 monachum,
917 2417 969 2464 in
1001 2431 1214 2465 numero
1252 2419 1556 2480 scriptorum
1593 2419 1641 2467 S.

235 2495 583 2558 Chrysostomi
607 2498 784 2546 habita
801 2499 882 2546 vel
907 2499 1222 2562 antiquitus3
1257 2501 1479 2549 alterum
1498 2517 1642 2564 prae-

235 2583 340 2627 stat
374 2579 501 2628 liber
535 2580 723 2629 Gelasii
763 2582 931 2644 Papae
969 2583 1031 2631 de
1070 2584 1282 2632 Duabus
1317 2584 1507 2633 Christi
1543 2586 1640 2634 Na-

234 2661 390 2720 turis;
427 2667 599 2710 exstat
639 2678 755 2711 cum
803 2665 1034 2726 pluribus
1079 2667 1290 2714 tertium
1337 2667 1389 2714 in
1432 2667 1637 2716 Aelfrici

516 2838 531 2856 ⁰
552 2830 694 2868 Concil.
717 2837 808 2869 tom.
831 2846 866 2875 v,
888 2847 923 2883 p.
945 2844 1030 2882 135,
1051 2834 1140 2872 edit.
1166 2834 1352 2873 Harduin.
