2034 3204
400 207 489 251 378

924 207 1225 251 CANONES

399 312 553 380 τάζειν
588 311 678 379 τὴν
712 314 991 382 προαίρεσιν
1035 317 1111 367 καὶ
1150 313 1207 367 τὸ
1249 312 1370 371 εἶδος
1406 317 1492 380 τῆς
1534 314 1799 376 μετανοίας·

402 397 512 451 ὅσοι
539 397 628 464 μὲν
651 397 749 467 γὰρ
773 401 851 451 καὶ
877 398 1020 470 φόβῳ
1044 401 1122 451 καὶ
1154 397 1358 468 δάκρυσι
1382 401 1460 452 καὶ
1485 401 1700 469 ὑπομονῇ
1726 400 1804 451 καὶ

398 483 748 552 ἀγαθοεργίαις,
778 481 867 548 τὴν
899 483 1200 554 ἐπιστροφὴν
1234 483 1360 554 ἔργῳ
1389 486 1466 536 καὶ
1499 485 1554 536 οὐ
1587 483 1804 554 σχήματι

394 568 749 632 ἐπιδείκνυνται,
797 568 925 620 οὗτοι
974 567 1324 636 πληρώσαντες
1365 565 1452 621 τὸν
1500 567 1676 638 χρόνον
1718 567 1805 622 τὸν

396 652 661 721 ὡρισμένον
685 655 769 718 τῆς
802 649 1096 720 ἀκροάσεως,
1125 651 1313 709 εἰκότως
1337 659 1434 706 τῶν
1457 654 1610 724 εὐχῶν
1634 676 1800 706 κοινω-
1816 673 1840 712 5

396 738 621 805 νήσουσι·
662 736 780 803 μετὰ
810 743 895 790 τοῦ
920 736 1092 806 ἐξεῖναι
1115 740 1184 809 τῷ
1209 737 1495 810 Ἐπισκόπῳ
1520 740 1598 791 καὶ
1623 743 1802 809 φιλαν-

394 821 696 891 θρωπότερόν
724 846 770 875 τι
798 826 905 892 περὶ
938 824 1096 876 αὐτῶν
1126 822 1508 887 βουλεύσασθαι.
1561 821 1716 877 ‘'Offot
1755 823 1805 877 δὲ

395 906 668 978 ἀδιαφόρως
710 907 933 975 ἤνεγκαν,
973 910 1051 961 καὶ
1087 907 1143 962 τὸ
1181 912 1351 978 σχῆμα
1387 915 1472 962 τοῦ
1512 908 1703 962 εἰσιέναι
1741 912 1806 965 εἷς

395 991 485 1058 τὴν
517 993 820 1059 Ἐκκλησίαν
857 995 1015 1062 ἀρκεῖν
1050 994 1233 1050 ἑαυτοῖς
1269 993 1520 1062 ἡγήσαντο
1559 992 1680 1063 πρὸς
1716 991 1806 1059 τὴν

394 1078 748 1149 ἐπιστρέφειαν,
776 1076 835 1147 ἐξ
856 1076 1068 1135 ἅπαντος
1091 1077 1449 1147 πληρούτωσαν
1472 1078 1558 1132 τὸν
1581 1077 1769 1149 χρόνον.
1822 1110 1870 1136 ιο

895 1256 1172 1306 ΚΑΝΩΝ
1219 1256 1303 1305 ΙΓ.

577 1355 592 1374 x
669 1353 682 1372 x
754 1358 776 1369 a
854 1355 866 1371 2
1018 1352 1030 1370 l
1218 1355 1230 1370 e
1425 1352 1440 1370 x
1568 1356 1583 1374 ς

474 1358 594 1423 Περι
634 1356 683 1407 δε
711 1377 808 1407 των
842 1353 1174 1422 εξοδευοντων,
1209 1377 1236 1406 ο
1266 1360 1474 1410 παλαιος
1507 1377 1585 1407 και
1615 1378 1802 1407 κανονι-

430 1437 444 1454 N
545 1438 557 1455 Ι
888 1438 901 1457 Ι
1130 1440 1146 1459 X
1207 1445 1228 1455 Α
1314 1437 1336 1456 ‘V
1469 1439 1491 1460 ‚l
1591 1441 1602 1456 2
1729 1440 1743 1458 Ι

396 1462 479 1496 κος
504 1463 648 1506 νομος
673 1443 1040 1511 φυλαχθησεται
1070 1462 1148 1491 και
1173 1463 1271 1504 νυν,
1297 1463 1423 1492 ωστε
1447 1463 1556 1496 ειτις
1578 1439 1802 1509 εξοδευοι,

395 1530 483 1578 τοῦ
514 1525 784 1579 τελευταίου
821 1526 898 1577 καὶ
936 1523 1312 1592 ἀναγκαιοτάτου
1347 1525 1540 1596 ἐφοδίου
1575 1524 1643 1591 μὴ
1677 1527 1799 1579 ἀπο-

395 1613 687 1678 στερεῖσθαι·
730 1613 768 1661 εὶ
807 1608 855 1661 δὲ
889 1608 1221 1677 ἀπογνωσθεῖς
1260 1611 1336 1662 καὶ
1373 1610 1616 1666 κοινωνίας
1654 1609 1804 1663 πάλιν
1821 1635 1868 1675 15

395 1694 569 1765 τυχὼν,
594 1694 745 1748 πάλιν
768 1696 817 1747 ἐν
841 1699 939 1751 τοῖς
973 1693 1120 1762 ζῶσιν
1149 1693 1406 1764 ἐξετασθῇ,
1438 1694 1559 1760 μετὰ
1581 1699 1679 1748 τῶν
1703 1718 1801 1748 κοι·

397 1779 674 1834 νωνούντων
699 1783 784 1846 τῆς
817 1781 957 1851 εὐχῆς
988 1779 1138 1847 μόνης
1171 1779 1312 1833 ἔστω.
1381 1778 1610 1834 Καθόλου
1645 1780 1694 1833 δὲ
1727 1782 1806 1833 καὶ

395 1868 503 1935 περὶ
532 1865 713 1923 παντὸς
738 1868 1019 1919 οὑτινοσοῦν
1043 1864 1345 1934 ἐξοδεύοντος
1369 1868 1615 1923 αἰτοῦντος
1641 1866 1691 1919 δὲ
1719 1889 1801 1933 με·-

396 2031 563 2083 speciem
599 2031 859 2083 poenitentiae
895 2030 1075 2070 convenit

396 2086 597 2138 explorare
607 2100 618 2135 ς
641 2090 833 2137 quotquot
847 2085 949 2125 enim
967 2090 1075 2124 metu

397 2146 438 2179 et
481 2140 686 2192 lachrymis
730 2145 846 2191 atque
888 2139 1076 2191 patientia

398 2195 460 2234 vel
494 2195 606 2234 bonis
642 2195 833 2246 operibus,
865 2195 980 2233 rebus
1018 2193 1074 2245 ip-

397 2262 450 2287 sis
496 2262 782 2288 conversionem
835 2261 944 2287 suam
996 2261 1074 2286 non

397 2303 642 2343 simulatione
696 2303 974 2350 demonstrant,
1033 2301 1073 2341 hi

397 2358 600 2397 definitum
656 2361 810 2408 tempus
866 2356 1074 2395 auditionis

398 2412 612 2464 implentes,
644 2416 730 2451 tum
763 2411 919 2450 demum
955 2410 1074 2449 fideli-

397 2467 470 2505 bus
498 2467 537 2505 in
563 2466 736 2506 oratione
764 2464 1072 2513 communicent3

398 2521 646 2572 postmodum
683 2534 775 2559 vero
814 2519 944 2559 licebit
982 2519 1073 2570 Epi-

397 2589 515 2627 scopo
540 2576 588 2614 de
613 2575 672 2613 his
697 2574 842 2626 aliquid
870 2573 1073 2612 humanius

397 2630 577 2677 cogitare.
635 2629 863 2681 Quicunque
893 2642 983 2667 vero
1017 2628 1073 2666 in-

396 2684 617 2723 differenter
643 2683 826 2730 tulerunt,
855 2687 895 2722 et
923 2682 1072 2721 aditum

399 2737 618 2776 introeundi
639 2737 848 2776 Ecclesiam
876 2737 947 2775 sibi
973 2736 1073 2775 arbi-

399 2792 490 2830 tmti
544 2797 635 2831 nunt
685 2792 733 2830 ad
786 2791 1072 2830 conversionem

398 2859 509 2898 posim
557 2847 739 2894 sufficere,
786 2846 825 2884 hi
871 2845 1073 2884 definitum

1129 2030 1254 2069 modis
1282 2030 1460 2070 omnibus
1487 2035 1640 2083 tempus
1670 2030 1805 2083 imple-

1128 2089 1207 2124 ant.

1186 2193 1245 2232 De
1268 2193 1338 2242 his,
1364 2193 1430 2245 qui
1454 2193 1503 2231 ad
1527 2193 1676 2232 exitum
1699 2193 1804 2233 veni-

1129 2251 1211 2295 unt,
1250 2247 1367 2286 etiam
1409 2260 1509 2286 nunc
1546 2247 1609 2286 lex
1646 2247 1804 2299 antiqua

1129 2301 1390 2353 regularisque
1418 2301 1643 2350 servabitur,
1669 2302 1734 2350 ita,
1758 2307 1804 2341 ut

1129 2355 1248 2407 siquis
1280 2355 1477 2407 egreditur
1501 2368 1522 2394 e
1551 2369 1720 2407 corpore,
1746 2356 1804 2394 ul-

1128 2409 1226 2449 timo
1256 2414 1296 2449 et
1324 2409 1535 2449 necessario
1563 2410 1702 2449 viatico
1733 2410 1805 2448 mi-

1128 2464 1231 2503 nime
1250 2464 1435 2516 privetur.
1486 2463 1601 2513 Quod
1620 2464 1652 2502 si
1671 2464 1804 2515 despe-

1127 2523 1244 2567 ratus,
1271 2523 1311 2558 et
1339 2523 1564 2558 consecutus
1592 2518 1803 2557 communi-

1128 2586 1241 2612 onem
1287 2572 1566 2624 oblationisque
1612 2573 1803 2624 particeps

1129 2627 1261 2675 factus,
1296 2627 1436 2666 iterum
1470 2627 1717 2675 convaluerit,
1751 2627 1802 2667 sit

1127 2681 1229 2721 inter
1268 2695 1343 2730 eos,
1381 2681 1448 2733 qui
1494 2681 1802 2720 communionem

1127 2735 1311 2775 orationis
1356 2735 1626 2775 tantummodo
1673 2748 1801 2775 conse-

1127 2795 1308 2842 quuntur.
1330 2789 1570 2830 Generaliter
1579 2793 1709 2829 autem
1720 2802 1800 2829 om-

1128 2844 1167 2883 ni
1196 2844 1354 2884 cuilibet
1382 2844 1423 2883 in
1453 2844 1560 2884 exitu
1593 2843 1730 2895 posito,
1761 2848 1801 2884 et
