1988 3216
335 182 420 224 104
797 179 1262 224 TERTULLIANI

336 291 442 336 Hoc
465 297 698 350 quantum
737 292 795 336 ad
831 291 1034 353 gloriam
1069 290 1174 335 Dei.
1247 288 1478 348 Alioquin
1502 295 1737 348 quantum

116 377 220 410 Matt.
233 379 275 411 vi.
289 388 319 422 9.
334 369 394 414 ad
426 374 639 414 nostram
667 368 961 427 petitionem,
987 383 1136 427 quum
1172 367 1390 421 dicimus,
1413 365 1739 427 Sanctificetur

333 460 496 491 nomen
522 450 661 500 tuum,
686 446 733 491 id
759 446 964 505 petimus
989 452 1044 491 ut
1067 444 1387 491 sanctificetur
1409 444 1460 489 in
1483 443 1636 496 nobis,
1653 443 1738 502 qui

332 523 384 568 in
409 522 491 568 illo
515 538 708 576 sumus;
745 523 888 569 simul
913 529 960 568 et
983 523 1034 568 in
1058 522 1240 574 ceteris,
1259 537 1378 581 quos
1402 522 1557 567 adhuc
1580 520 1738 580 gratia

115 613 253 646 Mamm.
267 626 319 654 44.
334 601 426 646 Dei
450 607 703 660 exspectat,
720 607 776 646 ut
798 607 846 646 et
870 601 982 646 huic
1005 606 1255 660 praecepto
1277 614 1543 658 pareamus,
1563 596 1738 644 orando
1753 609 1776 648 5

326 693 418 739 pro
465 676 672 723 omnibus
718 678 854 723 etiam
892 692 986 738 pro
1023 676 1231 722 inimici-s·
1276 676 1459 721 nostris,
1534 675 1739 734 Ideoque

333 771 560 815 suspensa
593 755 927 800 enunciatione
958 770 1054 799 non
1085 754 1309 808 dicentes,
1334 752 1665 798 Sanctificetur
1687 751 1739 796 in

333 833 486 887 nobis,
510 833 562 878 in
586 832 808 878 omnibus
833 832 1050 877 dicimus.

116 922 218 953 CAP.
238 921 304 952 IV.
401 911 672 956 Secundum
722 910 842 954 hanc
883 910 1087 954 formam
1133 907 1471 969 subjUngimus
1513 919 1622 951 FIAT
1658 918 1740 951 vo-

335 1000 520 1033 LUNTAS
544 1000 639 1032 TUA
667 1000 712 1032 m
743 999 904 1032 comas
935 999 991 1032 ΕΤ
1025 999 1077 1031 IN
1101 998 1270 1040 TERRA,
1295 1001 1390 1031 non
1413 986 1539 1045 quod
1566 983 1740 1044 aliquis
1758 1001 1806 1027 10
1852 1004 1858 1010 ·

334 1066 550 1119 obsistat,
575 1065 832 1125 quominus
851 1066 1072 1110 voluntas
1097 1063 1190 1109 Dei
1214 1063 1310 1117 fiat,
1335 1069 1383 1108 et
1405 1062 1449 1108 ei
1473 1077 1740 1108 successum

334 1142 595 1189 voluntatis
637 1158 751 1188 suae
791 1157 1010 1195 oremus3
1063 1142 1143 1187 sed
1182 1141 1233 1186 in
1273 1140 1495 1186 omnibus
1534 1139 1741 1199 petimus

334 1220 437 1266 fieri
485 1222 776 1266 voluntatem
829 1221 945 1282 ejus.
1038 1219 1118 1265 Ex
1170 1218 1563 1278 interpretatione
1614 1217 1742 1263 enim

334 1299 541 1360 figurata
587 1298 743 1344 carnis
785 1305 832 1343 et
873 1298 1084 1357 spiritus,
1128 1312 1213 1343 nos
1255 1311 1419 1342 sumus
1465 1294 1649 1341 coelum
1695 1301 1742 1341 et

335 1384 473 1423 terra.
545 1376 849 1436 Quamquam
896 1382 944 1421 et
983 1376 1024 1421 si
1062 1374 1343 1434 simpliciter
1376 1373 1740 1435 intelligendum
1760 1385 1806 1424 15

335 1461 422 1507 est,
454 1454 579 1499 idem
618 1460 779 1499 tamen
817 1461 888 1499 est
925 1468 1091 1499 sensus
1131 1451 1390 1512 petitionis,
1423 1458 1478 1497 ut
1518 1451 1568 1496 in
1604 1450 1742 1496 nobis

336 1531 420 1577 fiat
445 1518 780 1577 voluntas'Dei
817 1531 866 1576 in
904 1531 1055 1584 terris,
1081 1536 1136 1576 ut
1170 1529 1322 1589 possit
1356 1529 1535 1575 scilicet
1559 1528 1660 1574 fieri
1695 1535 1742 1574 et

336 1609 386 1655 in
424 1609 578 1655 coelis.
649 1609 782 1663 Quid
827 1616 985 1654 autem
1022 1608 1155 1653 Deus
1189 1609 1306 1660 vult,
1342 1622 1487 1667 quam
1530 1606 1743 1652 incedere

335 1703 421 1733 nos
456 1689 715 1733 secundum
763 1703 898 1733 suam
939 1685 1283 1745 disciplinam?
1358 1684 1571 1730 Petimus
1617 1699 1742 1745 ergo,

336 1764 655 1810 substantiam
692 1770 740 1809 et
771 1764 1048 1809 facultatem
1084 1762 1344 1808 voluntatis
1380 1777 1494 1808 suae
1531 1761 1808 1808 subn1in-20

337 1841 474 1888 istret
500 1842 650 1894 nobis,
676 1849 731 1887 ut
762 1841 883 1887 salvi
915 1840 1064 1887 simus
1089 1846 1135 1885 et
1160 1840 1209 1885 in
1235 1840 1376 1885 coelis
1408 1848 1456 1885 et
1487 1839 1534 1885 in
1571 1839 1740 1894 terris;

335 1920 450 1979 quia
486 1935 673 1966 summa
708 1927 780 1965 cst
814 1918 1076 1964 voluntatis
1108 1918 1226 1979 ejus,
1257 1919 1386 1964 salus
1422 1932 1598 1971 eorum,
1623 1932 1743 1976 quos

336 1997 593 2057 adoptavit.
667 1997 759 2043 Est
789 2003 837 2043 et
872 1997 952 2042 illa
976 1996 1066 2042 Dei
1093 1998 1314 2041 voluntas
1337 2011 1480 2055 quam
1506 1994 1744 2041 Dominus

335 2074 690 2120 administravit
707 2074 1036 2133 praedicando,
1051 2074 1304 2133 operando,
1320 2072 1612 2118 sustinendo.
1666 2072 1743 2118 Sic

116 2155 251 2187 ³0¹¹·vi-
269 2164 319 2198 39·
336 2152 462 2198 enim
496 2152 597 2212 ipse
621 2152 968 2212 pronunciavit,
994 2167 1084 2197 non
1121 2167 1266 2205 suam,
1291 2149 1371 2196 sed
1394 2149 1558 2196 Patris
1577 2148 1743 2211 facere
1759 2166 1807 2204 25

335 2247 382 2275 se
416 2228 704 2276 voluntatem.
776 2229 889 2275 Sine
923 2229 1071 2276 dubio
1105 2245 1228 2289 quae
1264 2228 1481 2282 faciebat,
1517 2244 1573 2273 ea
1607 2233 1744 2273 erant

336 2310 556 2355 voluntas
596 2307 767 2358 Patris,
793 2309 849 2353 ad
886 2323 1009 2367 quae
1044 2323 1169 2353 nunc
1205 2322 1290 2352 nos
1327 2308 1455 2351 velut
1492 2307 1552 2351 ad
1587 2321 1744 2351 exem-

335 2386 489 2446 plaria
524 2400 849 2446 provocamur,
875 2393 929 2430 ut
963 2391 1010 2430 et
1046 2383 1385 2444 praedicemus,
1409 2389 1456 2428 et
1480 2398 1743 2442 operemur,

335 2470 383 2510 et
406 2463 727 2510 sustineamus
752 2464 809 2509 ad
846 2468 1044 2508 mortem
1077 2476 1239 2521 usque.
1311 2460 1445 2514 Quae
1469 2467 1523 2506 ut
1548 2460 1744 2520 implere

336 2541 573 2602 possimus
620 2556 738 2601 opus
779 2547 850 2586 est
887 2539 976 2586 Dei
1021 2540 1276 2585 voluntate.
1350 2537 1470 2583 Item
1517 2537 1740 2591 dicentes,
1756 2557 1807 2593 30

343 2617 452 2664 Fiat
486 2617 692 2665 volemum·
728 2624 822 2665 ma„
854 2618 924 2663 vel
957 2632 1012 2662 eo
1049 2616 1184 2662 nobis
1212 2616 1327 2661 bene
1352 2622 1588 2676 optamus,
1613 2615 1738 2675 quod

339 2697 456 2742 nihil
497 2696 607 2742 mali
645 2696 707 2742 sit
746 2697 790 2741 in
829 2695 916 2741 Dei
957 2696 1215 2745 voluntate,
1246 2693 1389 2739 etiam
1427 2693 1464 2738 si
1502 2693 1616 2752 quid
1656 2707 1741 2751 pro

339 2773 518 2818 mvn-itis
554 2774 783 2833 cujusque
824 2788 956 2818 secus
999 2773 1252 2834 irrogatur.
1323 2770 1430 2815 Jmn
1477 2770 1562 2815 hoc
1598 2769 1739 2821 dicto,
