2034 3204
379 197 465 241 268
855 203 897 244 S.
922 202 1313 246 CYPRIANUS.

434 307 452 327 ⁰
471 299 531 338 De
550 299 622 338 hoe
641 299 752 350 plura
772 300 932 340 Pontius
950 301 990 340 in
1011 301 1048 340 S.
1067 302 1251 353 Cypriani
1271 303 1361 342 vita.

434 365 453 393 ¹¹
474 364 696 417 Utrumque
723 379 802 404 non
827 366 894 404 diu
922 371 1011 417 post
1034 367 1179 406 factum
1203 368 1308 406 idem
1333 367 1494 406 Pontius
1513 365 1665 405 innuit:
1696 365 1785 403 ‘Ad

378 433 388 449 ‘
408 430 674 480 probationem
694 444 855 482 operum
874 432 999 470 solum
1017 432 1090 470 hoc
1108 432 1276 471 arbitror
1293 433 1386 472 satis
1405 446 1497 480 esse,
1517 432 1621 483 quod
1638 431 1785 483 judicio

378 497 388 514 ‘
407 494 483 533 Dei
497 499 537 535 et
555 495 678 546 plebis
696 496 825 535 favore
840 497 889 534 ad
903 496 1070 534 officium
1089 497 1291 536 sacerdotii
1306 495 1557 550 [Presbyteri]
1574 501 1614 536 et
1629 497 1785 548 Episco-

376 562 387 579 ‘
405 565 519 611 patus
537 561 702 612 gradum
719 561 844 599 adhuc
863 561 1090 612 neophytus,
1111 566 1151 601 et
1168 566 1214 602 ut
1232 563 1442 614 putabatur
1455 563 1628 602 novellus
1642 562 1785 602 electus
1798 572 1822 611 5

375 628 386 645 ‘
405 626 488 664 est.'
543 626 726 665 Ceterum
755 626 982 665 Pearsonius
1015 626 1286 679 Presbyterum
1323 628 1467 667 factum
1497 628 1652 679 conjicit
1684 641 1785 668 anno

374 696 540 731 exeunte
562 701 651 742 247,
672 691 908 743 Episcopum
926 705 958 730 a.
979 694 1068 740 248.

430 763 447 784 θ
465 757 644 796 Iudicem
662 757 814 807 inqenii
834 770 907 808 pro
924 756 1050 796 indice
1078 758 1310 810 scriptorum
1337 759 1418 798 sive
1446 763 1784 798 monumentorum

374 824 519 877 ingenii
555 822 648 874 poni
678 823 727 860 ab
758 821 999 874 Hieronymo
1029 827 1089 862 est
1116 823 1375 875 perspicuum.
1433 824 1532 862 Mihi
1562 837 1664 872 ver0,
1695 828 1785 875 post

375 890 478 930 Guil.
507 889 678 928 Caveum
709 887 880 939 aliosque
912 888 978 939 qui
1007 888 1055 928 de
1085 889 1239 941 scriptis
1271 890 1392 929 saneti
1423 889 1607 941 Martyris
1634 889 1716 928 fuse
1740 903 1785 929 ac
1801 904 1851 930 10

373 955 580 1007 diligenter
603 957 830 1001 tractarunt,
855 953 951 991 nihil
980 954 1086 992 aliud
1110 954 1183 994 hoc
1208 954 1293 994 loeo
1317 955 1508 1007 reliquum
1539 960 1598 995 est
1620 968 1785 995 comme-

373 1034 536 1069 morare,
564 1032 682 1071 quam
711 1023 800 1070 post
829 1032 939 1058 curas
968 1019 1009 1057 in
1039 1019 1271 1072 castigandis
1299 1025 1416 1072 atque
1445 1020 1682 1060 illustrandis
1711 1020 1785 1073 Cy—

373 1086 498 1138 priani
529 1084 683 1136 scriptis
716 1084 919 1123 collocatas
948 1085 997 1124 ab
1023 1084 1196 1134 Emsmu,
1226 1099 1250 1124 a
1281 1085 1399 1125 Paulo
1430 1086 1618 1135 Manutio,
1645 1087 1785 1127 Latino

373 1151 539 1199 Latinio,
567 1150 649 1189 Jac.
673 1149 853 1198 Pamelio,
883 1149 971 1189 Nic.
994 1149 1176 1202 Rigaltio‚
1196 1151 1376 1203 Philippo
1403 1151 1564 1200 Priorio,
1591 1156 1630 1192 et
1658 1152 1784 1191 novis-

372 1218 469 1257 sime
487 1231 510 1256 a
527 1217 553 1256 J
556 1229 679 1256 oanne
698 1215 806 1255 Fello
826 1215 1038 1255 Oxoniensi
1058 1216 1262 1268 Episcopo,
1282 1230 1422 1256 novam
1441 1230 1601 1269 operum
1628 1218 1665 1257 S.
1680 1218 1783 1257 Mar·
1801 1230 1848 1269 15

373 1282 471 1333 tyris
490 1281 700 1321 editionem
714 1280 798 1331 jam
816 1281 1030 1332 exspectari
1049 1282 1098 1320 ab
1117 1281 1422 1321 accuratissimae
1445 1283 1672 1322 eruditionis
1694 1296 1784 1322 sene

373 1353 414 1388 et
450 1348 499 1386 de
532 1346 799 1386 Ecclesiastico,
829 1346 1062 1398 antiquitate
1099 1347 1346 1387 meritissimo
1385 1348 1580 1400 Stephano
1612 1348 1782 1398 Baluzio,

373 1412 441 1464 qui
466 1412 630 1465 triginta
658 1412 823 1463 amplius
854 1412 1014 1451 Codices
1044 1412 1156 1452 MSS.
1189 1426 1278 1452 eum
1303 1414 1343 1451 in
1365 1427 1482 1453 usum
1509 1414 1715 1454 contulisse
1742 1428 1783 1454 se

372 1483 432 1518 est
450 1477 654 1530 professus.
693 1475 860 1530 [Prodiit
879 1477 1033 1516 Parisiis
1052 1491 1152 1517 anno
1176 1480 1290 1528 1726,
1310 1485 1399 1530 post
1417 1485 1583 1519 mortem
1602 1479 1780 1534 Baluzii.]

373 1542 572 1581 Praeclara
588 1542 614 1581 J
617 1541 752 1581 oannis
771 1541 869 1581 Felli
888 1542 1018 1591 editio,
1038 1543 1196 1595 vulgata
1211 1543 1386 1583 Oxoniae
1405 1558 1437 1583 a.
1458 1546 1571 1593 1682,
1590 1545 1616 1583 J
1618 1559 1652 1584 o.
1670 1545 1782 1584 Pear-
1797 1560 1847 1586 20

370 1608 470 1648 sonii
489 1607 660 1647 Annales
679 1607 928 1659 Cyprianicos
956 1609 1147 1660 praefixos
1174 1609 1315 1649 habet:
1345 1610 1470 1649 eidem
1492 1610 1698 1662 separatim
1717 1611 1782 1650 de-

371 1674 460 1713 inde
480 1673 532 1712 H.
547 1673 736 1712 Dodwelli
756 1672 1043 1713 dissertationes
1063 1674 1313 1726 Cyprianicae
1341 1675 1590 1724 accesserunt,
1610 1676 1651 1714 in
1674 1689 1781 1728 repe-

371 1739 455 1779 titis
473 1738 706 1778 editionibus
721 1738 847 1778 Brem.
868 1740 982 1789 1690,
995 1744 1035 1779 et
1046 1739 1262 1780 Amstelod.
1283 1742 1394 1791 1699,
1408 1741 1524 1781 etiam
1543 1742 1778 1794 subjunctae.

371 1804 554 1844 Ceterum
573 1816 650 1842 non
679 1803 857 1843 obstante
877 1803 1059 1855 Cypriani
1088 1805 1136 1844 de
1161 1805 1444 1857 rebaptizandis
1468 1807 1669 1847 haereticis
1695 1820 1781 1847 sen-

370 1868 494 1909 tentia
517 1881 587 1921 per
610 1868 821 1908 Ecclesiam
846 1869 998 1921 rejecta,
1018 1870 1267 1910 nihilominus
1291 1885 1361 1922 pro
1382 1871 1522 1911 Sancto
1541 1885 1692 1924 semper
1715 1873 1780 1912 ha-
1796 1883 1844 1921 25

370 1934 496 1974 bitum
515 1934 654 1986 probat
672 1933 698 1973 J
700 1947 734 1973 0.
752 1934 959 1987 Launojus,
978 1935 1042 1975 lib.
1060 1947 1152 1985 vm,
1173 1936 1296 1988 Epist.
1312 1950 1323 1975 ι
1333 1947 1368 1986 5.

426 1999 442 2029 t
467 2000 515 2039 A.
530 1999 572 2039 O.
592 2002 681 2049 258,
701 2013 746 2049 ¹4
768 2000 873 2052 Sept.
894 2001 944 2040 ad
969 2001 1166 2042 decretum
1187 2002 1262 2041 Pro
1282 2002 1368 2043 Cos.
1392 2006 1400 2024 ‘
1421 2003 1624 2043 Tliaseium
1644 2003 1780 2056 Cypri-

371 2070 380 2086 ‘
399 2078 517 2104 anum
535 2064 665 2117 gladio
682 2065 937 2106 animadverti
957 2067 1104 2118 plaeet.'
1136 2066 1241 2122 [Hoc
1260 2068 1321 2107 (lie
1340 2069 1541 2108 amborum
1562 2070 1779 2122 Martyrum

370 2129 714 2184 commemoratio]

422 2204 442 2233 s
471 2196 672 2235 Cornelius
692 2196 965 2237 Centumcellis
991 2197 1199 2239 Hetruriae
1225 2200 1263 2237 in
1289 2200 1405 2239 exilio
1431 2200 1578 2240 obierat
1605 2215 1648 2250 14
1671 2201 1776 2254 Sept.
1791 2213 1844 2250 30

368 2278 400 2301 ιι.
431 2273 519 2311 252,
549 2266 593 2302 ut
622 2262 671 2300 ad
700 2275 780 2314 cap.
807 2264 858 2301 66
884 2263 966 2314 jam
993 2269 1127 2304 notare
1157 2278 1219 2304 me
1257 2265 1425 2305 memini.
1500 2264 1580 2320 [Ad
1610 2267 1778 2307 Cornelii

369 2327 608 2380 martyrium,
646 2327 789 2367 siccum
826 2341 875 2367 an
913 2334 1115 2369 cruentum
1153 2330 1279 2379 fuerit,
1322 2331 1554 2382 pertinentia
1591 2333 1778 2384 quaedam

367 2393 552 2446 congessi,
582 2393 630 2431 ad
669 2393 813 2432 Concil.
855 2393 1034 2446 Carthag.
1075 2395 1146 2434 sub
1184 2395 1378 2447 Cypriano
1411 2396 1480 2444 IV,
1512 2397 1551 2436 in
1591 2398 1778 2451 Reliquiis

369 2458 495 2498 Sacris
514 2457 587 2498 vol.
611 2469 673 2506 ιιι,
693 2471 755 2510 pp.
780 2459 866 2506 161,
895 2460 976 2498 162.
1028 2459 1156 2512 Digna
1178 2466 1307 2500 autem
1331 2466 1422 2501 sunt
1447 2475 1544 2514 quac
1570 2463 1616 2502 iis
1635 2464 1777 2504 addan-

369 2530 433 2564 tur
453 2524 569 2563 verba
590 2523 627 2562 S.
651 2523 814 2572 Ριωὶιιιιί,
834 2524 900 2576 qui
928 2524 1078 2564 saeculo
1099 2525 1289 2566 Ecclesiae
1312 2532 1450 2579 quarto
1475 2529 1523 2567 ad
1554 2529 1667 2568 finem
1695 2545 1776 2570 ver·
1790 2537 1840 2577 35

370 2595 484 2640 gente
508 2589 648 2637 floruit,
678 2590 716 2629 in
749 2590 922 2642 Epistola
943 2601 987 2638 11,
1019 2591 1048 2641 ξ.
1073 2591 1136 2639 vii,
1166 2606 1202 2643 p.
1229 2594 1288 2641 26,
1310 2598 1401 2633 tom.
1426 2606 1485 2633 vu
1517 2594 1776 2637 Bibliothecae

373 2655 528 2695 Petrum
551 2653 855 2708 Gallumliunne]
