2034 3204
415 259 479 301 IN
510 259 552 302 S.
576 258 856 302 CYPRIANI
889 258 967 300 DE
1000 257 1435 300 MORTALITATE.
1539 256 1628 299 347

226 380 314 407 sum
350 371 414 408 est
447 365 524 408 hoc
561 365 603 407 S.
637 364 876 422 Scripturae
910 363 1235 407 additamentum
1276 363 1319 406 in
1356 362 1507 406 Codice
1544 363 1627 420 Cy-

225 422 361 488 priani
381 423 663 472 Tewaterano,
685 422 790 465 sicut
818 422 861 464 in
880 421 1104 465 vetustiore
1134 421 1279 464 saltem
1308 421 1534 470 Druriano,
1553 421 1627 463 sed

226 480 334 523 idem
374 480 598 523 adductum
633 486 696 522 est
733 479 776 522 in
814 479 1014 537 Cypriani
1051 479 1157 522 libro
1188 493 1235 521 111
1266 478 1625 528 Testimoniorum,

226 552 317 595 cap.
341 551 379 587 2,
401 544 444 580 et
463 537 505 579 in
525 538 699 580 aliorum
721 538 891 580 Patrum
914 537 1118 594 operibus.

190 607 213 646 5
285 595 332 637 P.
354 608 450 651 293.
482 595 508 637 l.
530 609 570 651 3.
601 595 813 651 eximaris]
853 596 974 638 Hanc
1003 594 1219 637 lectionem
1249 608 1325 651 pro
1355 593 1526 650 vulgata
1559 607 1628 636 ea·-

226 655 353 696 uaris
372 653 549 710 reposui,
571 653 652 695 fide
681 653 800 695 nixus
823 652 984 696 Codicis
1012 652 1131 695 unius
1156 651 1267 694 inter
1286 651 1482 694 lectiones
1509 650 1629 693 editi-

226 710 315 752 onis
349 710 483 753 Oxon.
515 710 748 762 variantes3
789 711 861 753 sed
890 710 1064 753 forsitan
1099 708 1305 752 nonnullis
1339 709 1460 751 lectio
1494 709 1629 751 altera

225 768 399 810 ferenda
437 783 526 810 esse
560 768 781 818 videbitur,
817 768 895 810 nisi
933 767 1114 811 auctoris
1149 767 1278 810 verba
1316 782 1356 824 p.
1380 779 1476 821 291,
1507 766 1534 808 l.
1560 779 1628 816 20,

225 825 338 868 aliud
367 826 656 882 persuadeant.
719 826 840 868 Nunc
871 840 996 883 porro
1028 825 1257 883 praelatum
1288 839 1376 867 esse
1397 824 1516 867 video
1537 839 1629 866 ver·

166 901 214 927 10
225 883 324 926 bum
349 885 558 926 eximaris
586 883 629 925 in
659 883 838 926 editione
868 884 923 926 ad
953 899 1070 925 usum
1103 883 1288 926 exsulum
1322 882 1570 925 Gallicorum
1604 897 1631 924 a

225 955 292 983 me
312 941 434 983 modo
455 947 784 983 commemorata.

285 998 389 1040 Ibid.
411 998 437 1040 l.
460 1001 500 1040 6.
521 998 588 1040 hic
612 998 776 1041 interim
797 997 972 1056 degere]
996 998 1234 1040 Lectionem
1263 997 1453 1040 editionis
1481 995 1631 1053 princi-

225 1055 288 1113 pis
307 1055 563 1112 aliarumque
584 1070 660 1113 pro
681 1058 792 1106 istic,
814 1056 925 1112 quod
945 1056 1032 1098 sine
1060 1070 1183 1098 causa
1209 1056 1423 1097 suffectum
1451 1060 1527 1103 est,
1548 1054 1630 1097 fide

226 1113 496 1170 plurimorum
519 1113 715 1156 Codicum
736 1113 984 1171 scriptorum
1006 1114 1127 1155 nixus
1146 1112 1346 1155 revocavi.

166 1183 213 1224 15
285 1170 439 1214 1bid.l.
468 1184 531 1226 19.
555 1171 690 1214 adhuc
721 1171 774 1214 de
804 1178 947 1214 nostra
976 1171 1108 1214 salute
1138 1170 1327 1226 sollicita]
1357 1169 1503 1212 Delevi
1533 1184 1631 1226 par-

226 1228 393 1272 ticulam
423 1237 463 1272 et
491 1235 589 1271 ante
619 1230 763 1272 adhuc
787 1229 911 1286 vulgo
939 1229 1129 1286 positam,
1160 1243 1283 1285 quam
1315 1228 1502 1270 nesciunt
1532 1227 1630 1270 edit.

226 1286 430 1344 princeps,
462 1292 504 1329 et
539 1292 697 1343 septem
732 1286 790 1328 illi
823 1286 965 1343 scripti
996 1301 1098 1343 quos
1133 1286 1298 1328 contuli.
1372 1286 1457 1328 Sed
1496 1285 1632 1328 omisit

226 1359 347 1387 voces
376 1353 415 1387 et
445 1346 589 1387 adhuc
619 1345 710 1387 MS.
737 1345 942 1387 Tewater.
971 1345 1180 1401 habetque
1209 1345 1283 1387 sed
1313 1344 1457 1386 adhuc
1488 1343 1631 1386 Codex

227 1416 332 1444 unus
352 1401 394 1443 in
415 1402 512 1445 edit.
537 1403 671 1445 Oxon.
691 1402 907 1445 adductus.

165 1476 215 1502 20
285 1459 391 1501 Ibid.
413 1460 441 1502 l.
464 1470 530 1515 25.
559 1460 864 1517 Prophetarum
895 1458 1208 1514 exsultantium]
1238 1457 1460 1515 cogitabat
1482 1458 1631 1515 Cypri-

225 1531 330 1559 anus
349 1516 641 1574 Evangelistae
667 1518 696 1559 J
699 1516 842 1559 oannis
867 1516 982 1566 illud,
1004 1517 1234 1559 Abraham
1255 1524 1388 1572 pater
1408 1524 1541 1558 vester
1560 1531 1629 1558 ex-

225 1575 407 1618 metavit
437 1576 582 1618 videre
612 1576 728 1618 diem
761 1590 899 1618 meum
916 1591 930 1617 .-
970 1576 1084 1618 vidit
1115 1582 1155 1617 et
1183 1575 1363 1630 yaviws
1392 1581 1465 1616 est.
1505 1574 1629 1616 Joan.

225 1631 308 1675 viii.
329 1634 401 1687 56.

286 1688 392 1732 Ibid.
414 1689 440 1732 l.
465 1700 531 1744 27.
562 1689 867 1746 triumphantes
897 1688 1109 1747 Virgines]
1140 1688 1280 1746 Vulgo
1316 1689 1632 1744 triumphantes

164 1756 214 1796 25
227 1747 322 1790 illio
346 1749 556 1804 Virqinee,
572 1747 646 1790 sed
665 1754 829 1790 servato
848 1747 1018 1789 meliore
1033 1761 1176 1789 vocum
1193 1746 1351 1794 ordine,
1368 1747 1464 1788 illic
1479 1748 1631 1788 trium-

219 1805 408 1860 phantes
436 1806 633 1860 Viryinee
662 1805 756 1847 MS.
786 1805 881 1847 olim
913 1806 1234 1854 Tewateranus3
1275 1805 1374 1846 dum
1406 1804 1631 1846 correctius

227 1862 402 1904 fortasse
422 1862 608 1905 nesciunt
627 1862 868 1905 adverbium
892 1863 988 1906 illic
1011 1862 1110 1904 edit.
1131 1862 1335 1918 princeps,
1357 1867 1399 1904 et
1419 1875 1506 1910 sex,
1527 1876 1631 1918 quos

228 1919 394 1968 contuli,
418 1919 588 1962 Codices
609 1920 887 1977 manuscripti.
950 1920 1035 1963 Sed
1055 1925 1098 1962 et.
1117 1919 1206 1962 voci
1225 1921 1489 1962 remunerati
1509 1933 1630 1976 prae-

227 1976 319 2019 fixit
338 1978 434 2020 illic
454 1977 547 2020 MS.
570 1978 774 2020 Tewater.

164 2049 216 2086 30
287 2035 334 2076 P.
354 2047 450 2091 294.
472 2034 500 2076 l.
517 2047 555 2077 2.
571 2041 618 2077 ut
633 2050 724 2077 cum
745 2035 810 2077 his
826 2034 907 2077 cito
922 2034 1033 2088 esse]
1047 2034 1220 2077 Addunt
1235 2033 1400 2090 quidem
1413 2035 1632 2090 poss-imus

229 2091 328 2134 edit.
351 2092 556 2149 princeps,
584 2092 770 2149 aliaeque
796 2092 1019 2149 antiquam
1051 2107 1178 2149 quum
1199 2106 1297 2134 vero
1317 2092 1489 2134 verbum
1518 2091 1631 2135 istud

227 2156 427 2205 agnoscat
465 2156 627 2192 tantum
666 2165 772 2192 unus
812 2165 864 2193 ex
910 2151 1042 2193 Codd.
1083 2149 1246 2216 scriptis
1289 2149 1331 2191 in
1371 2164 1489 2192 usum
1529 2149 1628 2192 edit.

231 2208 367 2249 Oxou.
392 2207 562 2258 collatis,
584 2214 627 2251 et
647 2214 808 2251 tantum
832 2223 938 2250 unus
958 2209 1010 2250 de
1030 2208 1143 2256 meis,
1164 2221 1297 2264 ipsum
1317 2207 1493 2249 fortasse
1517 2213 1632 2250 recte

229 2278 308 2321 ego
338 2279 446 2307 nunc
475 2265 579 2307 duco
608 2266 950 2322 relinquendum3
981 2266 1058 2309 etsi
1088 2265 1209 2308 aliter
1229 2264 1361 2307 visum
1390 2271 1454 2307 est
1483 2265 1632 2307 editori

165 2333 216 2374 35
229 2336 388 2388 nupero
408 2324 694 2366 nonnullorum
717 2323 915 2381 Cypriani
945 2323 1246 2381 opusculorum,
1267 2323 1382 2380 cujus
1408 2337 1535 2380 supra
1554 2323 1633 2365 feci

230 2385 490 2423 mentionem.
