2034 3204
415 251 501 290 388

963 251 1272 293 CANONES

414 358 519 409 τίαν
556 359 824 425 ἀναγκαίως
862 360 939 411 καὶ
976 359 1036 411 τὰ
1073 359 1362 425 γεγενημένα
1401 358 1520 410 κατὰ
1560 356 1646 422 τὴν
1677 357 1819 423 ἁγίαν

416 441 628 495 Σύνοδον
652 443 773 511 πρὸς
797 442 884 509 τὴν
910 443 1007 509 σὴν
1030 443 1273 505 εὐσέβειαν
1294 443 1609 515 ἀναφέρομεν·
1645 443 1722 495 καὶ
1748 441 1819 495 ὅτι

414 527 726 584 συνελθόντες
775 532 838 585 εἰς
888 527 976 593 τὴν
1026 529 1543 582 Κωνσταντινούπολιν
1594 528 1715 581 κατὰ
1764 528 1820 580 τὸ

414 612 615 681 γράμμα
652 616 737 679 τῆς
775 617 869 679 σῆς
905 614 1161 678 εὐσεβείας,
1202 618 1394 682 πρῶτον
1430 615 1516 680 μὲν
1553 612 1816 666 ἀνενεωσά-

412 703 534 764 μεθα
570 697 658 764 τὴν
701 697 822 767 πρὸς
865 698 1117 765 ἀλλήλους
1164 699 1403 764 ὁμόνοιαν
1457 698 1614 752 ἔπειτα
1655 698 1703 750 δὲ
1743 702 1819 752 καὶ
1833 717 1856 756 5

412 783 682 849 συντόμους
707 783 845 852 ὅρους
870 782 1259 855 ἐξεφωνήσαμεν,
1279 784 1368 851 τήν
1392 807 1442 837 τε
1468 789 1564 836 τῶν
1592 783 1822 853 Πατέρων

412 870 579 922 πίστιν
628 874 726 922 τῶν
774 871 825 922 ἐν
871 871 1048 940 Νικαίᾳ
1098 870 1418 938 κυρώσαντες,
1467 873 1543 922 καὶ
1586 868 1672 925 τὰς
1717 869 1818 922 κατ’

413 957 558 1020 αὐτῆς
593 955 846 1025 ἐκφυείσας
879 954 1078 1023 αἱρέσεις
1109 956 1554 1020 ἀναθεματίσαντες.
1611 953 1746 1023 Πρὸς
1771 954 1821 1007 δὲ

1306 1046 1327 1057 ἢ

413 1039 612 1105 τούτοις,
642 1042 720 1093 καὶ
751 1040 868 1109 ὑπὲρ
898 1043 982 1107 τῆς
1011 1040 1231 1110 εὐταξίας
1262 1065 1359 1094 των
1387 1045 1695 1107 Ἐκκλησιῶν
1731 1043 1817 1111 ῥη-

413 1123 524 1181 τοὺς
547 1125 748 1181 κανόνας
775 1127 1033 1195 ὡρίσαμεν·
1079 1124 1201 1195 ἅπερ
1235 1125 1423 1179 ἅπαντα
1449 1129 1569 1197 τῷδε
1594 1126 1728 1191 ἡμῶν
1752 1127 1820 1197 τῷ
1837 1154 1885 1180 10

412 1210 658 1278 γράμματι
681 1210 994 1280 ὑπετάξαμεν.
1039 1211 1258 1278 Δεόμεθα
1279 1213 1437 1264 τοίνυν
1462 1214 1547 1278 τῆς
1564 1214 1658 1277 σῆς
1682 1211 1817 1264 εὐσε-

412 1295 544 1356 βείας
592 1296 935 1364 ἐπικυρωθῆναι
985 1299 1070 1362 τῆς
1121 1296 1334 1349 Συνόδου
1383 1293 1471 1361 τὴν
1521 1297 1712 1366 ψῆφον,
1763 1293 1818 1346 ἵν’

414 1378 582 1449 ὥσπερ
619 1385 719 1437 τοῖς
751 1384 837 1447 τῆς
871 1381 1090 1448 κλήσεως
1119 1380 1375 1450 γράμμασι
1409 1381 1498 1446 τὴν
1522 1380 1823 1446 Ἐκκλησίαν

414 1467 683 1532 τετίμηκας,
713 1469 836 1520 οὕτω
866 1470 941 1519 καὶ
967 1471 1064 1519 τῶν
1093 1464 1340 1534 δοξάντων
1369 1465 1733 1537 ἐπισφραγίσῃς
1765 1463 1822 1518 τὸ

413 1551 566 1607 τέλος,

647 1552 712 1604 ‘O
744 1552 792 1604 δὲ
826 1551 1002 1620 Κύριος
1027 1550 1236 1621 στηρίξῃ
1263 1574 1356 1604 σου
1379 1550 1468 1617 τὴν
1491 1551 1748 1614 βασιλείαν
1771 1552 1822 1602 ἐν
1839 1575 1885 1614 15

410 1637 569 1706 εἰρήνῃ
614 1640 690 1690 καὶ
732 1638 1026 1707 δικαιοσύνῃ,
1068 1640 1145 1690 καὶ
1183 1637 1485 1709 παραπέμψῃ
1523 1641 1702 1704 γενεαῖς
1739 1659 1818 1704 γε·

413 1726 544 1785 νεῶν,
574 1725 650 1775 καὶ
675 1724 909 1793 προσθείῃ
939 1725 1007 1795 τῷ
1032 1724 1219 1795 ἐπιγείῳ
1251 1722 1407 1792 κράτει
1443 1725 1519 1775 καὶ
1553 1725 1638 1788 τῆς
1671 1727 1818 1783 βασι-

412 1807 542 1863 λείας
596 1810 680 1872 τῆς
729 1809 1008 1876 ἐπουρανίου
1058 1807 1146 1874 τὴν
1196 1809 1486 1862 ἀπόλαυσιν·

411 2026 495 2060 aeta
514 2027 605 2060 sunt
624 2021 663 2059 in
684 2026 816 2060 sancto
836 2020 1020 2069 Concilio,
1041 2023 1089 2060 ad

410 2082 518 2115 tuam
541 2075 742 2115 referimus
768 2075 964 2127 pietatem,
984 2089 1089 2115 nem-

411 2143 458 2181 pe
477 2130 581 2182 quod
605 2143 652 2169 ex
679 2143 755 2182 quo
781 2135 956 2182 tempore
973 2131 1089 2181 juxta

411 2185 559 2224 litteras
591 2189 680 2224 tuae
713 2184 869 2235 pietatis
902 2184 1088 2224 Constan-

409 2239 572 2290 tinopoli
619 2238 877 2287 convenimus,
922 2239 1089 2290 primum

408 2293 565 2345 quidem
584 2298 759 2332 mutuam
782 2293 884 2333 inter
909 2307 978 2332 nos
1002 2307 1089 2332 con-

408 2348 578 2387 cordiam
612 2347 907 2395 renovavimus;
950 2348 1087 2387 deinde

409 2416 499 2441 vcro
537 2403 670 2441 breves
707 2402 823 2442 etiam
862 2403 1087 2454 pronuncia-

408 2457 533 2495 vimus
578 2456 830 2504 definitiones,
867 2457 1007 2508 quibus
1048 2462 1087 2496 et

409 2511 578 2559 Petrum,
593 2510 657 2563 qui
680 2511 845 2550 Nicaeae
864 2511 1084 2561 congregati

408 2566 572 2612 suerunt,
602 2564 716 2604 fldem
749 2565 1087 2614 confirmavimus;

406 2626 456 2667 et,
481 2632 579 2671 quse
607 2620 788 2659 adversus
817 2633 901 2659 eam
930 2620 1087 2660 obortae

406 2680 507 2720 sunt,
530 2687 726 2725 perversas
746 2674 919 2714 haereses
938 2688 981 2713 ac
1002 2688 1086 2726 prs-

408 2742 472 2766 vns
493 2728 693 2779 opiniones
712 2735 886 2768 extrema
905 2742 991 2768 cum
1019 2743 1084 2769 ox-

406 2783 616 2821 uecrutioue
655 2796 697 2821 nc
736 2783 989 2823 detestatione
1028 2797 1084 2823 re·

408 2837 663 2886 probavimus.
736 2837 936 2877 Praeterea
969 2838 1083 2877 etiam

406 2892 451 2929 ml
474 2891 711 2941 disciplinam
734 2892 985 2930 levcloninmm
1008 2906 1083 2930 eei·-

1560 1807 1822 1877 ε’ῤῥωμένον

1146 2027 1207 2061 tos
1254 2034 1417 2061 canones
1463 2021 1680 2065 statuimus,
1725 2034 1822 2073 quae

1146 2076 1275 2115 omnia
1293 2076 1382 2115 huie
1408 2081 1541 2115 nostro
1566 2075 1710 2127 scripto
1733 2075 1821 2114 sub-

1140 2131 1316 2183 jecimus.
1361 2131 1556 2182 Rogamus
1575 2129 1695 2181 igitur
1713 2134 1821 2169 tuam

1145 2185 1398 2233 clementiam,
1414 2189 1459 2224 ut
1474 2197 1543 2236 per
1561 2185 1710 2224 litteras
1728 2197 1821 2236 quo-

1145 2253 1219 2291 que
1238 2245 1327 2279 tuae
1354 2239 1509 2291 pietatis
1534 2244 1662 2278 ratum
1684 2239 1821 2278 habea-

1144 2300 1210 2333 tur
1230 2294 1391 2334 Concilii
1420 2294 1617 2333 decretum
1637 2307 1645 2332 ε
1679 2298 1724 2332 ut
1751 2293 1822 2332 sic-

1142 2349 1200 2387 uti
1229 2348 1379 2396 litteris,
1410 2348 1549 2399 quibus
1582 2361 1652 2386 nos
1684 2361 1823 2387 convo-

1143 2403 1248 2451 casti,
1279 2403 1489 2442 Ecclesiam
1522 2403 1665 2442 honore
1693 2415 1822 2454 prose-

1142 2462 1253 2497 cutus
1291 2471 1341 2505 es,
1374 2457 1428 2496 ita
1465 2458 1581 2497 etiam
1610 2456 1725 2496 finem
1759 2471 1820 2496 eo-

1142 2526 1227 2551 rum
1257 2525 1355 2563 quae
1386 2512 1539 2552 decreta
1565 2517 1666 2560 sunt,
1696 2512 1822 2564 obsig-

1143 2580 1218 2606 nes.
1260 2566 1450 2605 Dominus
1467 2571 1597 2606 autem
1617 2566 1821 2617 imperium

1143 2627 1255 2661 tuum
1280 2620 1319 2659 in
1343 2634 1435 2672 pace
1461 2626 1500 2661 et
1521 2621 1674 2672 justitia
1703 2620 1818 2660 stabi-

1143 2676 1222 2723 liat,
1270 2682 1309 2714 et
1356 2675 1543 2727 producat
1590 2675 1629 2714 in
1678 2675 1819 2714 multas

1141 2735 1285 2770 aetates
1323 2735 1363 2770 et
1395 2730 1671 2779 generationes,
1703 2734 1818 2781 atque

1140 2786 1187 2823 ad
1209 2790 1403 2825 terrenum
1425 2784 1628 2836 imperium
1644 2783 1818 2823 coelestis

1141 2852 1293 2890 quoquo
1323 2838 1430 2887 regni
1460 2839 1627 2878 fructum
1650 2837 1814 2889 adjiciat.

1143 2893 1390 2932 Grntiflooun·
1431 2894 1533 2931 Deus
1572 2893 1652 2931 orbi
1699 2899 1817 2930 tom-a-
