2034 3204
234 424 340 455 1Tin1.
351 424 372 455 i.
386 425 433 455 18.

233 468 340 498 1Tim.
353 468 397 498 vi.

235 521 282 551 13.

231 1119 340 1151 2¹Pim.
356 1120 389 1151 ii.
404 1129 434 1151 2.

231 1436 319 1468 Ibid.

279 1910 305 1940 C
314 1911 345 1941 A
356 1910 392 1941 P.

263 1954 403 1985 XXVI.

232 2140 334 2172 Matt.
345 2141 398 2172 vii.
407 2139 437 2172 6.

447 228 537 268 142
924 227 1376 269 TERTULLIANI

447 338 614 399 neum]
639 346 694 384 ut
725 339 862 384 alteri
895 339 1137 384 doctrinae
1166 339 1458 398 deputetur?
1515 339 1596 384 An
1621 338 1750 383 illius
1775 339 1853 383 de-

447 416 776 469 nuntiationis,
802 418 860 461 de
884 432 980 476 qua
1013 416 1108 461 ait:
1147 414 1288 461 Hanc
1310 415 1698 461 denuntiationem
1734 431 1853 461 com·

447 492 608 538 mendo
633 492 758 554 apud
785 492 936 553 te,fili
961 491 1234 539 Timotlzee?
1282 494 1401 539 Item
1436 493 1565 538 illius
1600 493 1852 552 praecepti,

447 572 505 617 de
528 586 624 630 quo
648 571 731 623 ait,
751 570 989 616 Denuntio
1014 569 1097 616 tibi
1120 575 1224 616 ante
1244 569 1418 634 Deum,b
1435 571 1516 633 qui
1539 570 1736 632 vivificat
1760 586 1854 615 om-

447 648 543 702 nia,
569 653 610 694 et
631 647 793 694 Jesmn
823 646 1075 702 Cleo-istm,
1100 648 1181 710 qui
1206 648 1467 710 test{sicat2cs
1490 654 1554 695 est
1576 648 1655 694 sub
1682 647 1854 694 Pontio
1869 661 1890 698 5

446 724 606 771 Pilato
629 723 790 770 bonam
825 724 1166 787 consessionem,
1195 731 1243 771 ut
1266 725 1494 771 custodias
1522 732 1810 788 praeceptum.
1826 726 1855 771 9

448 803 584 856 Quod
612 810 772 848 autem
803 809 1122 863 praeceptum,
1148 809 1195 848 et
1218 819 1340 863 quae
1368 804 1704 850 denuntiatio?
1776 804 1854 849 Ex

447 895 593 940 supra
624 887 671 926 et
699 880 826 926 infra
856 880 1046 940 scriptis
1081 880 1388 943 intelligetur,
1421 897 1515 927 non
1551 882 1707 928 nescio
1737 882 1852 942 quid

447 958 723 1003 subostendi
743 958 829 1003 hoc
848 958 975 1003 dicto
993 959 1051 1003 de
1074 957 1325 1004 remotiore
1343 959 1571 1012 doctrina,
1591 960 1669 1004 sed
1695 959 1854 1019 potius

448 1035 676 1081 inculcari
701 1037 758 1080 (le
783 1051 877 1081 non
910 1035 1208 1080 admittenda
1231 1035 1326 1080 alia
1357 1042 1544 1095 praeter
1567 1051 1684 1089 eam,
1709 1051 1853 1096 quam
1874 1053 1920 1078 10

449 1114 666 1159 audierat
697 1114 758 1160 ab
787 1114 905 1173 ipso,
931 1120 978 1159 et
1010 1120 1128 1173 puto
1158 1115 1346 1173 palam:
1385 1112 1553 1161 Coram
1587 1112 1754 1168 multi&
1785 1115 1857 1160 in-

450 1192 569 1252 quit,
596 1190 790 1238 testibus.
862 1192 993 1245 Quos
1029 1193 1205 1237 multos
1240 1198 1398 1245 testes,
1426 1191 1467 1237 si
1499 1193 1667 1238 nolunt
1693 1193 1857 1238 Eccle-

450 1270 570 1315 siam
605 1270 827 1332 intelligi,
851 1270 972 1315 nihil
1008 1270 1235 1320 interest;
1273 1270 1466 1329 quando
1500 1269 1622 1315 nihil
1655 1270 1855 1316 tacitum

451 1348 610 1402 fuerit,
634 1349 758 1408 quod
794 1348 883 1394 sub
914 1347 1080 1394 multis
1116 1347 1317 1393 testibus
1352 1347 1694 1406 proferebatur.
1764 1349 1854 1395 Sed

450 1442 534 1472 nec
552 1426 667 1486 quia
690 1426 827 1472 illum
852 1431 1012 1471 monet
1037 1423 1374 1486 haec-fidelibus
1391 1423 1649 1471 hominibus
1674 1425 1856 1472 (leman—
1875 1440 1921 1479 15

450 1502 573 1558 dare,
616 1502 886 1565 qui-idonei
919 1502 1014 1547 sint
1047 1507 1088 1547 et
1122 1500 1238 1548 alios
1273 1500 1445 1556 docere,
1485 1502 1532 1547 id
1572 1518 1761 1563 quoque
1796 1505 1855 1550 ad

449 1588 786 1643 argumentum
819 1580 990 1627 occulti
1024 1580 1227 1641 alicujus
1253 1579 1509 1642 Evangelii
1543 1580 1858 1641 interpretan-

448 1660 563 1704 dum
588 1665 672 1704 est.
736 1658 862 1703 Nam
882 1673 1032 1717 quum
1056 1657 1187 1710 dicit,
1207 1655 1327 1710 haec,
1346 1658 1404 1703 de
1428 1658 1495 1703 eis
1521 1658 1647 1711 dicit,
1674 1659 1732 1704 de
1750 1659 1857 1718 qui-

450 1736 537 1781 bus
556 1736 606 1781 in
626 1735 861 1795 praesenti
880 1735 1137 1790 scribebat;
1165 1736 1222 1780 de
1241 1735 1436 1780 occultis
1451 1742 1611 1781 autem
1630 1743 1685 1782 ut
1700 1738 1758 1782 de
1776 1737 1858 1782 ab·

450 1813 662 1859 sentibus
681 1814 807 1873 apud
827 1812 1175 1866 conscientiam,
1193 1828 1287 1858 non
1306 1810 1426 1864 haec,
1443 1813 1522 1858 sed
1543 1810 1622 1857 illa
1641 1813 1854 1860 dixisset.
1873 1833 1921 1858 20

519 1892 668 1937 Porro
699 1907 989 1951 consequens
1021 1897 1137 1945 erat,
1164 1898 1219 1937 ut
1246 1891 1323 1937 cui
1353 1891 1672 1937 demandabat
1699 1891 1859 1938 Evan-

449 1969 562 2031 gelii
601 1969 1080 2023 administrationem,
1115 1984 1209 2014 non
1251 1968 1427 2028 passim
1471 1984 1555 2014 nec
1596 1969 1859 2016 inconside-

450 2055 551 2093 rate
593 2047 1020 2093 administrandam
1063 2046 1303 2108 adjiceret,
1342 2048 1601 2092 secundum
1641 2047 1857 2094 Domini-

450 2141 552 2171 cam
581 2140 754 2178 vocem,
781 2140 836 2170 ne
861 2125 1161 2188 maryaritam
1184 2124 1356 2186 porcis,
1382 2130 1423 2169 et
1441 2130 1646 2170 sanctam
1672 2125 1858 2172 canibus

438 2202 650 2263 jactaret.
722 2202 958 2249 Dominus
991 2204 1148 2262 palam
1180 2202 1341 2254 edixit,
1367 2201 1469 2247 sine
1494 2204 1592 2248 ulla
1622 2203 1858 2265 significa·
1874 2220 1922 2258 25

234 2295 438 2335 mattam.

235 2453 316 2485 Luc.
336 2454 401 2485 xix.

236 2507 287 2530 πο,

236 2761 337 2793 Mun.
348 2771 377 2792 v.
392 2770 438 2803 ¹5·

236 2844 308 2874 Act.
325 2843 365 2873 ivs
383 2851 431 2876 ιο,

238 2897 277 2926 ,53

452 2280 580 2326 tione
617 2279 820 2341 alicujus
856 2280 989 2326 taciti
1028 2279 1325 2325 sacramenti.
1399 2279 1505 2339 Ipse
1543 2287 1858 2341 praeceperat,

452 2358 491 2404 si
529 2357 644 2419 quid
687 2358 735 2403 in
778 2357 985 2403 tenebris
1023 2364 1069 2403 et
1108 2357 1157 2402 in
1196 2357 1474 2403 abscondito
1512 2357 1768 2411 audissent,
1808 2359 1857 2405 in

453 2438 555 2483 luce
583 2444 630 2482 et
663 2436 711 2482 in
749 2435 885 2482 tectis
917 2435 1259 2495 praedicarent.
1333 2435 1439 2495 Ipse
1474 2450 1558 2495 per
1585 2436 1860 2483 similitudi-

454 2530 559 2560 nem
594 2512 1008 2575 praefiguraverat,
1043 2529 1101 2559 ne
1133 2528 1278 2559 unam
1305 2528 1474 2567 mnmn,
1506 2513 1553 2559 id
1587 2521 1671 2569 est,
1710 2530 1857 2562 unum

455 2592 649 2637 verbnm
676 2592 794 2652 ejus,
815 2591 917 2637 sine
941 2590 1099 2637 fructu
1126 2590 1173 2636 in
1199 2591 1363 2637 abdito
1389 2599 1699 2638 reservarent.
1752 2593 1859 2653 Ipse
1873 2614 1924 2650 30

453 2669 664 2723 docebat,
691 2670 929 2715 lucernam
965 2684 1057 2715 non
1088 2669 1177 2714 sub
1207 2668 1418 2714 modium
1449 2669 1663 2715 abstrudi
1697 2672 1857 2723 solere,

454 2748 533 2792 sed
566 2747 612 2792 in
644 2747 979 2793 candelabrum
1015 2746 1255 2796 constitui.
1288 2752 1335 2792 ut
1367 2745 1515 2792 luceat
1547 2745 1753 2792 omnibns
1779 2748 1860 2808 qui

456 2823 501 2869 in
536 2822 668 2868 domo
701 2829 816 2869 sunl.
893 2822 1023 2869 Haec
1050 2823 1265 2883 Apostoli
1302 2830 1384 2870 aut
1419 2825 1743 2885 neglexerunt,
1775 2832 1857 2871 aut
