2034 3204
485 217 547 259 IN
580 215 850 260 CANONES
881 213 1125 256 NICAENI
1159 211 1433 255 CONCILII.
1572 209 1657 251 407

258 325 454 368 Praesule
484 323 864 381 Hierosolymitano
897 326 1157 379 exposuerat,
1188 320 1306 362 Τινὲς
1338 320 1381 359 δὲ
1412 317 1659 369 μητρόπολιν

257 383 328 435 τὴν
361 381 602 436 Καισάρειαν
631 382 826 436 λέγουσιν
854 378 1051 432 ὀνομάσαι
1079 378 1151 420 τὸν
1177 377 1349 419 Κανόνα.
1417 375 1547 416 Immo
1577 373 1659 438 duo

255 440 377 483 alteri
397 445 754 488 commentatores,
775 437 967 480 Balsamo
988 442 1031 479 et
1051 435 1281 483 AristenuS,
1302 438 1502 480 statuunt,
1525 431 1661 488 desug-

257 497 348 540 nari
379 496 517 540 verbis
552 496 705 539 ultimis
738 495 862 553 hujus
895 493 1075 537 Canonis
1107 493 1380 540 Caesaream3
1417 489 1660 554 relegatque

220 570 243 610 5
255 555 451 598 lectorem
471 569 590 597 suum
605 554 660 597 ad
676 552 942 597 Chalcedonii
959 551 1128 595 Concilii
1145 551 1355 594 Canonem
1375 547 1659 590 duodecimum

256 612 486 661 Aristonus,
522 612 592 655 ubi
621 611 720 669 jura
754 610 906 653 veteris
944 609 1141 666 cujusque
1175 607 1284 651 sedis
1318 604 1661 671 metropolitanae

255 670 453 712 adversus
475 684 622 712 novam
648 669 705 711 sic
726 669 878 711 dictam
908 666 1247 724 metropoliticam
1274 664 1414 707 sedem
1441 663 1504 705 hls
1525 662 1662 704 verbis

255 733 534 776 reservantur,
563 726 798 779 σωζομένων
828 726 875 784 τῇ
907 725 989 767 κατ’
1010 724 1202 778 ἆληθείαυ
1229 722 1469 776 μητροπόλει
1497 724 1589 785 τῶν.
1606 721 1660 761 οῖ-

257 786 373 828 κείων
399 786 570 827 δικαίων.
632 784 697 825 Ex
723 797 805 840 quo
829 782 994 839 quidem
1017 783 1198 831 Canone,
1220 779 1459 836 decimoque
1485 784 1660 835 septimo

195 860 243 886 10
256 842 438 899 ejusdem
467 841 638 884 Concilii
667 839 1024 889 chalcedonensia,
1055 839 1098 882 id
1127 838 1283 905 liquido
1311 842 1441 894 patet,
1471 835 1659 893 regimen

255 899 571 942 ecclesiasticum
599 899 654 941 ad
680 899 856 941 formam
885 897 1012 940 civilis
1041 896 1204 954 imperii
1231 894 1422 953 primitus
1447 907 1536 936 esse
1565 907 1660 935 con-

254 956 456 1000 stitutum.
521 957 652 998 Porro
685 956 894 999 Canonem
924 955 1152 998 Nicaenum
1184 960 1297 996 recte
1332 950 1660 1009 repraesentavit

254 1014 297 1056 iu
325 1015 434 1056 hunc
465 1014 631 1056 modum
659 1013 847 1063 Rufinus,
869 1014 930 1055 Ec
957 1021 1007 1055 ut
1027 1014 1242 1068 Episcopo
1263 1010 1659 1065 Hierosolymorum

255 1073 499 1128 antiquitus
519 1073 690 1114 tradita
709 1072 884 1113 honoris
907 1071 1218 1127 praeroyativa
1241 1076 1443 1116 servetur,
1464 1074 1659 1109 manente

195 1140 242 1179 15
254 1130 536 1172 nihilominus
564 1137 604 1172 ec
623 1130 954 1186 Metropolitani
982 1129 1122 1184 ipeim
1145 1128 1400 1184 provinciae
1429 1126 1656 1180 diynitate.

256 1186 395 1229 Rufini
417 1187 526 1230 Hist.
548 1186 655 1228 Eccl.
678 1200 707 1236 1,
729 1199 772 1242 5,
792 1201 865 1228 seu
885 1199 929 1232 x,
951 1199 990 1241 5.

778 1281 977 1324 CANON
1009 1280 1130 1323 VIII.

313 1356 360 1398 P.
381 1367 435 1412 37
440 1370 480 1412 5.
502 1357 529 1398 l.
551 1369 591 1411 3.
619 1359 664 1409 τῇ
693 1359 880 1408 καθολικῇ
909 1356 972 1398 καὶ
1000 1354 1496 1408 ἀποστολικῇἘκκλησία]
1528 1353 1660 1395 Voces

256 1414 320 1455 καὶ
351 1413 611 1466 ἆποστολικῇ,
643 1428 749 1479 quae
781 1413 1023 1456 exciderunt
1055 1427 1079 1454 e
1111 1411 1302 1454 Conciliis
1331 1426 1357 1453 a
1388 1411 1581 1452 Labbaeo
1617 1417 1660 1452 et

193 1487 243 1513 20
255 1475 398 1527 postea
426 1471 480 1513 ab
506 1470 724 1512 Harduino
752 1470 886 1521 editis,
913 1485 1086 1526 quorum
1112 1470 1277 1526 quidem
1305 1474 1543 1510 contextum
1572 1468 1659 1510 fere

253 1533 417 1570 secutus
437 1542 540 1576 sum,
561 1528 642 1570 huc
662 1528 875 1578 revocavi;
908 1534 1074 1570 exstant
1094 1527 1202 1569 enim
1223 1541 1297 1569 eac
1326 1541 1408 1568 non
1435 1531 1596 1567 tantuin
1617 1525 1659 1567 in

253 1584 432 1628 editione
466 1585 652 1642 principe
684 1585 971 1634 Concssiomm,
1003 1585 1076 1627 sed
1111 1585 1236 1628 etiam
1272 1584 1314 1626 in
1349 1584 1536 1625 omnibus
1570 1583 1659 1625 fere

255 1643 468 1686 Canonum
491 1642 809 1686 Collectionibus
829 1643 988 1686 excusis
1007 1643 1265 1700 scriptisque.
1326 1641 1508 1683 Positum
1529 1647 1592 1683 est
1611 1641 1660 1706 τῇ

254 1701 452 1757 ἆγιωτάτῃ
472 1701 716 1758 ἆποστολικῇ
739 1702 802 1743 καὶ
823 1701 1013 1758 καθολικῇ
1029 1700 1249 1756 Ἐκκλησία
1267 1699 1310 1741 in
1336 1699 1555 1741 novissima
1574 1699 1660 1741 edl-

194 1776 213 1800 2
219 1772 241 1811 5
255 1757 367 1799 tione
388 1757 676 1799 Conciliorum.

315 1814 419 1856 Ibid.
436 1815 460 1856 l.
478 1828 520 1869 5.
540 1814 930 1871 χειροθετουμένους]
959 1815 1111 1858 Fateor
1132 1814 1323 1880 equidem
1345 1813 1574 1856 haereticos
1594 1828 1659 1856 re-

255 1871 493 1928 sipiscentes
519 1886 594 1937 per
621 1886 816 1914 manuum
846 1871 1145 1938 impositionem
1170 1887 1212 1914 in
1238 1871 1462 1914 Ecclesiam
1488 1870 1659 1914 catholi-

256 1943 346 1971 cam
377 1928 604 1986 antiqultus
634 1935 823 1986 receptos
857 1929 993 1973 fuisse.
1056 1930 1141 1973 Sed
1174 1929 1274 1972 satis
1308 1929 1451 1971 mirari
1485 1943 1658 1985 neque0,

255 2000 386 2042 quare
422 1986 745 2043 Christophorus
781 1987 811 2029 J
814 1987 984 2030 ustellus
1022 1987 1173 2044 aliique
1213 1988 1322 2029 hunc
1357 1988 1567 2029 Canonem
1607 1986 1660 2029 de

192 2043 483 2098 30istiusmodi
509 2045 735 2100 χειροθεσίᾳ
754 2043 1145 2101 interpretarentur.
1207 2046 1355 2087 Patres
1374 2044 1483 2087 enim
1504 2059 1587 2086 non
1607 2044 1660 2086 de

255 2101 477 2157 quibusvis,
511 2101 585 2143 sed
618 2101 671 2143 de
705 2101 800 2144 solis
834 2102 991 2145 clericis
1026 2103 1067 2145 N
1069 2102 1281 2150 matianis,
1318 2102 1388 2159 qui
1422 2102 1660 2144 canonicam

255 2158 447 2201 nimirum
476 2158 776 2201 ordinationem
800 2166 898 2202 ante
922 2167 1179 2217 acceperant,
1201 2174 1277 2217 per
1297 2166 1430 2202 totum
1450 2160 1560 2202 hunc
1582 2159 1661 2202 Ca-

256 2230 405 2259 nonem
431 2221 575 2272 agunt,
596 2222 865 2273 statuuntque
889 2218 943 2260 ad
964 2218 1188 2260 Ecclesiam
1216 2232 1433 2260 conversos
1453 2217 1495 2259 in
1516 2217 1660 2259 eodem

257 2273 472 2316 clericatus
511 2273 647 2330 gradu
687 2288 867 2324 manere,
903 2290 985 2332 quo
1019 2275 1129 2319 inter
1163 2276 1205 2317 N
1206 2275 1417 2318 ovatianos
1450 2274 1661 2317 constituti

194 2341 244 2380 35
257 2330 435 2380 fuerant,
457 2337 504 2373 ut
524 2345 575 2372 ex
596 2330 694 2387 ipsis
714 2331 836 2374 etiam
855 2333 1034 2375 Canonis
1054 2333 1206 2383 verbis,
1225 2333 1307 2375 rite
1327 2333 1553 2390 perpensis,
1576 2332 1660 2374 elu-

257 2387 391 2430 cescit.
464 2387 544 2430 Hic
575 2388 682 2430 enim
714 2389 767 2431 de
798 2390 840 2431 N
841 2390 1042 2433 ovatianis
1070 2391 1320 2439 decernitur,
1352 2392 1455 2432 ὥστε
1487 2392 1662 2444 χειροθε-

258 2445 468 2497 τουμένους
487 2445 638 2493 αὐτοὺς,
661 2447 797 2497 μένειν
817 2449 939 2492 οὕτως
958 2450 1002 2490 ἐν
1022 2449 1074 2504 τῷ
1104 2448 1244 2504 κλήρῳ.
1308 2448 1401 2499 Quo
1426 2454 1564 2490 autem
1595 2461 1661 2489 re·

258 2501 418 2545 feratur
446 2502 549 2545 illud
585 2504 716 2552 οὕτως,
748 2504 824 2546 nisi
861 2505 915 2547 ad
949 2505 1350 2560 χειροθετουμένουςῖ
1383 2511 1426 2547 et
1455 2504 1660 2561 quomodo

258 2559 353 2602 illuc
373 2559 593 2609 referatur,
610 2560 686 2602 nisi
707 2563 936 2616 χειροθεσία
956 2562 1036 2605 ista
1055 2562 1372 2619 praecessisset?
1402 2577 1536 2619 neque
1551 2562 1660 2605 enim

195 2632 246 2666 40
259 2618 325 2659 ita
345 2617 388 2659 iu
407 2617 517 2660 clero
537 2631 705 2659 manere
731 2625 914 2674 possunt,
935 2619 1011 2662 nisi
1033 2620 1148 2676 prius
1166 2620 1210 2662 iu
1229 2619 1340 2662 clero
1359 2620 1556 2668 fuissent;
1588 2634 1659 2662 ue-

259 2689 340 2730 que
363 2674 477 2731 prius
500 2675 542 2717 in
563 2674 673 2716 clero
693 2689 781 2718 esse
804 2683 1013 2733 poterunt,
1034 2677 1111 2719 nisi
1135 2678 1477 2732 χειροθετούμευοι
1496 2683 1655 2726 essent;

258 2745 307 2774 ac
326 2731 500 2788 proinde
520 2733 622 2774 haec
642 2731 683 2773 N
685 2733 967 2776 ovatianorum
994 2736 1224 2790 χειροθεσία
1243 2734 1424 2791 ipsorum
1445 2735 1500 2778 ad
1520 2735 1660 2778 catho-

259 2788 377 2831 licam
398 2789 622 2832 Ecclesiam
644 2791 949 2834 conversionem
970 2792 1193 2847 praecedat
1213 2806 1377 2834 necesse
1397 2797 1473 2844 est,
1495 2806 1577 2835 non
1597 2807 1659 2835 se-

259 2853 411 2901 quatur
423 2863 435 2898 ;
467 2862 599 2903 neque
621 2861 670 2888 ea
691 2854 765 2898 est,
788 2863 868 2904 qua
888 2849 930 2890 in
953 2849 1175 2892 Ecclesiam
1197 2864 1221 2891 a
1242 2849 1462 2900 catholicis,
1483 2850 1556 2893 sed
1577 2865 1657 2906 qua
