2034 3204
482 239 546 282 IN
578 239 848 283 CANONES
880 239 1125 282 NICAENI
1158 238 1432 281 CONCILII.
1576 239 1661 278 403

254 344 324 386 lib.
346 358 374 394 Ι,
395 358 484 401 cap.
510 357 574 393 11,
595 344 666 386 τὸν
693 343 908 397 φθάσαντα
936 342 1082 397 κλήρου
1109 347 1258 398 τυχεῖν,
1279 343 1413 396 μηκέτι
1440 343 1505 386 ἐπὶ
1532 343 1660 397 γάμον

254 402 458 458 ἔρχεσθαι,
481 404 580 444 κατὰ
599 400 671 454 τὴν
690 403 759 453 τῆς
778 399 1024 452 Ἐκκλησίας
1044 401 1216 455 ἀρχαίαν
1231 401 1463 454 παράδοσιν.
1507 400 1662 444 Confer

256 460 468 502 Sozomen.
489 458 517 510 i,
537 472 606 524 ²3⁵.
664 458 772 500 Vide
792 463 836 501 et
852 457 895 501 S.
909 458 1058 501 Jacobi
1077 457 1263 500 Nisibeni
1286 458 1527 500 Sermonem
1549 458 1659 507 xviii,

257 518 294 572 ᾧ.
309 530 350 572 9,
366 531 407 573 p.
425 517 525 572 383,
539 516 610 572 qni
630 515 725 558 huic
740 515 924 558 Concilio
944 515 1098 564 adfuit:
1121 515 1380 572 duarumque
1397 516 1660 572 Synodorum

217 578 240 618 5
255 574 382 616 Ante·
384 574 438 616 N
427 588 661 616 maenarum
687 573 867 622 decreta,
889 587 995 630 quae
1018 580 1116 616 sunt
1134 573 1176 616 N
1177 587 1493 616 eocaesariensis
1515 573 1659 615 Canon

256 645 282 681 ι,
304 637 347 674 et
368 631 512 674 Canon
532 645 563 672 x
591 631 849 688 Ancyranus.
912 631 1118 674 Interea’
1107 646 1150 674 ιιι
1177 631 1254 673 hoc
1281 631 1450 674 Canone
1475 630 1527 673 N
1518 645 1660 673 icaeno

254 689 418 732 nomine
437 690 864 732 subintroductarum
884 703 1034 731 uxores
1056 689 1171 732 haud
1185 688 1412 739 concludi,
1401 703 1444 731 ιιι
1465 695 1661 746 promptu

254 752 318 789 est
347 746 578 794 ostendere,
612 761 695 788 non
724 751 886 789 tantum
918 746 1101 803 ipsarum
1131 746 1317 797 historia,
1354 761 1498 790 verum
1534 746 1658 789 etiam

254 804 420 847 disertis
439 803 612 847 aliorum
633 809 847 846 auctorum
870 803 1016 846 verbis.

193 929 241 954 10
789 906 1014 949 CANON
1051 905 1125 948 IV.

312 975 359 1016 P.
372 986 470 1030 372.
492 974 519 1016 l.
542 988 558 1015 1
571 987 606 1015 1.
628 977 732 1028 τρεῖς
753 973 815 1016 ἐπὶ
835 974 880 1016 τὸ
902 974 997 1016 αὐτὸ
1019 973 1334 1029 συναγομένους]
1365 973 1560 1016 Correxit
1582 974 1660 1016 Co-

256 1032 338 1074 dex
361 1034 413 1076 26
428 1031 516 1088 jam
540 1036 638 1074 ante
665 1030 799 1074 dictus
820 1031 1083 1080 Bodleianus‚
1104 1034 1222 1084 τριῶν
1249 1031 1312 1072 ἐπὶ
1339 1031 1384 1072 τὸ
1413 1031 1510 1073 αὐτὸ
1537 1048 1659 1074 συνα-

254 1088 459 1144 γομένωνε
490 1094 535 1132 at
564 1103 663 1132 vero
694 1089 822 1132 verba
850 1090 922 1142 τὴν
954 1090 1203 1144 χειροτονίαν
1234 1092 1435 1131 ποιεῖσθαι
1464 1089 1541 1131 hoc
1571 1089 1660 1132 loco

253 1146 386 1190 active
399 1153 636 1213 ponuntur.
698 1146 943 1204 Descriptus
972 1153 1036 1190 est
1066 1146 1132 1189 hic
1164 1146 1308 1188 Canon
1338 1146 1381 1188 in
1412 1147 1581 1189 Canone
1612 1161 1659 1188 ιιι

193 1212 240 1251 15
256 1204 425 1248 Concili1
439 1205 492 1246 Ν
482 1219 611 1247 icaeni
632 1218 675 1246 11.

313 1262 418 1304 Ibid.
440 1263 467 1304 l.
489 1275 553 1316 14.
579 1261 661 1304 καθ’
691 1262 863 1314 ἑκαστὴν
884 1261 1080 1316 ἐπαρχίαν
1099 1262 1152 1318 τῷ
1172 1262 1459 1318 μητροπολίτῃ]
1485 1261 1657 1319 Imperii

253 1319 431 1363 Romani
458 1319 693 1377 provinciae
717 1319 809 1385 plus
833 1318 1113 1385 quadraginta
1131 1326 1401 1362 recensentur
1420 1319 1462 1361 in
1484 1320 1657 1362 Patrum

253 1377 374 1434 hujus
396 1377 566 1420 Concilii
587 1376 824 1434 Catalogis3
856 1376 1003 1433 quibus
1022 1376 1112 1418 fere
1131 1376 1340 1434 singulis
1329 1391 1371 1419 ιιι
1398 1383 1509 1420 statu
1531 1378 1658 1420 eccle-

252 1435 414 1478 siastico
443 1435 714 1492 praefuerunt
741 1434 1065 1500 Metropolitani,
1087 1434 1183 1476 dein
1208 1434 1518 1492 Archiepiscopi
1545 1435 1656 1477 dicti.

189 1509 240 1536 20
251 1493 481 1535 Nonnullae
499 1498 639 1535 tamen
667 1491 872 1534 exstitisse
899 1492 1036 1540 urbes,
1057 1506 1233 1557 quarum
1254 1492 1472 1535 Praesules
1493 1493 1654 1548 jamdiu

279 1550 429 1592 lut-ium
454 1550 575 1592 simul
599 1549 900 1606 provinciarum
922 1564 1063 1592 curam
1083 1549 1318 1607 gessissent,
1335 1550 1399 1592 vel
1420 1565 1471 1592 ex
1490 1551 1659 1593 Canone

250 1565 372 1664 liujus
394 1607 565 1650 Concilii
588 1613 706 1650 sexto
732 1613 861 1664 patet.
924 1607 1129 1664 Initioque
1149 1607 1343 1650 videntur
1366 1608 1442 1650 soli
1466 1608 1509 1650 hi
1532 1608 1659 1651 Prae-

249 1665 359 1708 sules
391 1665 544 1708 Archie
575 1665 701 1722 iscopi
734 1665 900 1708 titulum
933 1665 1137 1707 habuisse.
1200 1666 1396 1708 Ceterum
1427 1665 1520 1708 vide
1550 1680 1658 1722 quae

250 1723 305 1766 ad
331 1723 506 1766 eundem
571 1737 746 1765 anonem
773 1723 831 1775 de,
849 1722 1122 1770 ordinatione,
1151 1738 1223 1765 seu
1250 1723 1555 1773 constitutione,
1576 1724 1658 1766 sin-

189 1795 238 1834 25
252 1781 443 1838 gulorum
465 1780 762 1838 Episcoporum
782 1779 1048 1823 adnotantur.

799 1882 1023 1925 CANON
1054 1882 1106 1924 V.

310 1951 359 1994 P.
376 1962 476 2008 373.
507 1951 534 1993 l.
550 1962 591 2008 5.
621 1952 865 2007 μικροψυχίᾳ
892 1950 918 2003 ἢ
947 1952 1187 2006 φιλονεικίᾳ]
1216 1950 1366 1993 Latine
1395 1950 1522 1993 vertit
1541 1951 1657 1993 Rufi-

253 2022 342 2057 ιιιιε,
364 2008 473 2051 Hist.
491 2009 603 2051 Eccl.
623 2023 664 2058 x,
681 2022 723 2064 5,
741 2017 819 2051 aut
838 2010 1077 2051 iracundia
1097 2009 1265 2064 aliqua,
1282 2016 1361 2051 aut
1381 2010 1654 2052 contentione.

253 2066 400 2122 Neque
429 2066 550 2108 aliter
577 2066 686 2108 idem
710 2066 886 2109 Rufinus
913 2081 1053 2109 vocem
1083 2065 1278 2115 reddidit,
1299 2066 1412 2134 apud
1432 2066 1656 2109 Eusebium

191 2141 241 2177 30
255 2124 310 2166 H.
328 2123 377 2166 E.
399 2123 454 2176 vi,
481 2136 547 2175 12,
568 2123 638 2166 ubi
663 2125 934 2179 μικροψυχίαν
958 2123 1259 2190 interpretatus
1285 2130 1350 2166 est
1373 2125 1657 2167 inimicitiam

252 2182 606 2247 simultatemque‚
628 2181 732 2224 sicut
753 2181 960 2224 Hem-icus
980 2180 1170 2224 Valesius
1188 2182 1463 2225 simultatem.
1524 2182 1656 2224 Dubi-

253 2238 358 2281 tanti
384 2245 521 2281 autem
549 2238 663 2288 mihi,
684 2244 732 2281 ut
751 2238 950 2288 dixeram,
972 2238 1108 2295 Reliq.
1131 2239 1245 2282 Sacr.
1268 2253 1296 2288 1,
1317 2254 1358 2296 p.
1374 2241 1474 2291 460,
1497 2239 1550 2281 de
1577 2240 1655 2282 hac

252 2296 362 2338 vocis
391 2296 745 2353 interpretatione,
765 2310 848 2353 qua
876 2296 1016 2362 magis
1032 2297 1383 2363 pusillanimitas
1411 2297 1655 2353 plerumque

252 2353 518 2411 significatur,
540 2360 684 2420 postea
707 2354 951 2397 occurrebat
977 2353 1078 2396 hic
1067 2369 1156 2411 ipse
1182 2355 1306 2402 locus,
1328 2355 1502 2411 perinde
1527 2360 1654 2411 atque

189 2421 238 2460 35
255 2411 435 2454 Socratis
460 2411 564 2454 ille
553 2427 595 2453 ιιι
622 2411 731 2454 Hist.
760 2411 870 2454 Eccl.
891 2427 929 2461 v,
954 2425 1021 2468 23,
1043 2412 1229 2468 aliusque
1255 2412 1470 2455 Sozomeni
1494 2427 1561 2462 xv,
1586 2426 1655 2465 24,

252 2468 294 2510 in
315 2468 463 2525 quibus
483 2469 595 2512 notio
615 2468 695 2511 ista
713 2470 952 2512 simultatis
971 2484 1044 2511 seu
1070 2471 1349 2512 contentionis
1374 2469 1509 2511 eidem
1535 2469 1655 2512 attri-

252 2526 353 2568 buta
372 2526 603 2570 videbatur.
652 2527 753 2569 Mox
774 2541 873 2569 vero
893 2527 949 2569 ad
968 2541 1107 2569 vocem
1127 2527 1396 2582 μικροψυχίας
1414 2526 1457 2568 ιιι
1476 2527 1554 2569 hoc
1577 2528 1654 2570 Ca-

252 2598 372 2632 none‚
387 2583 457 2626 ubi
473 2590 641 2627 vertunt
661 2584 930 2650 Interpretes·
938 2584 1076 2627 Latini
1095 2585 1394 2627 dissentionem
1414 2598 1486 2626 seu
1505 2586 1654 2628 simul-

253 2650 396 2706 tatem,
418 2647 604 2684 notatum
625 2647 688 2684 est
714 2641 758 2684 in
784 2641 1004 2684 novissima
1024 2641 1299 2684 Coneiliorum
1326 2641 1506 2684 editione
1534 2643 1651 2685 Man-

189 2717 240 2750 40
253 2698 368 2741 siana
388 2698 519 2741 videri
539 2698 628 2741 illos
648 2698 797 2756 legisse
818 2701 1087 2752 φιλονεικίαι-ι
1117 2705 1256 2742 tamen
1276 2714 1359 2742 non
1379 2700 1594 2742 assentior.

313 2756 623 2798 Ibid.l.11.·r?2
643 2760 803 2798 τοιαῦτα
831 2755 1027 2808 ζητήματα
1053 2756 1289 2812 ἐξετάζοιτο]
1318 2758 1540 2814 Postquam
1570 2773 1654 2800 mo-

254 2813 343 2856 nuit
372 2814 613 2856 Edmundus
641 2813 871 2862 Richerius,
893 2813 1080 2856 Historia
1107 2814 1378 2857 Coneiliorum
1409 2814 1603 2858 General.
1624 2830 1651 2857 1.

253 2885 342 2927 cap.
374 2886 399 2912 v
435 2871 529 2922 fine,
572 2871 739 2914 Canone
779 2871 956 2914 secundo
999 2871 1168 2914 Concilii
1209 2872 1650 2929 Constantinopolitani

946 2943 971 2970 n
994 2929 1020 2970 d
1044 2942 1066 2970 2
