2034 3204
446 213 757 258 ADVERSUS
789 212 990 256 OMNES
1022 212 1342 255 HAERESES.
1510 213 1597 254 225

195 321 273 363 vol.
295 335 350 363 1v.
381 336 423 378 p,
445 323 514 378 56.
546 320 588 362 in
622 320 730 363 notis
760 319 815 363 ad
847 319 890 364 S.
912 320 1084 362 Petrum
1115 319 1238 362 Alex.
1299 320 1598 363 Verumtamen

195 386 351 435 postea,
373 379 600 420 Rhenanus
629 378 673 420 in
692 377 837 421 ultima
854 392 930 420 sua
948 377 1128 420 editione
1153 377 1255 420 haec
1275 377 1500 426 substituit,
1522 378 1600 433 qui

186 444 473 492 posteaquam
485 437 649 479 Christi
655 450 742 492 pro
756 437 923 478 nomine
937 436 999 477 ad
1053 436 1228 478 ehemus
1242 443 1303 478 est
1314 436 1363 477 in
1379 435 1599 477 &hristum

194 494 489 549 blasphemare
508 507 593 535 non
612 495 789 536 destitit.
822 493 974 536 Exstat
991 451 1094 536 geo
1114 492 1235 535 lectio
1251 492 1293 534 in
1314 491 1599 548 subsequenti-

157 557 181 596 5
195 551 270 593 bus
291 550 550 593 editionibus.
583 550 746 593 Deinde
767 550 973 594 Pamelius
992 565 1043 593 ex
1063 550 1214 593 Codice
1235 550 1365 593 edidit
1378 549 1597 600 Vaticano,

199 608 362 650 c‘hrieti
374 623 460 664 pro
479 610 646 651 nomine
667 610 987 664 comprehensu-3
1004 609 1191 664 mqavit.
1239 608 1332 650 Hoc
1352 614 1517 650 secutus
1536 612 1600 650 est

194 664 413 723 Rigaltius.
474 665 676 708 Voluerat
710 680 874 722 quoque
908 665 1095 709 Latinius
1130 665 1169 708 le
1201 680 1284 716 ere,
1322 666 1486 709 Christi
1512 679 1600 731 pro

192 724 373 773 nomine,
394 737 476 765 non
502 725 721 766 Chri-stum
742 738 829 780 pro
858 725 1038 766 nmine.
1099 723 1155 766 Se
1213 723 1291 765 hac
1318 723 1372 765 de
1401 737 1449 765 re
1476 722 1599 766 ahter

194 780 350 831 sentio;
381 786 425 823 et
444 780 534 838 ipsa
554 795 719 837 quoque
749 780 934 824 lectionis
953 795 1060 838 quae
1080 786 1218 824 exstat
1238 780 1417 823 varietas
1436 795 1490 823 ex
1510 795 1600 822 cor-

134 852 182 878 10
194 838 358 894 ruptela
373 837 587 881 locutionis
602 853 748 895 parum
764 838 997 882 intellectae
1009 843 1103 881 orta
1117 853 1206 881 esse
1219 837 1396 881 videtur.
1429 838 1599 880 Phrasis

194 895 316 952 hujus
335 896 567 952 exemplum
589 901 727 939 exstat
746 895 789 938 in
809 896 1055 939 Tertulliani
1083 895 1190 939 libro
1210 896 1262 938 de
1283 896 1503 944 Patientia,
1526 911 1599 939 no-

193 968 288 995 men
319 968 415 995 cum
436 954 629 1009 familia
667 954 822 1010 ‘ipsius‘
839 962 1148 1011 persequentes,
1182 968 1271 1010 cap.
1299 966 1337 1006 2,
1371 959 1414 996 et
1452 953 1496 995 in
1526 953 1596 996 lib.

194 1015 340 1053 contra
375 1011 604 1060 Gnostioos,
641 1025 730 1068 cap.
756 1025 774 1053 1
789 1025 822 1053 1.
883 1011 954 1054 Ad
985 1026 1125 1054 vocem
1165 1012 1456 1068 adprehensus
1487 1011 1599 1067 quod

193 1067 356 1119 attinet,
371 1069 499 1111 verba
518 1069 659 1120 habes,
673 1077 722 1111 ut
737 1070 1048 1125 adprehensam
1063 1070 1297 1111 Dominum
1311 1070 1598 1118 destituerint,

133 1125 236 1180 15in
266 1140 356 1182 cap.
386 1126 461 1168 ult.
491 1126 587 1168 libri
618 1126 670 1168 de
702 1126 929 1183 Baptismo.
991 1128 1186 1169 Ceterum
1214 1127 1345 1169 refert
1375 1126 1598 1184 Rigaltius,

193 1184 457 1226 emendatum
477 1198 504 1226 a
527 1198 571 1226 se
592 1198 680 1226 esse
710 1183 859 1226 librum
880 1184 932 1226 de
960 1185 1145 1227 Praescr.
1170 1184 1341 1228 Haeret.
1363 1184 1461 1227 locis
1480 1184 1599 1240 quin-

193 1255 274 1297 que
294 1246 338 1283 et
357 1241 584 1299 nonaginta
609 1256 661 1284 ex
684 1241 902 1284 Codicibus
921 1241 1137 1298 Agobardi
1161 1247 1204 1284 et
1225 1242 1382 1284 Ursini.
1443 1243 1535 1300 Ego
1556 1242 1598 1284 in

192 1298 263 1340 illo
293 1304 475 1342 tractatu
505 1313 596 1342 cum
631 1299 709 1341 hoc
737 1298 874 1341 libello
909 1298 1029 1341 simul
1060 1300 1276 1356 conjuncto
1307 1314 1333 1342 a
1361 1299 1599 1342 recensione

194 1356 247 1398 Ri
279 1356 434 1399 altiana
482 1356 546 1399 lus
566 1356 748 1414 octogies
768 1356 946 1398 discessi.

131 1424 182 1450 20
250 1371 420 1467 {172-
470 1447 478 1456 .
508 1426 545 1469 7.
579 1413 691 1455 nullo
729 1413 809 1455 alio
847 1427 950 1470 prae
987 1413 1136 1456 ceteris
1175 1414 1253 1456 nisi
1291 1414 1379 1456 sola
1410 1414 1598 1471 justitiae

193 1471 456 1528 auctoritate]
487 1471 556 1514 Sic
583 1471 677 1513 edd.
698 1470 998 1514 Rhenanianae
1023 1478 1066 1514 et
1087 1471 1219 1514 Paris.
1241 1477 1444 1528 utraque:
1473 1473 1598 1514 nulla

193 1530 291 1572 alia
329 1528 446 1572 editt.
488 1528 668 1571 Franek.
709 1534 752 1572 et
792 1528 1044 1586 Rigaltiana.
1107 1529 1378 1572 Scribendum
1419 1529 1598 1580 videtur,

193 1587 312 1629 nullo
342 1587 434 1629 alio
461 1586 779 1644 praecellentem
810 1588 972 1637 ceteris,
993 1589 1082 1630 nisi
1111 1588 1205 1630 sola
1225 1588 1428 1643 justitiae
1453 1596 1598 1630 aucto-

157 1671 160 1673 ·
193 1645 338 1687 ritate.

131 1709 180 1748 25
251 1701 359 1744 Ibid.
382 1701 407 1743 l.
432 1703 498 1745 26.
520 1701 773 1758 Victorinus]
804 1702 871 1744 De
900 1702 978 1744 hoc
998 1701 1212 1745 Victorino
1233 1702 1333 1744 nihil
1361 1702 1472 1760 apud
1495 1702 1598 1745 alios

193 1758 426 1816 scriptores.
489 1759 733 1802 Armoiwmo
783 1759 838 1802 ad
882 1759 981 1802 edit.
1022 1760 1144 1816 hujus
1182 1760 1310 1804 libelli
1349 1761 1592 1803 Romanam.

195 1817 352 1860 Contra
380 1817 585 1860 Praxeam
616 1817 895 1860 Tertullianus
924 1817 1100 1874 scripsit.

251 2922 344 2952 vox..
367 2922 394 2952 1.
974 2926 1001 2960 Q
