1988 3216
345 212 403 252 88
824 210 902 252 AN
906 211 947 252 N
951 210 1213 253 OTATION
1217 211 1286 253 ΕΞ

347 333 452 367 esse,
483 324 529 360 ut
559 323 723 360 ostenso
753 324 880 374 atque
909 318 995 360 viso
1026 334 1075 360 eo
1106 319 1283 360 mundus
1315 324 1566 362 servaretur.
1621 319 1761 374 Atque

345 378 406 418 ita
429 390 580 441 revera
600 375 784 418 docuisse
808 376 1094 433 Hippolytum,
1118 377 1286 419 firmant
1313 391 1375 428 ea,
1397 391 1504 434 quae
1531 383 1760 432 sequuntur

350 448 398 475 ca
428 441 485 475 lte
505 446 572 475 12.

401 448 454 533 ii).
475 492 544 533 66.
566 491 592 532 1.
615 504 654 541 4.
687 495 773 543 φῶς
799 492 842 532 ἐκ
868 491 1000 544 φωτὸς
1025 491 1201 546 γεννῶν]
1239 491 1306 534 Sic
1336 490 1460 533 locuti
1490 498 1588 533 ante
1615 491 1761 533 Patres

347 549 389 590 N
390 549 566 598 icaenos,
588 554 756 605 praeter
777 548 1053 605 Hippolytum
1084 555 1284 599 nostrum,
1306 554 1403 590 sunt
1429 549 1620 590 Justinus
1647 549 1760 590 Mar·
1774 561 1798 599 5

346 613 433 663 tyr,
449 606 662 654 Tatianus,
683 612 726 648 et
741 606 1047 663 AthenagoraS,
1064 612 1111 648 ut
1131 612 1334 658 notatum,
1355 605 1588 648 doctissimo
1605 605 1761 649 Grabio

347 664 401 706 ad
425 664 644 706 Irenaeum
664 662 735 705 lib.
759 677 802 705 11.
823 678 859 705 e.
878 676 944 719 23.
979 663 1148 705 FABR.
1210 663 1344 720 Loqui
1373 663 1452 705 hoc
1475 663 1642 720 quidem
1673 663 1762 705 leco

348 722 605 779 Hippolytus
620 721 796 770 videtur,
819 721 871 763 de
892 726 1092 777 generato
1112 720 1161 762 iis
1180 721 1436 778 temporibus
1458 722 1574 778 Lego
1594 720 1762 771 Divino,

348 779 514 836 quando
534 779 712 821 mundus
739 778 941 830 conditus,
962 793 1010 820 ac
1029 784 1174 834 postea
1194 786 1381 821 servatus
1402 784 1478 828 est,
1500 793 1626 834 quum
1648 778 1764 835 prius

350 837 464 879 Patri
487 836 561 878 soli
583 837 720 893 Logos
741 835 909 877 visibilis
929 835 1084 878 fuisset.
1781 852 1829 877 10

408 894 517 936 Ibid.
534 894 560 935 l.
577 905 619 948 5.
641 893 710 934 τὸν
730 895 833 935 ἴδιον
855 893 971 950 νοῦν]
994 893 1122 935 Filius
1143 897 1247 945 νοῦς,
1265 894 1392 947 σοφία
1412 893 1561 942 Patris,
1579 898 1622 935 et
1641 893 1761 942 infra,

351 968 385 994 c.
404 952 487 1000 xiii,
504 951 706 993 voluntas.
739 951 907 992 FABR.

413 1009 519 1052 Ibid.
541 1009 567 1051 l.
590 1023 629 1063 9.
656 1008 805 1064 ἕτερος]
836 1009 865 1050 J
870 1007 1003 1050 ustino
1026 1007 1209 1065 Martyri
1229 1008 1397 1063 quando
1418 1007 1545 1050 Filius
1574 1009 1710 1060 ἔτερόν
1729 1024 1766 1049 τι

351 1083 377 1109 a
411 1068 537 1109 Patre
568 1081 657 1108 esse
688 1065 851 1115 dieitur,
880 1071 922 1107 et
943 1065 1200 1108 Tertulliano
1228 1065 1394 1121 quando
1415 1066 1585 1108 Filium
1614 1074 1654 1108 et
1673 1067 1766 1107 Pa-

352 1134 458 1168 trem
493 1139 578 1167 esse
614 1124 742 1166 aliud
777 1124 834 1166 ab
870 1124 961 1166 alio
995 1124 1186 1172 affirmat,
1221 1123 1367 1165 eadem
1397 1138 1503 1180 quae
1534 1122 1765 1180 Hippolyto
1784 1133 1830 1171 15

351 1198 479 1232 mens,
511 1188 558 1224 ut
589 1196 859 1237 personarum
890 1181 1192 1224 distinctionem
1223 1181 1456 1231 ostendant,
1486 1195 1567 1222 non
1598 1186 1644 1223 ut
1675 1182 1767 1232 ὁμο-

352 1242 491 1283 ούσιον
512 1239 758 1282 inficientur.
792 1239 826 1280 F
827 1239 959 1281 ABR.

418 1298 510 1340 Ibid
545 1298 571 1339 l.
594 1310 657 1339 12.
689 1298 731 1349 ἐξ
763 1297 810 1338 οὗ
841 1298 1002 1349 δύναμις
1033 1296 1179 1352 Λόγος]
1227 1295 1294 1339 Sic
1328 1295 1437 1338 idem
1469 1295 1765 1344 Tertullianus,

352 1371 441 1412 cap.
474 1370 500 1413 9
538 1355 735 1397 adversus
777 1355 981 1396 Praxeam
1027 1355 1066 1396 N
1069 1354 1150 1396 o'eti
1190 1354 1577 1396 anteambulonem:
1612 1360 1622 1377 ‘
1639 1354 1766 1396 Pater

354 1419 365 1437 ‘
382 1419 471 1456 tota
500 1412 731 1455 substantia
757 1418 832 1461 est,
860 1411 987 1454 Filius
1010 1426 1108 1454 vero
1136 1411 1337 1454 derivatio
1368 1411 1493 1454 totius
1521 1420 1564 1453 et
1594 1411 1767 1468 portio.''
1783 1424 1833 1449 20

354 1472 412 1513 Et
440 1485 473 1513 c.
502 1485 541 1523 2,
574 1477 583 1494 ‘
602 1469 718 1527 quasi
758 1484 840 1511 non
879 1469 936 1512 sic
968 1484 1132 1526 quoque
1168 1483 1272 1511 unus
1306 1469 1360 1511 sit
1394 1468 1546 1519 omnia,
1581 1469 1678 1511 dum
1715 1483 1766 1511 ex

354 1536 363 1552 ‘
383 1544 464 1571 uno
493 1528 641 1578 omnia,
674 1542 750 1584 per
777 1527 1032 1570 substantiae
1062 1526 1218 1569 scilicet
1256 1526 1483 1569 unitatem)
1545 1527 1600 1569 Et
1630 1526 1699 1569 lib.
1722 1540 1770 1568 111

353 1587 552 1630 adversus
578 1585 776 1628 Marcion.
802 1600 836 1627 c.
859 1587 898 1635 6,
929 1592 938 1608 ‘
958 1585 1170 1628 concedas
1202 1599 1366 1626 necesse
1397 1590 1460 1627 est
1490 1599 1560 1626 eos
1589 1584 1660 1640 qui
1691 1585 1770 1626 Pa-

355 1653 365 1668 ‘
382 1651 490 1687 trem
521 1659 603 1686 non
633 1642 893 1701 agnoverint,
925 1657 1000 1685 nec
1031 1643 1179 1685 Filium
1213 1657 1439 1708 agnoscere
1471 1641 1665 1698 potuisse,
1693 1657 1769 1699 per

355 1711 365 1726 ⁶
382 1702 565 1759 ejusdem
596 1700 851 1744 substantiae
878 1700 1168 1748 conditionem,
1198 1714 1313 1757 quus
1341 1700 1375 1742 si
1409 1699 1622 1757 plenitudo
1651 1699 1767 1742 intel·
1786 1710 1833 1749 25

358 1761 492 1802 ‘lecta
522 1775 602 1801 non
634 1765 709 1807 est,
735 1758 865 1801 multo
895 1758 1028 1816 magis
1058 1758 1219 1815 portio;
1252 1764 1365 1800 certe
1391 1772 1475 1814 qua
1505 1757 1771 1814 plenitudinis

357 1825 367 1842 ‘
385 1817 579 1860 consors?
617 1817 782 1858 FABR.

416 1875 520 1918 lbid.
542 1875 569 1917 l.
591 1888 655 1925 14.
690 1878 795 1918 Παῖς
822 1877 931 1917 Θεοῦ
978 1871 1031 1915 ‘O
1060 1876 1163 1917 Παῖς
1191 1876 1261 1914 τοῦ
1290 1876 1413 1922 Θεοῦ,
1435 1874 1520 1916 Dei
1545 1874 1702 1922 Filius,
1725 1879 1771 1915 ut

356 1948 495 1991 supra,
517 1948 636 1989 capp.
655 1948 679 1974 v
701 1939 743 1974 et
759 1931 826 1974 vii.
860 1932 934 1973 FA
977 1932 1028 1973 R.

417 1991 466 2032 P.
490 1993 561 2043 67.
584 1990 609 2033 l.
635 2003 671 2032 2.
703 1989 918 2045 φλυαρίαν]
956 1988 1166 2032 Valentini
1202 1988 1364 2030 Aeonas
1397 1987 1544 2046 tangit,
1579 1995 1621 2031 et
1658 1989 1769 2031 Mar·
1785 2003 1836 2040 30

356 2049 483 2091 cionis
512 2049 645 2090 Deum
679 2046 951 2104 Demiurgum
980 2061 1006 2089 a
1032 2047 1124 2088 Deo
1153 2046 1260 2087 bono
1289 2060 1337 2087 ac
1364 2061 1522 2088 summo
1550 2046 1770 2096 diversum,

357 2114 399 2150 et
422 2106 609 2150 Corinthi
632 2106 841 2163 angelicas
862 2110 1087 2161 potestates
1112 2103 1251 2146 mundi
1272 2103 1450 2160 opifices.
1486 2104 1653 2146 FABR.

417 2164 524 2207 Ibid.
542 2164 568 2206 l.
581 2177 623 2220 5.
649 2164 722 2206 ἕνα
739 2162 850 2206 Θεὸν
864 2161 1017 2218 λέγειν]
1040 2162 1155 2204 Fors.
1170 2161 1406 2219 legendum,
1424 2161 1487 2203 vel
1503 2162 1555 2206 ὡς
1572 2162 1644 2204 ἕνα
1660 2161 1772 2204 Θεὸν

358 2223 510 2277 λέγειν,
527 2221 592 2264 vel
615 2221 687 2263 ἕνα
709 2220 821 2263 Θεὸν
840 2219 1044 2274 λέγοντες.

424 2280 470 2322 Ρ.
499 2280 568 2322 68.
599 2278 626 2320 1.
649 2280 690 2320 6.
726 2278 816 2319 οὐδὲ
854 2275 933 2334 ἔν.]
977 2277 1076 2319 Post
1112 2276 1203 2318 οὐδὲ
1238 2277 1284 2318 ἕν
1319 2276 1360 2318 in
1397 2275 1533 2318 verbis
1567 2275 1772 2319 Johannis
1786 2290 1836 2328 35

358 2337 543 2391 στιγμὴν,
584 2341 752 2392 praeter
794 2334 1082 2392 Hippolytum,
1129 2333 1286 2376 faciunt
1331 2334 1538 2383 irenaeus,
1581 2333 1772 2376 Clemens

361 2394 494 2442 Alex„
509 2393 727 2450 Origenes,
742 2391 998 2448 Theophilus
1013 2390 1295 2433 Antiochenus
1311 2397 1354 2433 et
1367 2390 1569 2433 Eusebius
1584 2391 1772 2448 pluribus

360 2451 470 2503 locis,
503 2458 629 2508 atque
663 2465 687 2493 e
721 2449 878 2492 Latinis
911 2448 1190 2491 Tertullianus
1226 2463 1274 2491 ae
1311 2447 1565 2501 Lactantius,
1596 2448 1772 2491 Victori-

360 2524 451 2558 nus,
487 2507 742 2566 Augustinus
777 2514 820 2550 et
855 2507 918 2549 lon
953 2522 976 2548 e
1008 2512 1101 2563 post
1133 2505 1342 2548 Honorius
1373 2506 1771 2564 Augustodunensis,

361 2567 429 2610 lib.
453 2581 480 2609 1.
506 2566 558 2609 de
590 2565 774 2623 imagine
806 2522 966 2615 Mundi,
998 2580 1033 2606 c.
1063 2576 1101 2605 2.
1165 2564 1369 2615 Quoniam
1401 2578 1499 2606 vero
1535 2564 1679 2606 eadem
1712 2563 1771 2606 in·
1787 2584 1838 2618 40

363 2624 595 2681 terpunctio
631 2622 784 2681 placuit
819 2621 941 2665 etiam
983 2620 1203 2664 haereticis
1238 2621 1471 2671 Valentino,
1510 2621 1771 2671 IIeracleoni,

363 2682 592 2731 'l'heodotm
626 2688 669 2724 et
702 2678 1019 2727 Macedonianis,
1057 2678 1415 2736 Eunomianisque‚
1449 2678 1543 2722 hinc
1583 2679 1636 2721 ab
1676 2678 1773 2735 Epi-

380 2739 528 2785 ›hanim
559 2746 655 2781 tom.
682 2752 721 2780 u.
755 2753 793 2795 p.
818 2740 886 2785 80,
911 2743 954 2779 et
983 2751 1009 2779 a
1040 2737 1127 2779 Chr
1159 2743 1336 2779 sostomo
1372 2735 1570 2793 rejicitur.
1604 2736 1771 2779 FABR.

363 2754 495 2838 imm-0
541 2795 760 2845 Fabricius,
804 2795 843 2838 in
885 2801 983 2838 nota
1022 2794 1076 2836 ad
1139 2793 1384 2836 'bilustrium
1426 2793 1478 2836 de
1521 2793 1773 2836 ilaei-esibus
