2034 3204
374 260 438 302 ΙΝ
469 261 511 303 S.
536 260 700 302 CYPR.
733 259 811 301 DE
845 258 1038 301 OPERE
1070 258 1144 300 ΕΤ
1176 259 1462 301 ELEEMOS.
1531 259 1613 300 351

218 365 409 408 meritum
443 366 668 409 eorundem
700 379 885 422 operum,
917 364 991 406 sed
1021 370 1197 421 propter
1236 364 1392 406 Christi
1427 370 1617 416 mortem,

218 424 531 483 pactionemque
552 424 639 480 ejus
661 438 753 465 cum
773 421 1005 464 hominibus
1026 421 1342 463 misericordem.

283 482 330 524 P.
351 493 447 537 297.
469 481 495 522 l.
513 494 578 524 12.
598 483 760 524 veritas
779 482 827 523 in
846 480 968 522 nobie
987 494 1070 521 mm
1090 480 1167 534 est]
1207 479 1357 521 Postea
1383 479 1551 521 additur
1577 480 1619 520 in

219 539 396 596 vulgatis
427 538 685 588 editionibus,
718 539 771 581 ,Si
805 546 949 580 autem
982 538 1162 593 confessi
1182 537 1407 593 fuerimus
1435 545 1620 592 peccata

180 610 203 649 5
217 605 379 648 nostra,
391 596 540 650 fidelis
559 597 754 652 etjustue
777 604 839 638 est
858 596 1070 638 Dominus
1096 596 1172 650 qai
1198 595 1320 636 nobis
1340 603 1525 650 peccata
1553 596 1621 636 di-

217 655 376 696 mittat.
439 655 749 702 Verumtamen,
777 653 853 696 etsi
881 668 931 695 ea
961 658 1125 694 exstent
1154 652 1196 694 in
1226 652 1470 709 quibusdam
1499 652 1622 694 Codi-

217 711 331 753 cibus
351 711 542 767 antiquis,
557 726 682 767 quum
703 711 989 753 desiderentur
1010 710 1052 752 in
1073 710 1277 752 sexdecim
1297 709 1461 759 nostris,
1475 709 1517 751 in
1538 709 1622 766 pri-

217 768 293 810 mis
316 769 358 810 in
381 769 665 835 Seguierian0‚
686 769 729 811 in
755 783 828 810 sex
850 767 1100 825 AnglicaniS,
1122 774 1165 810 et
1190 767 1303 825 apud
1329 774 1514 810 sanctum
1536 770 1621 809 Au-

217 826 424 883 gustinum
447 842 489 868 1n
509 826 607 868 locis
627 841 753 882 supra
772 825 962 875 laudatis,
979 825 1121 882 putavi
1138 840 1187 868 ea
1202 840 1284 867 non
1300 840 1388 867 esse
1407 825 1619 883 Cypriani,

155 897 204 923 10
217 884 290 926 sed
316 899 342 926 a
362 884 540 940 quodam
570 884 752 927 studioso
782 884 862 926 huc
892 883 1094 926 translata
1120 898 1171 926 ex
1191 883 1365 940 epistola
1387 883 1527 926 Sancti
1547 883 1575 925 J
1579 898 1622 924 o-

216 941 347 984 annis.
392 942 516 984 Certe
536 942 692 998 absque
711 941 760 983 iis
780 956 861 983 non
883 940 1016 983 minus
1037 947 1197 983 constat
1217 956 1371 983 sensus,
1410 941 1620 983 BALUZ.

218 1000 301 1042 Sex
320 999 538 1042 Codicibus
557 999 741 1055 Anglicis
760 999 802 1041 in
823 998 921 1041 edit.
940 999 1075 1041 Oxon.
1093 998 1421 1040 commemoratis
1440 998 1621 1041 addendi

215 1063 312 1100 sunt
334 1057 463 1100 Codd.
486 1058 568 1100 duo
587 1057 696 1099 Novi
718 1056 905 1114 Collegii,
927 1057 1276 1098 Meermannanus
1297 1071 1405 1098 nunc
1427 1071 1554 1105 meus,
1577 1062 1620 1098 et

216 1120 391 1170 uterque
419 1114 665 1164 Drurianus,
691 1129 717 1156 a
743 1114 891 1170 quibus
917 1114 1068 1156 absunt
1098 1115 1226 1156 verba
1253 1129 1278 1156 a
1302 1113 1472 1156 Baluzio
1502 1128 1621 1170 prae-

154 1184 202 1221 15
216 1172 430 1222 termissa;
456 1187 599 1215 verum
615 1178 785 1214 exstant
804 1172 846 1214 in
866 1171 965 1214 edit.
981 1171 1180 1229 Cypriani
1196 1171 1381 1228 principe
1402 1178 1445 1214 et
1461 1172 1620 1214 duobus

215 1229 356 1272 alteris
376 1245 502 1287 penes
523 1245 587 1272 me
608 1229 754 1272 MStis.

273 1287 321 1330 P.
341 1300 436 1342 299.
458 1288 483 1330 l.
506 1301 570 1342 15.
591 1302 674 1329 non
694 1292 854 1330 tantum
882 1301 908 1329 a
934 1286 1125 1336 secunda,
1148 1286 1221 1328 sed
1248 1301 1274 1328 a
1299 1286 1434 1343 prima
1459 1286 1612 1342 morte]

215 1345 357 1387 Prima
375 1360 499 1394 mors.
521 1344 716 1402 corporis,
738 1345 918 1387 secunda
945 1344 1118 1387 animae.
1179 1343 1257 1386 Ait
1282 1344 1424 1400 igitur,
1446 1345 1621 1387 eleemo-

214 1402 341 1460 synis,
372 1403 488 1445 bonis
518 1402 839 1459 operationibus,
870 1401 1045 1458 primam
1077 1402 1187 1444 illam
1224 1402 1408 1459 corporis
1443 1408 1620 1444 mortem

151 1477 201 1503 20
214 1460 421 1517 suspendi,
442 1460 630 1516 exemplo
658 1459 888 1502 Tabithae:
919 1459 1141 1502 secundam
1171 1474 1282 1508 ver0‚
1304 1474 1411 1516 quae
1441 1466 1504 1502 est
1533 1459 1621 1502 ani-

214 1532 318 1568 mae,
340 1523 514 1560 mortem
536 1517 683 1560 evitari
709 1516 929 1574 adeptione
951 1516 1060 1559 vitae
1084 1523 1294 1566 aeternae,
1315 1531 1422 1574 quae
1449 1517 1620 1574 promit-

214 1575 317 1619 titur
337 1574 526 1619 fidelibus
546 1575 674 1618 bonas
694 1574 954 1631 operationes
973 1574 1254 1632 operantibus,
1291 1575 1526 1618 RIGALT.

273 1633 380 1676 Ibid.
417 1633 444 1675 l.
477 1634 545 1676 28.
581 1639 624 1675 et
659 1632 875 1675 viduarum
910 1647 959 1674 ac
995 1631 1241 1690 pauperum]
1277 1632 1529 1675 Particulam
1563 1641 1618 1684 et,

213 1704 320 1747 quae
348 1690 444 1733 huic
473 1690 702 1733 sententiae
732 1691 776 1732 in
805 1689 991 1747 principe
1020 1690 1191 1747 aliisque
1221 1689 1481 1740 editionibus,
1504 1696 1547 1734 et
1576 1691 1619 1733 in

151 1761 200 1801 25
213 1754 372 1805 septem
401 1748 480 1791 illis
511 1748 731 1791 Codicibus
761 1762 864 1804 quos
892 1747 982 1804 ipse
1012 1747 1178 1798 contuli,
1199 1748 1386 1804 praefixa
1415 1754 1491 1798 est,
1513 1763 1620 1805 quae

213 1820 312 1849 vero
331 1805 375 1848 in
395 1806 512 1849 editt.
535 1805 761 1848 Baluziana
784 1817 827 1848 et
850 1805 986 1848 Oxon.
1008 1805 1115 1848 male
1142 1805 1292 1848 omissa
1318 1812 1394 1855 est,
1415 1806 1619 1856 revocavi,

213 1877 341 1920 quum
369 1863 546 1906 fortasse
574 1863 618 1905 in
637 1862 772 1907 MStis
798 1877 896 1905 voce
926 1863 1202 1919 praecedente
1231 1872 1395 1906 orasset
1422 1864 1621 1921 absorpta

213 1926 334 1963 esset.

273 1977 378 2021 Ibid.
399 1978 426 2020 l.
443 1991 512 2035 33.
533 1992 709 2034 exem-qe
728 1979 778 2020 in
802 1978 971 2020 nomine
989 1979 1095 2021 Jesu
1119 1978 1303 2036 Christi]
1327 1978 1446 2021 Istud
1472 1980 1521 2022 in
1547 1995 1621 2023 no-

149 2052 202 2090 30
214 2037 327 2079 mine
352 2037 458 2078 Jesu
490 2036 655 2078 Christi
683 2035 844 2078 addunt
873 2035 1093 2078 nonnullae
1114 2034 1348 2085 Versiones,
1379 2035 1499 2079 simul
1526 2053 1619 2080 cum

215 2093 279 2136 his
300 2093 508 2143 Patribus,
531 2092 757 2150 Cypriano,
779 2092 1012 2142 Ambrosio,
1036 2092 1376 2150 Cassiodoroque.

272 2151 320 2193 P.
334 2164 434 2207 300.
455 2151 482 2193 l.
502 2163 569 2194 22.
591 2151 686 2194 illic
706 2151 789 2193 erit
809 2158 849 2193 et
868 2165 942 2194 cor
963 2151 1100 2206 tuum]
1118 2151 1222 2193 Illic
1241 2165 1318 2208 pro
1338 2152 1403 2194 ibi
1422 2166 1475 2194 ex
1497 2151 1619 2194 Codi-

214 2208 328 2251 cibus
356 2207 518 2265 scriptis
544 2207 722 2265 reposui,
749 2207 849 2264 quia
876 2208 919 2250 in
949 2207 1076 2265 ipsius
1104 2208 1305 2266 Cypriani
1332 2208 1400 2251 lib.
1418 2223 1466 2251 n1
1486 2209 1620 2252 Testi-

213 2266 443 2308 moniorum
466 2266 508 2308 S.
528 2266 782 2323 Scripturae,
803 2280 844 2323 p.
860 2279 918 2322 59
939 2265 1037 2308 edit.
1061 2266 1196 2309 Oxon.
1218 2266 1274 2309 sic
1294 2266 1407 2310 locus
1427 2267 1620 2325 Evange-

149 2338 200 2379 35
214 2323 333 2366 listae
353 2323 540 2366 affertur.

272 2382 319 2424 P.
341 2394 439 2437 301.
475 2381 502 2423 l.
526 2393 593 2436 23.
630 2381 716 2425 Sed
744 2380 901 2424 vereris
930 2386 973 2424 et
1001 2380 1171 2438 metuis]
1203 2381 1404 2424 Restituit
1437 2381 1619 2438 priorem

213 2438 443 2490 lectionem,
468 2439 521 2481 Si
547 2440 706 2482 vereris
732 2447 773 2482 et
798 2440 963 2489 metuis,
986 2439 1193 2488 Baluzius,
1221 2453 1343 2495 quam
1370 2445 1618 2489 mutaverat,

213 2497 296 2539 fide
325 2496 446 2538 nixus
475 2501 654 2552 quatuor
684 2496 1074 2553 Manuscriptorum,
1096 2497 1249 2539 Fellus.
1313 2496 1369 2539 lis
1398 2497 1500 2539 alios
1529 2512 1619 2554 sep-

213 2561 298 2596 tem
334 2568 442 2596 nunc
476 2553 598 2604 addo,
634 2553 850 2596 lectionem
886 2568 994 2610 quae
1027 2554 1129 2597 mihi
1163 2554 1311 2611 placet,
1344 2560 1618 2611 praestantes,

149 2629 200 2665 40
214 2618 339 2668 atque
359 2611 418 2654 ita
438 2625 607 2668 prorsus
621 2611 845 2655 constituta
864 2618 928 2655 est
947 2611 1081 2654 oratio
1100 2626 1197 2654 mox
1217 2611 1339 2663 infra,
1355 2611 1427 2654 ubi
1446 2613 1619 2655 verbum

213 2671 367 2713 metuis
386 2668 575 2711 occurrit.

272 2727 318 2769 P.
342 2740 439 2783 303.
470 2726 497 2769 l.
520 2739 583 2768 11.
615 2725 816 2782 subsidia]
850 2725 1028 2769 Addunt
1062 2727 1178 2769 vitae
1208 2725 1408 2769 editiones
1438 2727 1621 2770 Manuti-

214 2799 335 2828 anam
356 2790 534 2836 secutae,
556 2784 629 2826 sed
648 2799 788 2826 vocem
814 2783 959 2833 delevi,
980 2782 1132 2826 idcirco
1159 2784 1271 2840 quod
1296 2784 1455 2828 monuit
1475 2786 1621 2827 Pame-

216 2842 295 2885 lius
323 2847 491 2899 praeter
521 2842 683 2884 Manut.
712 2841 869 2884 nullum
901 2841 1094 2884 codicem
1123 2841 1255 2898 ipsam
1284 2841 1438 2900 legere.
1499 2844 1622 2886 Atta-

159 2916 209 2955 45
221 2915 316 2943 men
354 2900 397 2942 in
436 2899 615 2942 editione
655 2898 936 2957 Lugdunensi,
975 2914 1081 2955 quae
1121 2899 1388 2943 Manutianae
1431 2900 1619 2957 praeivit,
