2034 3204
453 264 539 304 342
923 263 1002 305 AN
1004 263 1045 305 N
1050 261 1309 305 OTATION
1312 261 1383 303 Es

454 370 612 412 decimo
633 370 794 412 saeculo
814 371 990 427 scriptus
1010 377 1086 423 est,
1101 378 1270 429 praeter
1293 372 1548 414 Drurianum
1569 370 1855 420 recentiorem,

454 442 575 484 quem
606 444 690 470 non
718 428 920 485 possideo.
980 430 1131 472 Exstat
1160 430 1303 472 itidem
1324 444 1403 471 vox
1435 431 1608 472 laetitia
1635 428 1679 470 in
1705 428 1857 471 Codice

455 486 634 542 quodam
654 486 964 528 Vindobonensi
983 487 1135 529 saeculi
1155 501 1248 528 xm.
1287 487 1382 529 Vid
1405 486 1535 529 Denis
1557 486 1689 529 Catal.
1708 486 1788 528 vol.
1810 499 1856 537 11,

454 543 529 586 col.
551 557 674 600 2129.
736 545 859 586 Adde
879 544 990 600 quod
1017 544 1128 586 nulla
1148 544 1328 587 varietas
1353 544 1432 586 hoc
1454 544 1544 586 loco
1568 550 1713 586 notata
1732 549 1795 586 est
1813 543 1857 585 in

452 601 695 644 lectionibus
715 602 814 644 edit.
830 602 965 644 Oxon.
982 602 1189 659 subjectis.
1871 609 1895 648 5

513 658 565 701 Ρ
586 661 682 714 278.
703 660 730 700 l.
748 671 815 715 23.
837 659 1018 716 incipere
1037 661 1235 717 regnare]
1266 659 1408 702 Codex
1430 658 1678 701 Serbonicus
1696 660 1744 700 2’2ι
1756 673 1858 714 per-

447 725 590 772 petuo.
657 716 779 758 Alius
811 723 942 765 vetus,
978 732 1074 759 cum
1114 719 1282 760 Christo
1317 725 1522 773 perpetuo
1560 723 1866 771 reynaturum.

454 775 660 816 BALUZ.
732 774 842 816 Olim
877 774 1039 831 scripsit
1062 775 1188 818 Joan.
1211 775 1336 816 Fred.
1359 773 1591 817 Gronovius
1617 774 1855 816 Observatt.

454 832 507 873 de
543 831 822 888 Scriptoribus
857 832 1092 875 Ecclesiast.
1121 838 1216 890 post
1254 832 1478 874 adductum
1517 832 1627 873 hunc
1659 831 1859 888 Cypriani

453 889 612 931 locum:
649 891 871 945 ‘Incipere
900 905 1094 946 reynare.
1156 891 1452 940 Membranae3
1485 889 1555 945 qui
1585 903 1630 937 se
1658 904 1741 930 non
1771 903 1858 931 cre·
1875 907 1925 932 10

455 953 465 970 ⁴
483 948 556 989 dat
587 962 679 989 cum
710 947 916 989 Christo
906 962 949 989 ιιι
979 954 1180 1004 perpetuo
1209 962 1400 1013 regnare.
1465 946 1587 998 Quod
1617 946 1740 988 eredo
1770 961 1858 988 mu·

455 1011 465 1027 ‘
482 1011 604 1053 tasse,
626 1005 775 1060 quibus
795 1005 1014 1048 videbatur
1033 1005 1288 1048 incommode
1317 1005 1491 1061 positum
1513 1005 1641 1046 solum
1663 1019 1859 1060 veynare,

456 1069 465 1085 ‘
483 1062 600 1118 quasi
625 1063 713 1119 jam
739 1078 847 1105 nunc
874 1069 1066 1120 regnent.
1127 1063 1186 1106 At
1212 1062 1375 1128 optimis
1402 1062 1638 1105 auctoribus
1664 1076 1860 1127 praesens

455 1127 466 1143 ‘
482 1120 672 1162 infinitivi
701 1135 777 1177 pro
807 1121 949 1163 futuro
981 1121 1190 1163 usitatum.
1251 1120 1396 1163 Cicero
1425 1120 1554 1163 lib.1v
1575 1120 1628 1162 ad
1649 1119 1859 1162 Atticum:

456 1178 610 1220 “Cato
630 1184 770 1220 tamen
790 1179 968 1221 affirmat
987 1193 1031 1221 se
1046 1179 1138 1222 vivo
1158 1178 1272 1220 illum
1293 1193 1376 1220 non
1395 1177 1666 1234 triumphare.
1669 1180 1679 1196 '
1721 1177 1859 1219 Livius
1876 1191 1924 1231 15

455 1242 466 1259 ‘
482 1235 552 1278 lib.
575 1250 727 1287 xxxw,
750 1237 949 1279 ‘Postero
969 1236 1036 1279 die
1057 1236 1188 1279 Nabis
1207 1236 1334 1302 Argis
1355 1250 1398 1278 se
1419 1235 1567 1277 cedere
1587 1250 1635 1277 ac
1655 1235 1860 1277 deducere

455 1300 465 1316 ⁶
483 1293 746 1350 praesidium,
778 1294 944 1350 quando
978 1294 1038 1336 ita
1068 1293 1265 1336 Romanis
1300 1294 1498 1350 placeret,
1528 1299 1571 1335 et
1600 1292 1784 1349 captivos
1817 1298 1861 1335 et

456 1358 466 1374 ‘
483 1351 681 1408 perfugas
707 1352 967 1394 redditurum
995 1352 1137 1395 dixit:
1170 1351 1345 1394 Plautus
1370 1351 1578 1400 Rudente,
1601 1350 1723 1393 ‘Sive
1749 1350 1861 1392 leno-

456 1416 466 1432 ‘
483 1424 577 1451 nem
608 1410 747 1451 facere
779 1410 856 1452 hoc
887 1410 996 1466 quod
1026 1410 1150 1452 fecit!
1188 1423 1276 1466 cap.
1300 1408 1382 1461 xiv,
1402 1423 1443 1466 p.
1469 1419 1546 1465 150
1566 1408 1630 1451 ed
1653 1408 1857 1450 Daventr.

455 1467 613 1509 Verum
633 1473 773 1509 tamen
797 1468 856 1510 ita
876 1467 1018 1510 scribit
1039 1467 1274 1533 Cyprianus
1299 1466 1421 1517 infra,
1442 1467 1537 1508 illic
1563 1474 1862 1522 comparantes
1875 1482 1927 1508 20

454 1526 612 1576 domos,
630 1524 697 1567 ubi
720 1525 949 1581 inciperent
969 1540 1132 1582 semper
1151 1524 1357 1573 habitare,
1375 1524 1427 1566 de
1446 1524 1482 1566 Ο
1515 1538 1585 1566 ere
1601 1530 1644 1565 et
1658 1524 1861 1565 Eleemos.

454 1596 543 1639 cap.
560 1580 716 1648 penult.
778 1583 909 1624 Porro
942 1583 1099 1625 habent
1127 1581 1254 1638 aliqui
1287 1581 1400 1638 apud
1427 1581 1470 1624 S.
1523 1581 1660 1623 aulum
1692 1581 1747 1623 ad
1777 1581 1861 1623 Ro-

454 1654 609 1689 manos,
633 1640 713 1696 viii,
740 1654 749 1681 ι
759 1653 800 1696 3,
828 1642 881 1683 Si
909 1642 1021 1683 enim
1051 1642 1280 1683 secundum
1310 1654 1483 1682 carnem
1511 1640 1722 1691 vixeritis,
1752 1639 1861 1681 inci-

447 1699 584 1753 pictis
610 1699 733 1747 mm·i‚
760 1698 930 1750 μέλλετε
957 1698 1238 1750 ἀποθνήσκειν.
1299 1696 1446 1753 Neque
1476 1702 1638 1739 mutant
1657 1696 1757 1752 quid
1782 1695 1861 1738 hoc

458 1755 658 1812 Cypriani
679 1755 767 1798 loeo
791 1755 962 1798 Codices
982 1755 1130 1811 quibus
1152 1770 1247 1797 usus
1267 1769 1357 1796 sum
1377 1754 1503 1797 MSti.
1875 1763 1924 1803 25

515 1813 561 1854 P.
584 1824 677 1866 279.
701 1813 727 1855 l.
746 1825 812 1867 24
835 1812 1058 1855 vinolentia
1077 1812 1241 1868 invitat]
1274 1813 1389 1854 Fors.
1406 1811 1571 1868 legend.
1588 1812 1755 1854 irritat.

515 1870 622 1913 Ibid.
643 1870 669 1912 l.
696 1872 761 1912 26.
790 1870 973 1936 Cogeris
982 1870 1244 1926 maledicere]
1276 1869 1414 1911 Etiam
1437 1869 1603 1912 Christo
1622 1868 1845 1911 interdum.

515 1928 620 1970 Ibid.
655 1927 923 1985 Compelleris
956 1928 1115 1993 jurare,
1152 1927 1263 1984 quod
1297 1942 1380 1969 non
1413 1927 1529 1983 licet]
1576 1927 1658 1969 Per
1692 1926 1860 1984 genium

458 1986 660 2035 Caesaris,
692 1993 766 2028 aut
799 1986 1008 2028 fortunam
1043 1985 1144 2043 ejus.
1207 1985 1274 2028 Sic
1304 1985 1530 2027 Proconsul
1563 1984 1693 2058 apud
1707 1984 1859 2027 Euseb-

455 2043 524 2086 lib.
554 2058 608 2093 lv,
640 2058 674 2086 c.
703 2057 766 2099 15,
797 2044 885 2086 loco
921 2043 1205 2109 praelaudato,
1239 2043 1470 2116 Polycarpo
1504 2041 1659 2100 ingerit
1675 2040 1861 2094 ‘'Onon-ov
1874 2059 1927 2097 30

455 2101 528 2153 τὴν
551 2102 756 2154 Καίσαρος
775 2102 914 2157 τύχην,
934 2100 996 2143 cui
1018 2100 1087 2143 ille
1107 2100 1321 2166 respondit
1340 2102 1440 2153 μετὰ
1460 2101 1691 2154 παῤῥησίας,
1699 2098 1860 2150 Ἄκουε,

456 2161 697 2239 ιΧριστιανός
728 2161 818 2211 εἶμι.
882 2158 1062 2201 Proinde
1083 2157 1376 2207 Tertullianus,
1403 2157 1446 2199 in
1471 2157 1596 2214 Apol.
1622 2172 1656 2200 c.
1673 2170 1743 2223 32,
1764 2156 1863 2199 dicit

457 2216 743 2259 ‘Christianos
767 2216 925 2272 jurare,
946 2216 1052 2259 sicut
1072 2230 1153 2258 non
1181 2230 1256 2273 per
1277 2215 1419 2273 genios
1441 2215 1679 2264 Caesarum,
1700 2214 1760 2258 ita
1785 2229 1862 2271 per

456 2273 657 2355 ‘salutem
680 2288 821 2316 eorum
849 2274 943 2327 [hoc
963 2279 1026 2316 est
1046 2274 1199 2327 Deum]
1223 2288 1329 2330 quae
1354 2279 1417 2316 est
1440 2272 1653 2330 augustior
1674 2271 1862 2315 omnibus

513 2331 639 2374 eniisss
700 2331 870 2374 Interim
893 2338 1030 2374 tamen
1051 2346 1133 2373 non
1154 2337 1218 2373 est
1237 2330 1588 2380 dissimulandum,
1610 2331 1739 2373 verba
1758 2330 1860 2373 haec
1874 2342 1926 2383 35

540 2388 866 2432 maledicentiam
898 2395 941 2431 et
965 2388 1134 2444 jurandi
1166 2403 1295 2439 usum,
1325 2388 1365 2430 in
1396 2387 1599 2430 communi
1624 2387 1721 2437 vita,
1746 2393 1860 2430 reete

456 2462 575 2503 posse
606 2446 765 2489 referri.
801 2447 873 2488 Fr:
878 2446 1040 2489 LLUS.
1103 2445 1350 2511 CyprianuS‚
1383 2446 1435 2488 de
1467 2446 1584 2487 Bono
1616 2444 1860 2497 Patientiae,

457 2519 495 2585 p.
515 2517 610 2559 25,2
633 2504 698 2547 ed.
716 2503 941 2546 Baluzii—·
957 2503 1107 2546 deinde
1134 2510 1180 2546 ιιι
1207 2518 1286 2545 ιιοιι
1312 2518 1384 2559 Jm
1386 2517 1442 2553 es
1464 2518 1598 2560 neque
1628 2502 1861 2552 maledicas,

457 2569 531 2604 ‘ut
551 2568 624 2604 tua
643 2562 783 2604 ablata
805 2576 884 2603 non
907 2567 1084 2618 repetas,
1103 2567 1149 2604 ut
1168 2567 1338 2627 accepta.
1357 2561 1478 2618 alapa
1494 2567 1536 2604 ot
1550 2561 1725 2603 alteram
1747 2575 1860 2603 max-

456 2619 536 2661 ‘ill
530 2635 593 2661 ιιιι
614 2635 684 2662 vei
688 2619 848 2661 beranti
871 2619 1033 2677 praebe.
1037 2633 1082 2667 ιε,
1102 2625 1147 2661 ιιι
1167 2618 1318 2661 fratri
1309 2634 1351 2661 ιιι
1373 2625 1414 2661 to
1435 2619 1619 2684 peccanti
1641 2619 1725 2661 &eff
1762 2618 1858 2668 Sed,
1874 2630 1927 2666 40

454 2692 688 2734 quanquam
719 2676 882 2719 minimo
908 2676 1142 2742 negandum
1164 2682 1227 2719 est
1247 2676 1345 2733 quin
1367 2676 1531 2742 plurimi
1554 2682 1714 2719 veteres
1734 2676 1861 2732 scrip-

456 2742 565 2776 tores
602 2737 699 2777 κατὰ
734 2735 806 2787 τὴι
840 2734 952 2787 λέξιν
988 2734 1250 2791 interpretati
1288 2734 1369 2776 sint
1406 2733 1560 2777 Christi
1597 2740 1639 2776 ot
1670 2732 1860 2799 Apostoli

454 2791 599 2834 l-acobi
632 2792 684 2834 do
717 2807 796 2834 non
827 2791 1008 2858 jmando
1040 2797 1318 2858 praeceptum,
1351 2791 1542 2834 discimus
1573 2796 1709 2834 tamon
1745 2790 1860 2833 lectis

454 2849 544 2891 aliia
575 2849 810 2892 iunioribus
844 2849 1136 2901 ecclesiasticis,
1170 2849 1281 2906 apud
1315 2848 1571 2892 Christianos
1605 2862 1767 2905 semper
1799 2847 1859 2890 in-

456 2905 629 2949 valuisse
656 2906 733 2949 nito
755 2913 796 2949 vt
819 2906 1008 2963 religiose
1033 2906 1200 2963 jurandi
1225 2921 1390 2949 morem.
1455 2907 1575 2949 Cous.
1597 2906 1718 2958 enim,
1741 2920 1859 2963 pr-ae
1873 2913 1923 2950 45
