2034 3204
431 272 516 314 DE
554 271 769 315 OPERE
808 271 888 312 ET
925 269 1416 314 ELEEMOSYNIS.
1542 273 1628 315 307

224 397 331 428 suos
365 397 458 429 non
491 387 791 446 aynooerunt,
825 379 877 427 Izi
913 379 1224 427 custodierunt
1256 386 1498 442 praecepta
1535 387 1627 435 tua,

223 465 267 506 et
311 466 624 507 testamentum
670 465 797 507 tuum
841 464 1150 506 servaverunt.
1221 459 1349 505 Nam
1389 459 1431 504 si
1468 459 1626 504 Deum

223 543 324 584 toto
360 540 498 584 corde
535 538 796 600 diligimus,
834 553 919 583 nec
965 543 1184 597 parentes
1225 551 1311 583 nec
1358 536 1480 582 filios
1523 537 1627 582 Deo

221 615 459 674 praeferre
495 616 735 662 debemus,
804 614 945 668 Quod
991 621 1040 661 et
1079 614 1111 660 J
1113 629 1290 660 oannes
1330 614 1382 660 in
1427 614 1627 674 epistola

184 704 208 744 5
222 707 310 738 sua
331 692 480 752 ponit,
504 693 751 739 caritatem
775 692 868 738 Dei
903 693 1031 752 apud
1058 707 1137 738 eos
1171 707 1265 738 non
1290 707 1392 738 esse
1415 706 1535 751 quos
1558 691 1628 736 vi-

221 770 417 816 deamus
463 770 648 831 operari
694 770 743 816 in
790 784 1021 830 pauperes
1061 771 1213 815 nolle:
1265 768 1360 828 Qui
1403 767 1625 822 habuerit,
1644 783 1655 848 ἰ
1675 772 1822 805 Joan.1i1

222 846 394 907 inquit,
425 847 723 894 substantiam
761 847 936 901 mundi,
977 853 1019 894 et
1055 846 1222 893 viderit
1243 845 1452 909 fratrem
1493 862 1625 893 saum
1664 825 1692 858 ⁷⁶

221 924 566 980 desiderantem,
602 931 644 972 et
689 924 904 972 clauserit
940 922 1115 972 viscera
1151 940 1251 979 sua,
1289 923 1512 987 quomodo
1553 940 1628 971 ca-

219 1002 338 1047 ritas
362 1000 456 1048 Dei
490 1008 640 1048 manet
675 1002 725 1048 in
761 1001 886 1048 ilco?
921 1002 974 1048 Si
1001 1002 1130 1049 enim
1154 1003 1286 1048 Deus
1314 1002 1626 1063 eleemosynis

160 1098 208 1124 10
220 1094 484 1139 pauperum
540 1079 826 1136 foeneratur,
883 1086 932 1126 et
988 1095 1138 1140 quum
1207 1081 1352 1126 datur
1412 1080 1626 1127 minimis

220 1158 414 1204 Christo
437 1160 592 1213 datur,
617 1174 714 1205 non
745 1165 817 1205 est
840 1160 966 1220 quod
991 1159 1100 1218 quis
1133 1164 1321 1204 terrena
1343 1158 1625 1204 coelestibus

219 1235 457 1295 praeferat
481 1251 566 1282 nec
589 1235 767 1282 divinis
791 1237 1003 1282 humana
1027 1242 1302 1296 praeponat.

285 1311 434 1359 XIII.
472 1312 549 1359 Sic
586 1313 732 1359 vidua
770 1313 853 1359 illa
894 1314 943 1359 in
984 1314 1127 1360 tertio
1170 1313 1446 1375 Regnorum
1488 1314 1623 1365 libro,
1638 1324 1775 1363 Quanta
1754 1334 1810 1355 um

218 1405 369 1478 quum
404 1390 454 1436 in
485 1390 695 1437 siccitate
734 1397 783 1436 et
815 1391 942 1437 fame
978 1391 1273 1451 consumptis
1310 1391 1532 1436 omnibus
1566 1372 1688 1443 dedita
1661 1422 1754 1453 ,supe
1696 1368 1820 1443 “nii-⁰⁰

1637 1466 1789 1486 ccccc

217 1544 492 1591 cinericium
527 1560 713 1606 panem,
743 1560 840 1605 quo
873 1546 1127 1605 absumpto
1161 1546 1395 1591 moritura
1423 1561 1530 1591 cum
1567 1546 1624 1591 li-
1637 1499 1814 1618 Ξῐῐὲξδῖ
1771 1552 1838 1574 ’Μ

218 1622 342 1668 beris
366 1629 502 1677 esset,
527 1623 803 1683 supervenit
828 1623 1011 1679 Heliae,
1034 1630 1082 1669 et
1110 1623 1249 1683 petiit
1272 1623 1363 1669 sibi
1398 1624 1532 1684 prius
1564 1626 1623 1669 ad

216 1701 451 1747 edendum
497 1701 617 1755 dari,
655 1708 769 1748 tunc
804 1703 933 1761 quod
979 1701 1293 1761 superfuisset
1341 1701 1452 1747 inde
1492 1702 1623 1747 illam

217 1793 326 1824 cum
348 1777 462 1824 filiis
492 1779 590 1825 suis
618 1779 758 1825 vesci.
829 1779 932 1826 Nec
960 1780 1287 1839 obtemperare
1323 1780 1406 1824 illa
1434 1779 1626 1825 dubita-

156 1871 206 1897 20
219 1855 305 1906 vit,
330 1862 415 1902 aut
440 1856 611 1902 Heliae
633 1856 754 1903 filios
778 1863 931 1903 mater
953 1857 1004 1902 in
1027 1857 1156 1902 fame
1179 1863 1227 1902 et
1250 1862 1459 1918 egestate
1490 1872 1626 1916 prae-

218 1931 392 1992 posuit.
465 1933 547 1979 Fit
580 1933 728 1979 immo
755 1934 807 1979 in
834 1940 1088 1993 conspectu
1111 1933 1203 1979 Dei
1228 1935 1355 1993 quod
1391 1934 1495 1980 Deo
1523 1936 1623 1994 pla·
1635 1945 1841 1977 'robam-0.

218 2016 351 2065 ceat3
388 2016 606 2070 prompte
641 2026 695 2057 ac
727 2011 930 2057 libenter
955 2012 1083 2071 quod
1117 2011 1369 2070 petebatur
1391 2011 1619 2066 offertum

218 2103 303 2134 nec
335 2089 394 2134 de
428 2089 723 2135 abundantia
745 2089 913 2149 portio,
940 2090 1021 2135 sed
1053 2090 1112 2134 de
1143 2089 1329 2135 modico
1354 2095 1507 2135 totum
1540 2091 1624 2136 da-

218 2171 311 2219 tur,
329 2172 378 2211 et
400 2166 719 2212 esurientibus
736 2166 899 2212 liberis
923 2168 1045 2212 alter
1067 2166 1200 2226 prius
1225 2167 1448 2225 pascitur,
1468 2183 1621 2227 neque

156 2256 204 2296 ²5
219 2242 270 2288 in
315 2243 517 2303 penuria
552 2250 600 2289 et
634 2243 761 2289 fame
797 2243 930 2290 cibus
970 2250 1080 2289 ante
1116 2259 1262 2304 quam
1299 2244 1622 2290 misericordia

217 2320 486 2382 cogitatum
522 2326 578 2366 ut
603 2322 719 2367 dum
754 2321 806 2366 in
836 2336 976 2381 opere
1010 2321 1209 2367 salutari
1244 2322 1498 2367 carnaliter
1521 2322 1621 2368 vita

217 2397 553 2452 contemnitur,
574 2397 854 2458 spiritaliter
875 2399 1038 2444 anima
1061 2405 1288 2445 servetur.
1340 2399 1507 2445 Helias
1531 2400 1622 2446 ita-

218 2491 310 2535 que
340 2481 512 2536 typum
533 2475 718 2522 Christi
752 2492 934 2538 gerenS‚
965 2483 1014 2523 et
1044 2478 1173 2538 quod
1211 2478 1291 2523 ille
1323 2493 1410 2537 pro
1437 2478 1621 2524 miseri-

218 2551 379 2597 cordia
401 2551 553 2598 vicem
580 2553 783 2615 singulis
810 2555 979 2600 reddat
1001 2555 1266 2607 ostendens,
1291 2555 1548 2614 respondit,
1571 2562 1619 2601 et

155 2648 206 2684 30
219 2629 357 2683 dixit,
397 2627 532 2676 Haec
570 2628 684 2676 dicit
719 2629 968 2684 Dominus,
1002 2629 1191 2677 Fidelia
1211 2630 1374 2694 farris
1411 2647 1503 2678 non
1542 2631 1839 2686 de-3Reg.xvii.

204 2706 350 2768 ficiet,
373 2712 416 2753 et
451 2722 658 2769 capsaces
697 2706 786 2754 olei
822 2723 914 2754 non
953 2708 1187 2755 minuetur
1230 2725 1370 2772 usqae
1410 2710 1459 2756 in
1497 2709 1616 2757 diem
1634 2698 1683 2728 '⁴'

219 2783 342 2846 quod
362 2783 456 2830 abit
478 2783 710 2831 Dominus
734 2784 921 2831 imbrem
945 2801 1083 2848 super
1107 2792 1290 2833 terram.
1347 2788 1616 2835 Secundum

219 2862 409 2908 divinae
433 2862 788 2922 pollicitationis
812 2861 950 2909 fidem
978 2864 1291 2924 multiplicata
1310 2872 1422 2911 sunt
1449 2866 1619 2912 viduae

868 2954 958 2986 Xe
