1988 3216
417 287 474 328 36
731 288 1147 330 FRAGMENTUM
1180 289 1502 332 EPISTOLAE

415 396 627 447 ἑνοῦνται
675 397 812 465 αὐτῇ·
865 394 991 448 ὥστε
1041 419 1097 461 με
1143 395 1376 449 δύνασθαι
1426 400 1567 449 εἰπεῖν
1612 399 1688 449 καὶ
1738 395 1822 450 τὸν

414 479 564 532 τόπον
589 481 638 531 ἐν
663 478 702 551 ᾧ
740 480 1043 548 καθεζόμενος
1081 480 1314 548 διελέγετο
1341 483 1367 533 ὁ
1390 480 1619 550 μακάριος
1651 482 1817 535 Πολύ-

414 588 612 635 καρπος,
641 566 719 617 καὶ
742 564 828 621 τὰς
855 566 1090 634 προόδους
1122 567 1268 619 αὐτοῦ
1293 568 1371 619 καὶ
1394 566 1480 623 τὰς
1504 565 1719 624 εἰσόδους
1743 571 1821 620 καὶ

412 649 498 702 τὸν
522 654 800 720 χαρακτῆρα
831 657 916 703 τοῦ
940 652 1067 714 βίου,
1097 651 1174 703 καὶ
1199 650 1287 717 τὴν
1311 657 1396 704 τοῦ
1422 651 1650 717 σώματος
1673 651 1816 716 ἰδέαν,

411 736 490 787 καὶ
515 734 601 791 τὰς
626 734 855 804 διαλέξεις
880 733 937 792 ἃς
959 737 1158 789 ἐποιεῖτο
1181 735 1304 804 πρὸς
1327 736 1383 789 τὸ
1408 739 1610 802 πλῆθος,
1630 739 1707 789 καὶ
1731 736 1820 803 τὴν
1834 758 1856 796 5

411 819 530 885 μετὰ
543 819 768 873 Ἰωάννου
794 819 1207 892 συναναστροφὴν
1223 822 1287 877 ὡς
1312 820 1613 888 ἀπήγγελλε,
1630 824 1706 874 καὶ
1732 820 1820 887 τὴν

410 905 529 970 μετὰ
553 910 650 958 τῶν
675 911 860 958 λοιπῶν
884 910 982 958 τῶν
1005 904 1280 974 ἑωρακότων
1304 905 1390 958 τὸν
1419 905 1613 974 Κύριον·
1653 909 1729 959 καὶ
1755 909 1821 963 ὡς

410 988 761 1056 ἀπεμνημόνευε
785 988 896 1046 τοὺς
922 988 1101 1057 λόγους
1126 992 1300 1054 αὐτῶν,
1319 993 1395 1043 καὶ
1413 992 1519 1059 περὶ
1534 998 1619 1044 τοῦ
1638 994 1819 1061 Κυρίου

409 1077 516 1129 τίνα
552 1074 611 1141 ἦν
636 1073 668 1127 ἃ
700 1075 811 1144 παρ’
838 1076 1023 1128 ἐκείνων
1047 1073 1250 1141 ἀκηκόεε
1304 1078 1382 1128 καὶ
1409 1079 1516 1144 περὶ
1552 1082 1648 1129 τῶν
1674 1077 1814 1130 δυνά-

409 1183 536 1226 μεων
559 1162 722 1225 αὐτοῦ,
749 1163 827 1213 καὶ
860 1161 966 1228 περὶ
995 1162 1080 1226 τῆς
1116 1161 1448 1225 διδασκαλίας,
1478 1163 1542 1216 ὡς
1566 1161 1698 1228 παρὰ
1722 1167 1818 1214 τῶν
1835 1184 1883 1209 10

410 1247 662 1299 αὐτοπτῶν
686 1248 772 1311 τῆς
807 1244 927 1313 ζωῆς
958 1251 1044 1298 τοῦ
1078 1244 1232 1312 λόγου
1255 1245 1567 1316 παρειληφὼς
1593 1248 1619 1298 ὁ
1647 1246 1814 1299 Πολύ-

410 1354 591 1399 καρπος
641 1330 924 1398 ἀπήγγελλε
960 1329 1119 1384 πάντα
1155 1329 1400 1402 σύμφωνα
1439 1336 1542 1387 ταῖς
1586 1336 1810 1401 γραφαῖς.

409 1420 576 1469 Ταῦτα
614 1418 691 1468 καὶ
727 1414 831 1468 τότε
871 1414 948 1467 διὰ
985 1414 1040 1468 τὸ
1077 1415 1208 1472 ἕλεος
1245 1422 1330 1469 τοῦ
1361 1419 1489 1469 Θεοῦ
1522 1415 1578 1469 τὸ
1615 1417 1686 1470 ἐπ’
1713 1419 1816 1484 ἐμοὶ

408 1500 607 1569 γεγονὸς
632 1502 906 1556 σπουδαίως
943 1500 1134 1566 ἤκουον,
1165 1500 1658 1568 ὑπομνηματιζόμενος
1695 1501 1816 1555 αὐτὰ

409 1589 494 1639 οὐκ
518 1588 567 1639 ἐν
592 1585 764 1657 χάρτῃ,
790 1587 904 1638 ἀλλ’
930 1588 979 1638 ἐν
999 1589 1058 1655 τῇ
1084 1588 1173 1656 ἐμῇ
1199 1587 1383 1656 καρδίᾳ·
1432 1589 1509 1639 καὶ
1533 1589 1601 1640 ἀεὶ
1627 1586 1704 1639 διὰ
1727 1585 1815 1653 τὴν
1833 1612 1878 1648 15

406 1671 546 1742 χάριν
583 1677 668 1724 τοῦ
710 1675 837 1724 Θεοῦ
880 1673 1093 1738 γνησίως
1131 1670 1249 1724 αὐτὰ
1294 1674 1683 1740 ἀναμαρυκῶμαι·
1737 1674 1815 1725 καὶ

407 1758 608 1824 δύναμαι
649 1756 1060 1826 διαμαρτύρασθαι
1091 1757 1362 1825 ἔμπροσθεν
1386 1764 1472 1810 τοῦ
1498 1761 1641 1822 Θεοῦ,
1671 1757 1742 1810 ὅτι
1776 1757 1820 1810 εἴ

406 1868 451 1897 τι
490 1850 705 1896 τοιοῦτον
735 1842 920 1909 ἀκηκόει
961 1844 1132 1899 ἐκεῖνος
1162 1845 1188 1895 ὁ
1215 1841 1444 1911 μακάριος
1485 1847 1561 1895 καὶ
1599 1845 1811 1897 ἀποστο-

407 1928 541 1985 λικὸς
577 1927 920 1997 πρεσβύτερος,
953 1926 1227 1996 ἀνακράξας
1263 1927 1323 1980 ἂν
1348 1931 1424 1981 καὶ
1461 1927 1716 2000 ἐμφράξας
1752 1928 1812 1982 τὰ

1136 2103 1320 2152 doctrina,
1341 2107 1457 2155 prout
1485 2103 1532 2141 ab
1561 2102 1607 2142 iis
1630 2103 1696 2154 qui
1717 2103 1811 2142 Ver-

406 2119 480 2157 que
499 2106 652 2157 penitus
666 2105 875 2143 inhaerent.
907 2103 1018 2142 Adeo
1037 2108 1081 2142 ut

1137 2158 1229 2196 bum
1266 2157 1368 2196 vitae
1414 2156 1486 2208 ipsi
1534 2162 1811 2208 conspexerant

405 2166 444 2199 et
473 2161 599 2199 locum
627 2160 751 2211 ipsum
781 2158 925 2210 possim
944 2158 1080 2205 dicere,

406 2214 445 2252 in
474 2228 551 2265 quo
579 2214 820 2253 beatissimus
851 2213 1081 2263 Polycarpus

405 2269 540 2307 sedens
582 2269 826 2316 disserebat3
883 2280 1080 2318 processus

404 2336 556 2374 quoque
575 2324 656 2374 ejus
675 2327 715 2361 et,
739 2322 942 2373 ingressus,
962 2321 1080 2359 vitae-

404 2390 478 2429 que
515 2377 636 2416 totius
668 2377 841 2423 formam,
875 2380 914 2414 et
947 2388 1078 2426 corpo-

405 2431 456 2470 ris
476 2431 640 2483 speciem
659 2445 668 2478 ;
701 2443 894 2469 semones
914 2429 1077 2480 denique.

403 2499 499 2538 quos
524 2486 571 2524 ad
601 2485 786 2537 populum
811 2484 975 2523 habebat
998 2498 1005 2529 ;
1039 2490 1078 2522 et

404 2540 627 2579 familiarem
648 2538 1076 2589 consuetudinem‚quae

403 2595 456 2633 illi
496 2608 583 2633 cum
616 2594 776 2641 Joanne,
808 2598 852 2632 ut
886 2593 1075 2640 narrabat,

403 2655 442 2689 et
470 2662 555 2687 cum
586 2648 741 2700 reliquis
770 2647 834 2699 qui
866 2646 1074 2686 Dominum

404 2704 527 2755 ipsum
560 2703 754 2749 vidissent,
786 2702 1073 2741 intercesserat:

402 2764 442 2797 vt
469 2757 634 2809 qualitor
661 2757 763 2796 dicta
791 2756 942 2795 morum
974 2768 1075 2794 com—

402 2812 648 2859 memorabat,
680 2816 719 2850 et
750 2823 996 2863 quaecunque
1029 2810 1075 2848 de

405 2865 571 2903 Domino
591 2867 638 2903 ub
652 2866 783 2903 iiam-m
797 2865 979 2903 audierat.
1018 2864 1075 2901 Do

404 2920 593 2958 mirumnliu
627 2933 776 2970 quoquc·
811 2919 911 2957 illius
949 2932 990 2956 m·
1029 2919 1075 2956 ‹h-

1139 2212 1369 2263 Polycarpus
1424 2216 1631 2262 acceperat,
1674 2211 1808 2251 eodem

1136 2280 1291 2317 prorsus
1351 2266 1467 2305 modo
1523 2265 1721 2314 referebat,
1768 2266 1807 2304 in

1136 2321 1313 2359 omnibus
1351 2334 1437 2359 cum
1473 2320 1672 2371 Scriptura
1703 2333 1810 2359 sacra

1134 2375 1383 2414 consentiens.
1444 2374 1551 2413 Haec
1576 2387 1659 2425 ego,
1679 2373 1809 2414 divina

1134 2429 1225 2467 mihi
1260 2428 1445 2479 largiente
1475 2428 1686 2475 clementia,
1715 2433 1808 2467 tune

1131 2483 1324 2522 studiosus
1379 2483 1591 2529 audiebam,
1639 2495 1715 2521 non
1767 2482 1806 2522 iu

1132 2536 1263 2576 charta
1281 2538 1346 2575 sed
1373 2537 1410 2575 in
1432 2536 1545 2575 corde
1571 2549 1656 2574 meo
1675 2536 1806 2576 audita

1131 2591 1348 2629 des'cribens
1368 2605 1376 2638 ;
1407 2591 1614 2642 eademque
1644 2603 1712 2641 per
1731 2591 1803 2629 Dei

1130 2645 1293 2694 gratimu
1327 2646 1476 2684 assidue
1509 2650 1641 2695 repeto
1673 2658 1716 2684 ac
1748 2659 1804 2684 re-

1131 2699 1251 2738 volvo.
1329 2700 1378 2739 Et
1415 2699 1452 2737 in
1491 2705 1696 2750 conspectu
1732 2699 1804 2738 Dei

1131 2754 1318 2793 affirmare
1354 2767 1520 2805 possum,
1557 2754 1712 2792 beatum
1759 2753 1803 2792 il-

1132 2808 1209 2847 lum
1249 2814 1288 2847 et
1325 2808 1574 2860 apostolicum
1609 2808 1803 2859 presbyte-

1132 2876 1228 2908 mm,
1248 2862 1277 2900 si
1299 2862 1389 2913 quid
1419 2862 1603 2912 ejusmodi
1634 2875 1800 2913 unquam

1132 2917 1322 2958 :nuliis-*svn
1348 2917 1647 2954 ‹vxvlnmntm-um
1682 2917 1801 2955 eonti-
