2034 3204
399 228 484 269 406
867 226 947 268 AN
948 227 989 268 N
994 226 1253 269 OTATION
1257 226 1326 268 Es

399 333 480 375 tius
502 332 768 376 Laodicenus.
831 333 915 376 Sed
944 333 1104 375 interea
1132 333 1288 388 absque
1316 346 1515 374 consensu
1544 331 1684 388 populi
1706 331 1804 387 Epi-

399 405 542 447 scopos
576 390 625 432 iis
654 391 908 448 temporibus
943 390 1068 432 fuisse
1103 390 1358 441 constitutos,
1389 390 1501 431 haud
1534 388 1695 445 opinari
1729 403 1804 430 nos

398 448 539 491 sinunt
564 448 783 491 electiones
803 448 1100 505 Episcoporum
1127 447 1329 503 plurimae
1356 447 1408 489 ab
1433 447 1669 489 auctoribus
1697 461 1804 488 com-

397 513 663 549 memoratae.
724 507 856 548 Porro
883 506 927 547 in
954 505 1018 547 his
1045 506 1170 546 rebus
1196 504 1502 561 participationi
1530 503 1720 560 populari
1744 503 1805 546 fa-

398 569 468 606 vet
488 578 580 606 cum
607 563 698 620 ipsa
726 564 829 605 haec
856 563 1048 620 Synodus
1068 562 1110 603 N
1111 562 1253 604 ieaena
1271 561 1315 604 in
1336 561 1523 618 Epistola
1551 562 1607 604 ad
1626 561 1805 603 Alexan·
1818 573 1842 613 5

398 621 539 663 drinos
570 622 682 678 apud
719 622 932 664 Socratem
961 620 990 670 i,
1020 634 1060 675 9,
1094 619 1229 676 posita
1262 634 1289 661 a
1322 619 1440 661 nobis
1473 619 1516 660 in
1551 618 1804 676 Appendice‚

397 685 485 721 tum
509 679 679 721 Concilii
701 677 956 721 Sardicensis
979 677 1123 720 Canon
1142 691 1198 719 vl.
1261 677 1372 720 Cleri
1401 676 1578 732 denique
1606 682 1649 719 et
1674 676 1807 733 plebis

397 751 640 778 consensum
671 737 714 777 in
744 735 1010 778 electionibus
1042 741 1272 778 memorant
1305 734 1472 777 Siricius
1503 735 1619 790 Papa
1648 740 1691 776 et
1721 734 1807 776 Leo

398 795 458 836 M.
480 794 523 835 in
548 793 739 836 Decretis
769 793 864 842 suis,
892 793 961 834 ille
985 807 1074 849 cap.
1095 808 1136 842 x,
1163 792 1230 834 hic
1250 807 1350 835 vero
1381 806 1501 848 capp.
1524 807 1591 842 xit,
1615 797 1657 834 et
1680 806 1806 842 xxxv,

397 858 441 894 et
461 851 600 893 xxxvi.
661 851 718 893 Et
738 851 926 893 conferas
946 865 1052 906 quae
1077 850 1132 892 ad
1153 850 1390 899 Eusebium}
1412 849 1521 891 Hist.
1539 849 1649 892 Eccl.
1663 863 1720 900 vl,
1735 862 1806 905 43,
1825 869 1873 894 10

398 909 588 951 Valesius
617 908 844 956 annotavit,
878 907 1185 964 Conciliumque
1217 908 1416 964 Carthag.
1445 921 1488 948 1v
1515 907 1628 963 apud
1659 906 1809 964 Cypri-

398 981 536 1018 anum,
558 966 690 1032 Epist.
708 967 760 1020 67
782 967 845 1008 vel
867 967 920 1007 68
943 980 1074 1022 prope
1099 965 1188 1008 init.
1210 965 1281 1008 ubi
1301 970 1344 1007 et
1367 971 1620 1007 memoratur
1641 964 1810 1022 Episco-

399 1039 546 1081 porum
576 1024 758 1081 ejusdem
790 1023 1024 1080 provinciae
1052 1029 1288 1072 conventus,
1310 1022 1442 1079 qualis
1469 1022 1512 1064 in
1541 1025 1619 1064 hoc
1640 1022 1809 1065 Canone

400 1097 427 1125 a
458 1081 651 1124 noscitur.

426 1097 507 1182 gP.
521 1139 660 1195 3741.
675 1152 736 1195 13.
760 1139 947 1192 κρατείτω
967 1139 991 1190 ἡ
1012 1142 1092 1179 τῶν
1106 1139 1305 1180 πλειόνων
1321 1137 1482 1193 ψῆφος]
1507 1141 1562 1179 At
1578 1152 1676 1179 vero
1696 1137 1810 1180 haud
1826 1147 1873 1188 15

400 1197 562 1240 interea
581 1196 848 1240 dissentiente
868 1195 1202 1252 Metropolitano.
1256 1195 1409 1237 Confer
1428 1195 1462 1236 F
1462 1194 1692 1237 ranciscum
1713 1195 1811 1237 Bal-

402 1255 571 1297 duinum
602 1255 669 1297 De
700 1253 880 1311 Legibus
914 1253 1174 1296 Constantini
1195 1253 1253 1294 M.
1275 1252 1346 1294 lib.
1370 1266 1404 1302 1,
1426 1267 1466 1309 p.
1486 1266 1553 1306 74,
1576 1252 1674 1295 edit.
1697 1252 1808 1309 Lips.

403 1313 519 1355 Haec
551 1312 688 1369 posuit
718 1311 972 1368 Beveregius
1002 1311 1043 1352 in
1075 1309 1438 1355 Annotationibus.
1469 1309 1699 1352 ‘Nimirum
1730 1311 1810 1352 Pa-

404 1379 413 1394 ‘
432 1376 519 1413 tres
544 1370 587 1412 in
607 1377 757 1426 quarto
784 1369 951 1412 canone
982 1368 1296 1417 constituerunt,
1317 1374 1364 1410 ut
1388 1367 1582 1424 Episcopi
1611 1367 1756 1410 electio
1785 1382 1812 1410 a

403 1436 412 1452 ‘
433 1428 603 1485 Synodo
631 1427 717 1476 fiat,
743 1433 786 1469 et
812 1441 838 1469 a
867 1425 1189 1483 Metropolitano
1219 1426 1508 1475 confirmetur;
1542 1425 1645 1467 nihil
1671 1431 1810 1468 autem
1826 1434 1876 1461 20

404 1493 414 1510 ‘
431 1485 488 1528 ibi
518 1486 802 1538 decreverant,
828 1484 928 1540 quid
957 1483 1190 1526 faciendum
1221 1490 1306 1533 est,⁸
1322 1483 1355 1525 si
1383 1483 1435 1525 de
1465 1482 1664 1525 electione
1688 1483 1813 1540 juxta

405 1543 554 1585 ‘istum
587 1543 797 1586 Canonem
827 1541 938 1583 facta
967 1540 1248 1583 controversia
1276 1540 1415 1597 aliqua
1448 1540 1558 1583 inter
1588 1540 1813 1598 Episcopos

405 1608 414 1625 ⁶
433 1601 628 1643 oriretur.
696 1599 899 1651 Quocirca
929 1598 1031 1641 illud
1062 1598 1130 1640 hic
1159 1597 1450 1650 determinant,
1476 1597 1672 1654 jubentes
1701 1604 1749 1641 ut
1778 1598 1812 1640 si

406 1657 714 1701 ‘controversia
743 1657 795 1700 de
826 1656 1024 1699 electione
1054 1662 1283 1705 moveatur,
1319 1655 1485 1712 majoris
1514 1655 1811 1713 Episcoporum

406 1724 415 1739 ‘
435 1715 565 1773 partis
585 1715 783 1771 suffragia
803 1714 1096 1771 praevaleant.’
1128 1728 1169 1770 p.
1190 1715 1258 1756 60.
1827 1725 1876 1764 25

949 1810 1065 1852 CAN
1069 1809 1150 1852 ΟΝ
1181 1809 1280 1852 VII.

467 1884 572 1927 Ibid.
590 1884 693 1939 l.17.
717 1883 842 1938 ἐχέτω
863 1883 934 1935 τὴν
954 1883 1194 1925 ἀκολουθίαν
1214 1884 1279 1933 τῆς
1300 1882 1409 1934 τίμης
1429 1881 1521 1937 &c.]
1552 1881 1708 1924 Notum
1730 1895 1815 1924 om-

407 1942 527 1985 nibus
547 1947 623 1992 est,
647 1942 891 1984 Caesaream
919 1940 1014 1982 olim
1035 1939 1160 1982 fuisse
1181 1939 1439 1982 Palaestinae
1467 1938 1738 1996 metropolim
1772 1944 1815 1982 et

407 2006 628 2057 praeterea
654 2005 828 2051 constat,
850 1998 961 2055 quod
982 1997 1147 2054 quidem
1171 2002 1312 2039 monet
1332 1995 1586 2054 Beveregius
1612 1996 1654 2039 in
1675 1996 1816 2038 Anno-

408 2057 632 2100 tationibus
651 2057 707 2099 ad
729 2056 980 2114 Synodieum
1009 2070 1141 2104 suum,
1163 2054 1324 2097 Hieron
1355 2054 1412 2096 mi
1431 2068 1595 2111 quoque
1619 2053 1815 2111 tempori·
1827 2068 1880 2106 30

409 2116 498 2165 bus,
512 2114 584 2158 diu
599 2121 693 2172 post
708 2114 786 2157 hoc
800 2113 1039 2163 Concilium,
1053 2112 1210 2162 Aeliae,
1227 2127 1299 2155 seu
1316 2070 1643 2169 liicrosolymae,
1658 2112 1817 2154 Metro-

408 2172 634 2230 politanum
665 2171 790 2215 fuisse
816 2172 1046 2215 Caesareae
1075 2169 1336 2227 Episcopum.
1400 2170 1568 2213 Interea
1598 2168 1816 2212 verisimile

408 2230 572 2273 videtur
588 2229 702 2280 mihi,
719 2230 827 2272 hanc
847 2229 1021 2272 honora
1035 2229 1389 2284 consequentiam,
1404 2242 1476 2270 seu
1494 2232 1684 2270 vertente
1699 2226 1816 2270 Rufi-

409 2303 462 2331 no
477 2289 650 2331 Ιιοηονίε
663 2288 1035 2343 praeroyativam,
1049 2285 1103 2328 ad
1118 2284 1483 2342 praeeminentiam
1496 2285 1703 2341 quandam
1723 2298 1817 2342 per-

410 2346 543 2389 tinere
564 2345 607 2387 in
631 2344 855 2401 majoribus
877 2342 1057 2401 Synodis
1081 2349 1247 2385 sanetae
1272 2341 1386 2385 urbis
1406 2342 1619 2408 Episcopis
1639 2343 1692 2385 ab
1711 2341 1817 2385 anti·
1829 2347 1880 2388 35

410 2418 493 2460 quo
520 2417 765 2451 concessam,
798 2401 838 2444 in
868 2400 1141 2444 conciliorum
1173 2399 1268 2443 lieet
1297 2398 1542 2443 sessionibus
1572 2399 1684 2442 haud
1713 2414 1818 2442 sem-

440 2476 487 2503 er
507 2461 779 2503 observatam.
837 2460 968 2501 l‘orro
989 2464 1125 2501 autem
1149 2457 1329 2501 notabile
1348 2463 1412 2500 est
1431 2457 1545 2506 illud,
1562 2457 1673 2514 quod
1691 2458 1818 2500 Euse-

411 2477 504 2561 liius
533 2518 575 2560 in
597 2516 783 2561 Historia
813 2532 900 2569 sua,
924 2515 990 2559 ubi
1021 2521 1365 2558 commemoratur
1389 2514 1562 2573 epistola
1587 2514 1817 2558 Alexandri

418 2575 604 2633 Episcopi
642 2573 1006 2631 llierosolyinitaui
1040 2579 1165 2629 atque
1195 2572 1414 2630 Theophili
1452 2571 1730 2615 Caesariensis
1763 2572 1817 2615 ad

420 2632 672 2676 Demetrium
691 2632 825 2681 missa.
841 2630 1123 2674 Alexandrum
1142 2630 1377 2674 l’raesulem
1396 2629 1816 2687 IIierosolymitanum
1832 2643 1883 2678 40

413 2690 533 2734 alteri
557 2689 812 2734 Caesariensi
838 2687 1088 2746 praeposuit.
1155 2687 1287 2730 Etiam
1308 2687 1529 2745 significari
1550 2688 1627 2730 hoe
1650 2688 1818 2730 Canonc

414 2748 599 2790 ordinem
627 2748 715 2804 ejus
746 2753 838 2804 post
863 2746 1083 2803 Episcopus
1109 2746 1350 2794 Romanum,
1374 2745 1712 2794 Alexandrinum,
1735 2746 1818 2787 An-

415 2805 660 2853 tioclicnum.
686 2805 802 2849 aiunt
834 2805 1030 2853 Zonaras,
1055 2803 1204 2859 aliique
1236 2803 1274 2846 in
1302 2802 1617 2846 Commentariis
1646 2802 1730 2845 suis
1759 2801 1819 2844 in-

416 2868 631 2919 terpretes.
701 2861 872 2906 Addidit
907 2861 1100 2912 Zonaras,
1132 2860 1202 2917 qui
1238 2860 1323 2917 ipse
1360 2866 1490 2903 totum
1526 2861 1734 2903 Canonem
1766 2859 1819 2903 tle
