2034 3204
428 256 510 297 DE
545 255 756 298 OPERI«)
790 255 867 296 ET
901 254 1383 296 ELEEMOSYNIS.
1529 255 1614 295 3053

209 381 362 412 verum
398 381 479 412 nec
512 364 697 428 auferre
729 363 844 428 qaid
870 379 1126 427 possumus.
1199 363 1430 410 Habentes
1463 364 1616 425 itaque

209 441 531 489 eoehibitionem
557 449 598 490 et
622 448 934 507 tequmentum,
959 440 1033 487 his
1064 443 1261 488 contenti
1294 442 1451 488 simus.
1524 441 1618 500 Qui

210 525 358 565 autem
394 518 549 566 volant
584 518 745 566 divites
765 518 895 580 fieri,
922 517 1133 564 incidant
1162 519 1212 563 in
1249 517 1539 564 tentationem
1576 522 1618 561 et

211 596 262 642 in
300 595 602 658 muscipulam
638 601 679 642 et
712 595 943 642 desideria
983 594 1126 641 multa
1164 600 1206 641 et
1241 594 1464 647 nocentia,
1504 608 1619 655 qnae

173 680 420 737 5mer9ant
466 672 693 720 hominem
735 674 784 719 in
823 672 1131 736 perditionem
1177 678 1219 719 et
1268 673 1316 718 in
1363 672 1616 718 interitum.

210 750 377 798 Radix
416 752 537 798 enim
583 752 786 798 omnium
827 749 1053 797 malorum
1095 757 1160 798 est
1198 749 1439 812 cupiditas,
1483 765 1615 812 quam

212 828 398 891 quidam
434 835 687 892 appetentes
727 827 1121 893 naufiaqaverunt
1154 845 1183 875 a
1210 828 1324 891 fide,
1361 835 1403 875 et
1443 829 1620 874 inseru-

212 912 346 952 erunt
367 922 414 952 se
437 906 669 954 doloribus·
692 906 860 953 maltis.

280 984 397 1031 V11.
436 985 616 1031 Metuis
641 1001 700 1031 ne
723 984 1065 1045 patrimonium
1095 991 1234 1031 tuum
1266 985 1388 1031 forte
1417 983 1618 1038 deficiat,
1632 997 1711 1028 Non
1729 1007 1835 1028 vanus

153 1080 200 1105 10
213 1062 255 1108 si
290 1062 476 1122 operari
511 1078 570 1108 ex
605 1078 660 1108 eo
695 1062 894 1125 largiter
926 1062 1133 1122 coeperis
1150 1063 1172 1108 ἶ)
1253 1062 1459 1116 Quando
1493 1062 1619 1108 enim
1633 1044 1766 1126 &iffi
1783 1040 1841 1072 “ed

214 1139 395 1186 factum
430 1146 502 1186 est
537 1146 592 1186 ut
619 1141 754 1202 justo
788 1146 981 1200 possent
1014 1141 1175 1186 deesse
1209 1139 1438 1193 subsidia,
1470 1154 1619 1199 quum
1632 1131 1827 1170 Praetemffi

1632 1172 1802 1203 afuturae

215 1217 445 1277 scriptum
491 1217 570 1274 sit,
612 1216 721 1264 Non
762 1217 932 1264 occidet
962 1215 1100 1279 fame
1139 1215 1372 1262 Dominus
1418 1217 1618 1262 animam
1634 1215 1841 1290 {ffgffitfff-

199 1293 422 1355 justam?
475 1294 641 1340 Helias
675 1295 725 1340 in
758 1294 1015 1340 solitudine
1047 1295 1200 1340 corvis
1236 1293 1622 1340 ministrantibus
1636 1302 1780 1334 Prov-x-
1797 1312 1828 1352 3:

214 1370 441 1431 pascitur,
482 1376 530 1416 et
575 1370 767 1416 Danieli
814 1371 864 1416 in
906 1373 1012 1416 lacu
1057 1372 1117 1416 ad
1159 1373 1347 1416 leonum
1397 1371 1621 1430 praedam
1635 1346 1841 1420 },R⁴³g‘¹v¹¹'

154 1459 202 1498 15
209 1449 351 1509 jussu
386 1447 512 1509 regis
550 1447 733 1494 incluso
769 1448 1025 1508 prandium
1061 1447 1294 1494 divinitus
1330 1453 1591 1508 apparatur
1606 1462 1619 1501 ;
1635 1433 1724 1518 {³31¹ss
1740 1443 1825 1507 ζζΧ

216 1532 263 1572 et
297 1531 352 1572 tu
386 1525 560 1572 metuis
595 1541 655 1571 ne
690 1525 908 1585 operanti
943 1526 1033 1571 tibi
1064 1532 1111 1572 et
1141 1525 1403 1571 Dominum
1440 1541 1625 1585 prome-

217 1603 338 1650 renti
364 1604 487 1649 desit
516 1603 812 1657 alimentum,
837 1605 1030 1663 quando
1054 1603 1155 1663 ipse
1179 1603 1228 1648 in
1255 1602 1537 1664 Evangelio,
1563 1603 1622 1648 ad

215 1681 629 1740 exprobrationem
671 1696 834 1727 eorum
875 1681 1050 1741 quibus
1099 1696 1232 1726 mens
1275 1680 1421 1726 dubia
1462 1687 1535 1726 est
1578 1688 1626 1726 et

216 1757 332 1804 fides
369 1773 530 1818 parva,
565 1764 870 1810 contestetur,
905 1765 953 1804 et
991 1758 1134 1811 dicat,
1170 1757 1383 1819 Aspicite
1418 1755 1623 1804 volatilia
1638 1763 1844 1798 Mattvia6.

157 1851 206 1876 20
219 1834 343 1887 coeli,
370 1835 585 1897 quoniam
610 1850 701 1881 non
724 1835 963 1889 seminant,
990 1851 1131 1897 neque
1154 1840 1338 1888 metant,
1365 1850 1507 1897 neque
1534 1833 1627 1880 col-

220 1911 369 1976 liyant
409 1913 459 1958 in
499 1910 678 1966 horrea,
718 1918 759 1958 et
800 1911 946 1958 Pater
983 1917 1126 1958 vester
1162 1911 1362 1958 coelestis
1404 1909 1488 1957 alit
1530 1910 1626 1957 illa.

222 1988 388 2036 Nonne
414 2005 490 2036 vos
518 1988 673 2051 pluris
706 1988 800 2036 illis
832 1989 982 2036 estis?
1034 1990 1264 2036 Volucres
1294 1990 1425 2036 Deus
1460 1990 1630 2049 pascit,

222 2073 270 2113 et
300 2067 571 2126 passeribus
607 2067 834 2113 alimenta
868 2067 1042 2113 diurna
1076 2073 1413 2127 praestantur;
1451 2073 1500 2113 et
1523 2067 1630 2127 qui-

225 2145 311 2190 bus
343 2146 504 2190 nullus
535 2144 724 2190 divinae
755 2144 823 2190 rei
855 2159 1021 2190 sensus
1045 2150 1132 2198 est,
1158 2144 1226 2190 eis
1253 2160 1338 2190 nec
1367 2152 1508 2204 potus
1543 2161 1630 2190 nec

161 2234 209 2274 25
223 2221 357 2268 cibus
386 2222 530 2267 deest.
600 2221 681 2267 Tu
704 2221 994 2274 Christiano,
1019 2227 1074 2267 tu
1098 2221 1189 2267 Dei
1219 2237 1368 2276 servo,
1393 2229 1449 2268 tu
1476 2222 1634 2282 operi-

226 2300 312 2344 bus
338 2298 474 2344 bonis
498 2298 672 2351 dedito,
697 2304 752 2344 tu
775 2298 984 2344 Domino
1007 2314 1094 2344 suo
1117 2314 1226 2344 caro
1250 2299 1433 2359 aliquid
1462 2299 1631 2345 existi-

224 2391 327 2421 mas
369 2374 683 2422 defuturum?
725 2375 819 2421 nisi
858 2376 897 2421 si
935 2382 1076 2436 putas
1111 2376 1225 2436 quia
1259 2377 1345 2436 qui
1381 2377 1629 2423 Christum

224 2453 392 2513 pascit,
421 2468 450 2498 a
474 2452 668 2499 Christo
703 2454 804 2513 ipse
833 2468 927 2499 non
963 2454 1188 2513 pascitur,
1221 2461 1306 2500 aut
1337 2454 1405 2500 eis
1441 2461 1630 2500 terrena

225 2532 425 2577 deerunt
447 2529 622 2589 quibus
645 2530 864 2576 coelestia
889 2536 936 2576 et
959 2531 1123 2576 divina
1146 2531 1440 2578 tribuuntur.

161 2625 212 2661 30
292 2606 435 2653 VIII.
472 2606 613 2652 Unde
643 2607 759 2653 haec
790 2607 1034 2654 incredula
1060 2609 1304 2670 cogitatio,
1327 2610 1454 2654 unde
1478 2608 1627 2668 impia
1640 2618 1831 2669 Cogitatio.

225 2691 273 2730 et
309 2684 536 2745 sacrilega
579 2684 673 2730 ista
714 2685 1001 2731 meditatio?
1073 2686 1199 2739 Quid
1246 2686 1362 2732 facit
1399 2686 1449 2731 in
1487 2662 1850 2737 domoffiffolssffb

225 2761 335 2808 fidei
376 2761 607 2821 perfidum
643 2763 843 2821 pectus?
915 2762 1044 2816 Quid
1081 2763 1165 2823 qui
1201 2763 1396 2809 Christo
1433 2764 1628 2809 omnino
1639 2750 1742 2790 ΨΜ
1761 2760 1827 2781 ‘²⁰¹¹

1641 2793 1839 2825 Christiana

225 2853 320 2884 non
345 2838 496 2884 credit
519 2840 790 2898 appellatur
812 2846 859 2884 et
882 2840 1060 2886 dicitur
1078 2839 1383 2886 Christianus
1399 2841 1421 2885 ἶ)
1460 2841 1630 2886 Phari-
