2034 3204
419 250 500 292 DE
540 249 754 292 OPERE
792 249 870 291 ET
909 247 1390 290 ELEEMOSYNIS.
1536 248 1621 292 299

218 362 437 424 Angelus
462 361 598 421 paria
619 365 838 414 testatur,
863 367 910 406 et
933 366 989 406 ut
1011 360 1308 419 eleemosyna
1341 358 1544 403 libenter
1567 373 1620 403 ac

217 439 415 501 largiter
453 440 538 485 fiat
576 439 808 492 hortatur,
842 437 1016 491 dicens,
1046 434 1184 484 Bona
1225 441 1289 482 est
1330 434 1481 481 oratio
1518 449 1618 481 eum
1631 446 1712 478 rob.
1734 446 1790 478 xii.
1807 446 1838 477 8.

202 515 384 576 jejunio
439 522 481 562 et
539 515 822 578 eleemosyna
839 533 854 562 .·
914 514 1025 577 quia
1076 512 1356 575 eleemosyna
1402 528 1431 558 α
1478 518 1623 558 morte

215 592 393 647 liberat,
435 599 477 639 et
517 594 619 656 ipsa
650 599 820 656 ραν-ραι
853 597 1050 654 peecata.
1120 589 1345 638 Ostendit
1384 589 1622 636 orationes

179 678 201 716 5
215 679 400 717 nostras
418 687 473 718 ac
491 671 680 733 jejunia
697 671 856 717 minus
879 685 1017 731 posse
1040 669 1134 716 nisi
1152 667 1462 729 eleemosynis
1484 667 1623 728 adju-

215 754 400 801 ventur,
426 749 778 808 deprecationes
812 750 935 794 solas
968 762 1138 807 parum
1170 747 1231 792 ad
1263 744 1619 806 impetrandum

214 827 383 880 valere,
408 826 502 871 nisi
525 826 761 872 factorum
785 832 833 871 et
855 840 1050 885 operum
1075 824 1339 871 accessione
1369 822 1618 871 satientur.

216 903 416 949 Revelat
439 902 658 965 Angelus
687 910 734 948 et
758 902 1032 948 manifestat
1055 909 1102 948 et
1126 902 1285 948 firmat
1309 899 1620 961 eleemosynis

213 980 466 1040 petitiones
506 987 690 1027 nostras
731 980 938 1026 efficaces
975 979 1093 1032 fieri,
1123 978 1431 1039 eleemosynis
1470 977 1619 1023 vitam

153 1075 200 1100 10
213 1059 272 1104 de
321 1058 543 1118 periculis
590 1058 773 1110 redimi,
815 1056 1125 1118 eleemosynis
1171 1056 1357 1102 animas
1399 1071 1426 1100 a
1468 1062 1620 1101 morte

214 1135 419 1181 liberari.

282 1213 366 1260 IV.
406 1214 507 1259 Nec
543 1213 622 1264 sic,
646 1212 817 1258 fratres
846 1212 1094 1264 carissimi,
1118 1212 1211 1258 ista
1241 1210 1528 1271 proferimus
1564 1216 1618 1255 ut
1634 1219 1783 1252 Eleomos
1754 1231 1817 1295 ιιι-γ

1630 1274 1752 1295 abeno

213 1306 306 1336 non
327 1293 452 1351 quod
477 1289 692 1350 Raphael
715 1289 929 1351 Angelus
952 1289 1076 1335 dixit
1103 1289 1319 1335 veritatis
1343 1287 1687 1339 testimoniota„
1691 1311 1801 1340 tum

213 1367 711 1428 comprobemus.1n
745 1366 947 1412 Actibus
977 1366 1312 1426 Apostolorum
1350 1364 1465 1410 facti
1500 1363 1616 1409 fides
1627 1352 1803 1427 ξῇᾞζω
1820 1407 1840 1427 a

153 1465 165 1488 ι
175 1461 198 1500 5
213 1446 367 1505 pomta
396 1452 497 1499 est3
536 1452 583 1490 et
606 1445 733 1504 quod
767 1444 1089 1504 eleemosynis,
1127 1459 1219 1490 non
1258 1449 1446 1488 tantum
1482 1457 1510 1486 a
1545 1456 1615 1487 se·-
1626 1439 1833 1514 ξζῑῐιξωὲιῑ·
1810 1486 1825 1514 t

211 1526 378 1576 cunda,
405 1526 485 1570 sed
510 1539 539 1568 a
562 1523 718 1582 prima
746 1529 897 1567 morte
933 1522 1120 1568 animae
1155 1521 1432 1573 liberentur,
1455 1526 1617 1581 gestae

212 1608 258 1648 et
281 1601 503 1661 impletae
532 1600 600 1645 rei
626 1598 902 1659 probatione
925 1606 1219 1658 compertum
1244 1607 1328 1644 est.
1401 1596 1614 1643 Tabitha

211 1679 567 1739 operationibus
593 1677 740 1738 justis
764 1685 810 1723 et
834 1675 1144 1736 eleemosynis
1178 1674 1476 1736 praestandis
1511 1675 1616 1733 plu-

213 1757 334 1802 rimu
342 1773 387 1802 m
414 1756 575 1802 dedita
592 1770 742 1816 quum
761 1753 1003 1800 infirmata
1020 1760 1142 1800 esset
1159 1760 1207 1798 et
1231 1758 1437 1803 mortua,
1462 1751 1520 1796 ad
1540 1765 1616 1796 ca—

151 1853 199 1878 20
212 1836 358 1881 daver
380 1835 598 1880 exanime
617 1832 788 1879 Petrus
810 1832 989 1878 accitus
1013 1840 1100 1884 est,
1125 1830 1208 1890 qui
1232 1845 1380 1889 quum
1413 1828 1616 1888 impigre

213 1927 299 1971 pro
327 1912 586 1972 apostolica
622 1909 920 1956 humanitate
952 1909 1172 1961 venisset,
1201 1907 1615 1953 circumsteterunt

213 2004 320 2035 eum
349 1988 522 2035 viduae
557 1985 721 2033 flentes
752 1992 799 2032 et
831 1992 1068 2047 rogantes,
1094 1984 1238 2044 pallia
1270 1991 1316 2029 et
1351 1982 1536 2028 tunicas
1568 1988 1615 2028 et

213 2066 373 2113 omnia
404 2066 487 2112 illa
510 2080 632 2125 quae
667 2064 801 2124 prius
835 2069 1137 2123 sumpserant
1170 2062 1451 2107 indumenta
1483 2075 1613 2105 mon-

211 2152 431 2198 strantes,
467 2158 550 2189 nec
588 2157 673 2203 pro
704 2141 927 2187 defuncta
961 2141 1060 2186 suis
1098 2140 1308 2194 vocibus,
1345 2138 1424 2184 sed
1465 2137 1615 2197 ipsius

151 2233 198 2271 25
212 2221 433 2282 operibus
457 2221 773 2280 deprecantes.
828 2218 986 2264 Sensit
1012 2217 1182 2262 Petrus
1207 2215 1454 2276 impetrari
1479 2228 1615 2273 posse

211 2299 337 2359 quod
365 2298 430 2344 sic
459 2297 722 2357 petebatur,
747 2311 833 2342 nec
858 2295 1135 2341 defuturum
1161 2292 1343 2339 Christi
1378 2291 1614 2337 auxilium

212 2376 370 2422 viduis
411 2373 788 2435 deprecantibus,
827 2374 1018 2433 quando
1057 2378 1180 2418 esset
1216 2371 1265 2417 in
1308 2370 1467 2416 viduis
1514 2369 1615 2428 ipse

213 2453 426 2499 vestitus.
490 2452 653 2506 Quum
677 2450 838 2511 itaque
860 2450 1063 2513 genibus
1086 2450 1229 2496 nixus
1254 2454 1446 2499 orasset,
1472 2454 1519 2491 et
1542 2446 1614 2491 vi-

211 2533 412 2576 duarum
438 2545 491 2575 ac
524 2544 786 2589 pauperum
811 2528 1007 2574 idoneus
1032 2529 1290 2574 advocatus
1316 2528 1497 2587 legatas
1522 2523 1613 2569 sibi

148 2627 198 2662 30
212 2624 370 2668 preces
395 2609 454 2653 ad
475 2606 739 2653 Dominum
762 2606 1047 2666 pertulisset,
1066 2619 1320 2651 conversus
1344 2604 1405 2648 ad
1428 2617 1613 2662 corpus,

211 2687 338 2745 quod
375 2685 423 2730 in
460 2685 623 2730 tabula
652 2685 756 2745 jam
791 2685 942 2729 lotum
972 2683 1177 2744 jacebat,
1207 2678 1415 2734 Tabiana,
1442 2679 1612 2738 inquit,
1632 2687 1709 2719 Act.
1725 2687 1769 2718 ix.
1783 2696 1835 2728 40-

212 2778 404 2825 cmm-qe
439 2762 487 2807 in
520 2761 703 2807 nomine
730 2759 847 2806 Jesu
882 2758 1074 2807 Cleo-isti.
1148 2757 1252 2805 Nec
1285 2758 1437 2803 defuit
1470 2756 1613 2802 Petro

212 2856 307 2899 quo
332 2840 490 2886 minus
526 2839 687 2885 statim
726 2839 869 2884 ferret
894 2838 1128 2884 auxilium
1153 2836 1237 2896 qui
1269 2836 1319 2881 in
1344 2834 1612 2897 Evangelio
