2034 3204
651 247 736 289 DE
779 247 1271 290 MORTALITATE.
1576 252 1662 296 293

261 363 315 403 tu
349 373 444 404 non
472 357 575 404 Deo
608 357 790 420 gratias
820 357 940 420 agis,
975 372 1071 403 non
1105 357 1196 403 tibi
1229 359 1502 420 gratulari&
1533 362 1660 420 quod

260 434 395 480 exitu
430 435 688 481 maturiore
722 435 1006 489 subtractus,
1038 435 1192 482 ruinis
1227 442 1275 482 et
1309 436 1578 500 naufragiis
1613 445 1660 484 et

258 511 414 573 plagis
438 511 799 559 imminentibus
823 512 1048 559 eximaris
1067 513 1090 558 ἶ)

327 588 472 634 ΧΙΧ.
510 589 920 636 Considerandum
954 595 1038 643 est,
1063 589 1237 636 fratres
1267 590 1583 644 dilectissimi,
1614 598 1662 638 et

218 672 241 712 5
257 664 517 711 identidem
563 666 884 727 cogitandum,
920 666 1217 713 renuntiasse
1257 682 1343 713 nos
1384 669 1576 720 mundo,
1614 676 1661 714 et

256 748 486 802 tanquam
520 744 732 804 hospites
762 752 810 790 et
842 744 1116 806 peregrinos
1150 744 1226 791 hic
1258 745 1451 791 interim
1475 746 1658 808 degere.

255 820 620 880 Amplectamur
650 821 777 867 diem
809 821 893 882 qui
924 821 1138 884 assignat
1169 821 1383 884 singulos
1418 823 1660 870 domicilio

254 912 355 950 suo,
390 898 474 956 qui
511 913 595 943 nos
631 898 773 944 istinc
809 905 993 958 ereptos
1029 905 1076 944 et
1116 899 1299 960 laqueis
1336 901 1658 948 saecularibus

253 976 492 1021 exsolutos
511 975 741 1022 Paradiso
759 976 972 1022 restituit
994 983 1043 1022 et
1066 993 1227 1038 regn0.
1287 977 1409 1032 Quis
1434 994 1530 1025 non
1554 995 1659 1040 per-

192 1074 239 1100 10
253 1069 363 1115 egre
409 1053 697 1099 constitutus
750 1061 1025 1113 properaret
1078 1054 1126 1100 in
1173 1055 1379 1114 patriam
1428 1058 1656 1119 regredi?

252 1129 374 1183 Quis
407 1146 501 1177 non
534 1133 594 1177 ad
627 1147 736 1178 suos
772 1131 1000 1194 navigare
1030 1132 1261 1178 festinans
1291 1142 1487 1179 ventum
1526 1150 1659 1195 pros-

251 1223 419 1267 perum
461 1208 681 1268 cupidius
721 1215 921 1269 optaret,
961 1215 1015 1254 ut
1050 1210 1274 1255 velociter
1314 1226 1447 1256 caros
1494 1212 1656 1259 liceret

251 1286 503 1345 amplecti?
544 1286 759 1332 Patriam
775 1293 985 1332 nostram
1008 1287 1291 1332 Paradisum
1307 1296 1655 1348 computamus,

250 1369 468 1423 parentes
505 1363 800 1422 patriarchas
838 1363 1010 1409 habere
1050 1364 1151 1424 jam
1189 1364 1445 1424 coepimus.
1523 1366 1654 1420 Quid

189 1454 236 1494 15
249 1456 345 1487 non
386 1456 693 1500 properamus
735 1447 782 1486 et
823 1440 1061 1486 currimus
1097 1447 1152 1486 ut
1191 1442 1400 1501 patriam
1441 1450 1652 1490 nostram

249 1519 422 1572 videre,
448 1526 502 1564 ut
526 1524 746 1581 parentes
771 1519 979 1564 salutare
1003 1518 1278 1578 possimus?
1320 1519 1531 1582 Magnus
1557 1522 1654 1568 illic

247 1611 333 1642 nos
351 1611 566 1642 carorum
593 1611 820 1642 numerus
839 1602 1107 1655 exspectat;
1142 1603 1410 1656 parentum,
1430 1598 1650 1654 fratrum,

247 1673 453 1721 filiorum
490 1674 712 1734 frequens
755 1689 838 1719 nos
879 1680 927 1719 et
973 1673 1163 1733 copiosa
1209 1675 1352 1720 turba
1398 1676 1650 1731 desiderat,

239 1752 344 1813 jam
385 1753 443 1797 de
478 1767 567 1798 sua
606 1751 933 1797 incolumitate
970 1766 1149 1803 secura,
1186 1752 1342 1797 adhuc
1382 1753 1441 1798 de
1487 1762 1651 1802 nostra

184 1848 234 1874 20
247 1831 399 1875 salute
418 1829 636 1875 sollicita.
673 1827 753 1873 Ad
774 1828 942 1873 horum
960 1834 1262 1888 conspectum
1282 1835 1331 1874 et
1349 1833 1649 1890 complexum

246 1909 408 1952 venire
431 1913 613 1966 quanta
646 1912 694 1952 et
728 1906 823 1952 illis
858 1913 905 1952 et
941 1907 1076 1952 nobis
1108 1906 1158 1952 in
1182 1923 1433 1954 commune
1466 1909 1650 1957 laetitia

246 1984 342 2030 est!
413 1984 581 2038 Qualis
605 1984 700 2030 illic
723 1984 997 2029 coelestium
1022 1999 1278 2046 regnorum
1303 1988 1522 2046 voluptas
1546 1988 1649 2035 sine

245 2061 416 2108 timore
451 2061 698 2116 moriendi,
734 2069 782 2107 et
815 2077 923 2107 cum
962 2062 1243 2108 aeternitate
1275 2063 1467 2110 vivendi
1501 2082 1645 2125 quam

245 2155 434 2186 summa
457 2146 503 2186 et
527 2146 755 2199 perpetua
779 2138 1008 2185 felicitas!
1056 2139 1160 2186 Illic
1177 2140 1520 2200 Apostolorum
1544 2146 1647 2206 glo-

182 2230 230 2269 25
244 2216 398 2262 riosus
433 2217 619 2270 choruS,
657 2216 753 2262 illic
789 2216 1139 2276 Prophetarum
1175 2220 1520 2266 exsultantium
1560 2238 1647 2267 nu-

242 2308 418 2347 merus,
456 2294 553 2340 illic
596 2294 868 2354 Martyrum
918 2294 1281 2341 innumerabilis
1331 2299 1536 2356 populus
1586 2299 1646 2345 ob

242 2371 516 2418 certaminis
552 2378 599 2417 et
633 2372 866 2431 passionis
899 2372 1147 2418 victoriam
1183 2381 1451 2430 coronatus,
1477 2375 1647 2422 trium-

241 2449 443 2508 phantes
481 2449 720 2510 Virgines,
755 2465 878 2509 quae
918 2450 1349 2509 concupiscentiam
1397 2453 1552 2498 carnis
1598 2461 1645 2499 et

242 2526 450 2586 corporis
479 2526 798 2572 continentiae
829 2527 994 2572 robore
1021 2527 1327 2590 subegerunt,
1352 2532 1643 2577 remunerati

177 2622 228 2658 30
241 2604 580 2658 misericordes,
595 2603 678 2663 qui
698 2604 938 2649 alimentis
958 2610 1005 2649 et
1022 2605 1356 2665 largitionibus
1377 2621 1641 2666 pauperum

234 2683 454 2743 justitiae
504 2697 645 2741 opera
691 2681 919 2735 fecerunt,
959 2683 1039 2740 qui
1089 2682 1341 2729 Dominica
1393 2694 1642 2746 praecepta

241 2765 480 2805 servantes
513 2760 571 2804 ad
597 2760 816 2804 coelestes
849 2760 1094 2805 thesauros
1129 2766 1319 2807 terrena
1350 2762 1638 2821 patrimonia
