2034 3204
445 245 528 284 402
884 244 963 286 AN
966 244 1007 286 N
1010 243 1343 287 OTATIONES

443 352 619 403 πρᾶγμα,
635 351 686 393 de
705 351 765 393 iis
785 352 861 407 qui
880 352 1031 394 dedita
1051 365 1182 406 opera
1202 365 1291 393 rem
1304 357 1505 406 patrant.
1548 349 1742 391 Ceterum
1764 348 1843 391 usi-

442 413 572 449 tatam
604 408 822 450 verborum
852 408 1195 451 constructionem
1225 407 1355 449 habes
1382 406 1492 449 infra
1520 406 1564 448 in
1594 405 1762 448 Oanone
1786 420 1841 456 vi,

443 466 614 507 καθόλου
642 467 685 508 δὲ
711 467 912 519 πρόδηλον
938 467 1080 514 ἐκεῖνο,
1101 466 1162 506 ὅτι
1182 464 1258 506 &c.
1282 464 1452 506 similem
1479 463 1546 506 isti
1573 478 1679 520 quae
1706 469 1843 507 exstat

439 521 518 564 hoc
538 522 640 572 loco,
662 524 796 577 ὥσπερ
816 525 859 565 δὲ
879 527 994 564 τοῦτο
1015 525 1228 575 πρόδηλον,
1250 522 1311 563 ὅτι
1330 522 1406 564 &c.

496 580 545 622 P.
573 591 671 637 370.
703 580 730 622 1.
752 593 816 622 10.
846 580 1008 635 χρῆναι]
1048 579 1349 636 Reponendum
1377 586 1485 622 esset
1512 580 1587 634 χρὴ
1615 593 1666 620 ex
1690 578 1876 627 Codice5

436 636 567 680 MSto
595 637 821 680 Bodleiano
849 636 1136 686 vetustissimo,
1164 636 1234 693 qui
1264 651 1436 679 numero
1463 640 1515 679 26
1547 636 1734 693 signatus
1763 642 1839 688 est,

434 700 478 737 et
506 695 560 737 ad
590 695 797 738 saeculum
827 695 1036 751 pertinere
1066 694 1326 736 undecimum
1346 694 1523 744 videtur,
1545 709 1671 751 quum
1701 694 1840 737 faveat

432 752 529 794 huic
549 752 712 795 lectioni
732 753 953 795 verborum
974 752 1238 802 constructio,
1258 752 1336 794 nisi
1355 753 1630 795 reclamarent
1654 752 1840 795 Graecae

434 810 647 852 Canonum
680 810 966 862 Collectiones,
997 824 1219 866 omnesque
1250 810 1424 853 Latinae
1454 811 1678 852 eorundem
1710 809 1839 853 inter-

431 868 698 923 pretationes,
734 883 818 910 una
855 868 926 910 illa
962 867 1192 910 Isidoriana
1226 878 1411 925 excepta.
1487 868 1760 912 Desideratur
1795 867 1836 909 in
1855 884 1902 910 10

433 925 646 967 Canonum
679 925 934 968 Graecorum
967 925 1145 968 editione
1180 925 1378 983 principe,
1409 941 1529 982 quae,
1561 931 1732 968 curante
1762 926 1836 967 Jo-

429 997 537 1025 anne
568 983 687 1033 Tilio,
709 983 864 1040 prodiit
893 998 1001 1025 anno
1027 997 1137 1039 1540
1168 983 1348 1032 Parisiis,
1379 985 1455 1026 hoc
1485 984 1714 1026 membrum
1745 998 1836 1026 ora-

429 1040 565 1082 tionis.

491 1098 595 1140 lbid.
617 1099 643 1140 l.
667 1100 730 1140 16.
752 1100 824 1141 Ex
848 1100 934 1142 Vet.
951 1100 1310 1155 Interpretatione
1330 1100 1535 1155 Dionysii
1553 1100 1721 1155 Eoeiyui
1741 1098 1834 1154 &c.]

431 1156 549 1207 Quae
569 1156 791 1199 substituta
812 1163 875 1198 est
894 1156 937 1198 in
959 1157 1110 1199 Codice
1132 1157 1345 1199 Canonum
1362 1157 1507 1199 Veteri
1523 1157 1736 1199 Romanae
1758 1157 1835 1199 Ec-
1852 1163 1898 1201 Ι5

428 1214 590 1263 clesiae,
622 1214 791 1256 Parisiis
817 1217 922 1266 1687
956 1214 1069 1272 typis
1098 1214 1310 1271 impresso,
1332 1214 1414 1256 alia
1443 1229 1491 1257 ac
1521 1214 1684 1257 diversa
1712 1214 1834 1271 hujus

426 1271 782 1328 interpretationis
804 1272 1016 1314 Canonum
1037 1272 1079 1314 N
1081 1271 1314 1314 icaenorum
1343 1272 1481 1322 editio,
1504 1287 1554 1315 ea
1573 1271 1739 1328 quidem
1763 1272 1834 1314 de-

426 1335 592 1388 sumpta
619 1336 683 1372 est
711 1344 762 1372 ex
786 1329 936 1373 Codice
957 1330 1081 1373 MSto
1109 1329 1341 1372 versionum
1369 1336 1547 1386 quatuor
1576 1329 1832 1380 Latinarum,

428 1387 471 1429 in
501 1402 582 1444 quo
611 1387 734 1430 binae
763 1387 869 1430 binis
899 1402 922 1430 e
952 1387 1122 1445 regione
1152 1388 1364 1444 oppositae
1394 1388 1654 1431 videbantur.
1715 1387 1833 1430 Prin-

427 1444 558 1502 cipem
575 1445 796 1488 editionem
812 1445 993 1502 praetuli
1008 1460 1087 1503 ego
1107 1460 1133 1487 a
1148 1446 1218 1488 Fr.
1237 1445 1410 1489 Pithoeo
1426 1460 1624 1488 recusam.
1659 1446 1833 1488 Verum·
1848 1456 1898 1481 20

429 1508 567 1545 tamen
588 1503 630 1544 in
658 1503 825 1559 reliquis
852 1503 1040 1545 omnibus
1061 1503 1342 1560 Dionysianae
1368 1503 1721 1560 interpretationis
1747 1503 1834 1546 edi-

430 1560 611 1603 tionibus
631 1561 814 1603 nonnulli
835 1561 911 1603 loci
932 1561 1076 1603 melius
1095 1561 1247 1603 redditi
1268 1561 1464 1603 existunt.

972 1663 1098 1706 CAN
1107 1663 1191 1706 ΟΝ
1230 1664 1285 1706 ΙΙ.

486 1732 531 1773 Ρ.
549 1742 645 1788 371.
679 1732 705 1773 l.
726 1744 788 1787 13.
813 1733 848 1773 εἰ
873 1732 914 1772 δὲ
942 1732 1149 1786 προϊόντος
1177 1733 1245 1772 τοῦ
1269 1731 1415 1785 χρόνου
1442 1731 1618 1784 ψυχικόν
1645 1747 1681 1772 τι
1708 1729 1829 1783 ἁμάρ-

426 1806 528 1842 τημα
549 1788 744 1846 εὖρεθείῃ]
768 1788 974 1831 Delictum
996 1788 1172 1844 ψυχικὸν
1190 1788 1397 1840 ἁμάρτημα
1418 1788 1494 1829 hoc
1515 1787 1603 1830 loco
1623 1786 1682 1829 ita
1702 1786 1830 1829 nomi·
1845 1792 1893 1830 25

424 1853 567 1889 natum
590 1846 765 1895 videtur,
787 1846 879 1889 ideo
900 1846 1011 1903 quod
1038 1846 1081 1888 in
1107 1845 1308 1903 superiori
1331 1846 1499 1888 Canone
1525 1845 1578 1887 de
1605 1859 1714 1887 noxa
1740 1859 1830 1887 cor-

422 1904 555 1961 porali
576 1904 728 1947 mentio
748 1904 898 1947 fuerat.
961 1905 1104 1947 Canon
1130 1910 1268 1947 autem
1297 1903 1362 1945 hic
1386 1903 1588 1946 secundus
1609 1917 1701 1946 cum
1721 1916 1828 1945 nono

423 1962 546 2019 hujus
568 1962 737 2005 Concilii
757 1968 800 2005 et
819 1977 927 2004 nono
944 1961 1101 2019 Synodi
1119 1961 1456 2004 Ante-Nicaenae
1472 1961 1513 2003 N
1515 1959 1828 2003 eocaesariensis

423 2020 698 2062 conserendus
732 2026 808 2063 est.
881 2020 949 2064 Sic
984 2035 1076 2062 eum
1113 2018 1308 2076 exprimit
1342 2019 1384 2061 in
1417 2018 1721 2062 Commentario
1753 2033 1827 2062 suo

423 2077 660 2127 Aristonus,
683 2079 719 2119 εἰ
744 2078 789 2119 δέ
815 2094 873 2121 τις
901 2078 962 2120 καὶ
987 2080 1087 2130 μετὰ
1114 2077 1183 2130 τὴν
1208 2079 1457 2132 χειροτονίαν
1484 2078 1711 2130 ἁμαρτῆσας
1730 2077 1827 2119 ἀπο·
1841 2087 1892 2125 30

423 2136 560 2191 δειχθῇ
581 2136 785 2189 πρότερον,
806 2137 973 2189 ὕστερον
993 2136 1129 2177 οὑτοσὶ
1149 2135 1366 2177 πεπαύσθω
1386 2138 1455 2176 τοῦ
1475 2133 1632 2187 κλήρου.

482 2193 587 2236 lbid.
619 2193 647 2235 l.
669 2195 732 2235 16.
767 2194 788 2234 ὁ
822 2194 866 2235 δὲ
898 2194 1004 2247 παρὰ
1033 2195 1154 2235 ταῦτα
1185 2192 1324 2248 ποιῶν]
1357 2191 1595 2248 Episcopus,
1627 2192 1692 2234 vel
1722 2191 1827 2235 alius

421 2251 568 2350 quivis,
605 2250 714 2293 delin
746 2250 937 2294 uentibus
975 2250 1130 2293 favens.
1207 2251 1360 2293 Confer
1402 2250 1609 2293 Canonem
1653 2249 1826 2293 Concilii

448 2308 607 2351 ‘rullani
627 2323 697 2350 seu
716 2265 953 2359 Quinisexti
975 2322 1082 2350 xxn.

949 2407 1173 2450 CANON
1212 2408 1293 2450 111.
1837 2436 1887 2474 35

478 2479 523 2520 Ρ.
541 2488 639 2535 372.
662 2477 686 2519 l.
703 2490 744 2530 4.
767 2477 1030 2519 συνείσακτον
1051 2475 1177 2532 ἔχειν]
1200 2476 1331 2519 Notas
1353 2476 1500 2519 videsis
1520 2477 1574 2519 ad
1597 2477 1821 2520 Concilium

419 2535 610 2579 Antioch.
632 2541 777 2578 contra
799 2534 971 2576 Paulum
1001 2534 1326 2584 Samosatenum‚
1348 2540 1391 2577 et
1412 2534 1626 2591 Ancyrani
1652 2535 1822 2579 Concilii

419 2594 629 2636 Canonem
661 2606 737 2634 xix
772 2591 812 2634 in
846 2591 936 2635 Reli
970 2591 1046 2634 uiis
1078 2591 1228 2642 Sacris,
1260 2592 1421 2642 vol.111,
1451 2605 1550 2649 342,
1577 2598 1619 2635 et
1643 2606 1699 2642 1v,
1727 2595 1820 2647 164,

415 2650 637 2708 adpositas.
705 2651 764 2693 Ut
795 2664 892 2692 vero
929 2649 1085 2706 aiquid
1115 2649 1181 2692 hic
1211 2649 1371 2693 dicatur
1401 2650 1453 2692 (le
1483 2649 1583 2693 cleri
1613 2650 1819 2708 con'ugio.

415 2708 467 2751 ‹le
494 2723 575 2765 quo
603 2714 715 2752 mota
744 2706 931 2765 quaestio
955 2714 1018 2751 est
1046 2707 1086 2750 in
1112 2707 1189 2751 hoc
1212 2707 1406 2757 Concilio,
1431 2709 1472 2750 S.
1496 2707 1660 2764 quidem
1685 2666 1821 2766 l’aph-
1834 2723 1885 2758 40

416 2766 553 2809 nutius
573 2773 738 2809 coactae
766 2764 1039 2808 abstinentiae
1066 2765 1320 2815 clericorum,
1343 2765 1538 2831 conjuges
1558 2765 1627 2822 qui
1655 2766 1821 2810 fueraut

414 2830 510 2867 anto
542 2823 856 2871 ordinationem,
886 2823 939 2866 ab
971 2823 1168 2865 uxoribus
1199 2822 1282 2866 suis
1314 2822 1488 2866 feliciter
1523 2838 1567 2866 se
1600 2823 1816 2881 opposuit;

414 2881 485 2923 aad
517 2896 611 2923 vern
640 2881 745 2923 idem
776 2880 842 2922 ille
871 2881 1091 2929 fatebatur,
1114 2887 1282 2924 auctore
1312 2883 1482 2923 Socrate
1511 2880 1550 2923 in
1576 2881 1682 2924 Ilist.
1708 2882 1815 2924 Eccl.
