<?xml version="1.0" encoding="UTF-8"?>
<!DOCTYPE html PUBLIC "-//W3C//DTD XHTML 1.0 Transitional//EN"
    "http://www.w3.org/TR/xhtml1/DTD/xhtml1-transitional.dtd">
<html xmlns="http://www.w3.org/1999/xhtml" xml:lang="en" lang="en">
 <head>
  <title>
</title>
<meta http-equiv="Content-Type" content="text/html;charset=utf-8" />
  <meta name='ocr-system' content='tesseract 3.04.00' />
  <meta name='ocr-capabilities' content='ocr_page ocr_carea ocr_par ocr_line ocrx_word'/>
</head>
<body>
  <div class='ocr_page' id='page_1' title='image "./scriptorumeccles01rout_0355.png"; bbox 0 0 2034 3204; ppageno 0'>
   <div class='ocr_carea' id='block_1_1' title="bbox 0 1247 14 1796">
    <p class='ocr_par' dir='ltr' id='par_1_1' title="bbox 0 1247 14 1796">
     <span class='ocr_line' id='line_1_1' title="bbox 0 1247 14 1796; textangle 90"><span class='ocrx_word' id='word_1_1' title='bbox 0 1792 1 1796; x_wconf 61' lang='lat'><em>„</em></span> <span class='ocrx_word' id='word_1_2' title='bbox 0 1468 14 1770; x_wconf 41' lang='lat' dir='ltr'><strong>gauffraeaev--rv--q</strong></span> <span class='ocrx_word' id='word_1_3' title='bbox 0 1415 1 1418; x_wconf 62' lang='lat'><em>„</em></span> <span class='ocrx_word' id='word_1_4' title='bbox 0 1343 2 1363; x_wconf 35' lang='grc' dir='ltr'>μ</span> <span class='ocrx_word' id='word_1_5' title='bbox 0 1322 1 1326; x_wconf 32' lang='grc' dir='ltr'><em>Α</em></span> <span class='ocrx_word' id='word_1_6' title='bbox 0 1247 6 1251; x_wconf 95' lang='grc'><em>.</em></span> 
     </span>
    </p>
   </div>
   <div class='ocr_carea' id='block_1_2' title="bbox 1 2315 12 2883">
    <p class='ocr_par' dir='ltr' id='par_1_2' title="bbox 1 2315 12 2883">
     <span class='ocr_line' id='line_1_2' title="bbox 1 2315 12 2883; baseline 0 0"><span class='ocrx_word' id='word_1_7' title='bbox 1 2315 12 2883; x_wconf 95' lang='lat' dir='ltr'><strong> </strong></span> 
     </span>
    </p>
   </div>
   <div class='ocr_carea' id='block_1_3' title="bbox 0 2600 21 3204">
    <p class='ocr_par' dir='ltr' id='par_1_3' title="bbox 0 2600 21 3204">
     <span class='ocr_line' id='line_1_3' title="bbox 0 2600 21 3204; baseline 0 0"><span class='ocrx_word' id='word_1_8' title='bbox 0 2600 21 3204; x_wconf 95' lang='lat' dir='ltr'><strong> </strong></span> 
     </span>
    </p>
   </div>
   <div class='ocr_carea' id='block_1_4' title="bbox 400 269 1632 314">
    <p class='ocr_par' dir='ltr' id='par_1_4' title="bbox 400 269 1632 314">
     <span class='ocr_line' id='line_1_4' title="bbox 400 269 1632 314; baseline 0 -1"><span class='ocrx_word' id='word_1_9' title='bbox 400 271 464 313; x_wconf 91' lang='lat' dir='ltr'><strong>IN</strong></span> <span class='ocrx_word' id='word_1_10' title='bbox 496 271 538 314; x_wconf 91' lang='lat' dir='ltr'><strong>S.</strong></span> <span class='ocrx_word' id='word_1_11' title='bbox 563 270 728 314; x_wconf 89' lang='lat' dir='ltr'><strong>CYPR.</strong></span> <span class='ocrx_word' id='word_1_12' title='bbox 763 270 841 312; x_wconf 89' lang='lat' dir='ltr'><strong>DE</strong></span> <span class='ocrx_word' id='word_1_13' title='bbox 874 269 1114 313; x_wconf 90' lang='lat' dir='ltr'><strong>IDOLOR.</strong></span> <span class='ocrx_word' id='word_1_14' title='bbox 1146 271 1458 313; x_wconf 88' lang='lat' dir='ltr'><strong>VANITATE.</strong></span> <span class='ocrx_word' id='word_1_15' title='bbox 1545 270 1632 314; x_wconf 82' lang='lat'><strong>339</strong></span> 
     </span>
    </p>
   </div>
   <div class='ocr_carea' id='block_1_5' title="bbox 165 377 1635 2782">
    <p class='ocr_par' dir='ltr' id='par_1_5' title="bbox 232 377 1633 607">
     <span class='ocr_line' id='line_1_5' title="bbox 233 377 1631 443; baseline -0.001 -22.977"><span class='ocrx_word' id='word_1_16' title='bbox 233 377 307 419; x_wconf 91' lang='lat' dir='ltr'><strong>‘in</strong></span> <span class='ocrx_word' id='word_1_17' title='bbox 347 391 429 434; x_wconf 88' lang='lat' dir='ltr'><strong>quo</strong></span> <span class='ocrx_word' id='word_1_18' title='bbox 467 378 626 435; x_wconf 84' lang='lat' dir='ltr'><strong>Joseph</strong></span> <span class='ocrx_word' id='word_1_19' title='bbox 665 378 718 420; x_wconf 85' lang='lat' dir='ltr'><strong>ab</strong></span> <span class='ocrx_word' id='word_1_20' title='bbox 758 377 1002 420; x_wconf 81' lang='lat' dir='ltr'><strong>Arimathea</strong></span> <span class='ocrx_word' id='word_1_21' title='bbox 1041 391 1188 443; x_wconf 78' lang='lat' dir='ltr'><strong>corpus</strong></span> <span class='ocrx_word' id='word_1_22' title='bbox 1228 377 1335 419; x_wconf 89' lang='lat' dir='ltr'><strong>illius</strong></span> <span class='ocrx_word' id='word_1_23' title='bbox 1374 377 1631 420; x_wconf 59' lang='lat' dir='ltr'><strong>involverat?</strong></span> 
     </span>
     <span class='ocr_line' id='line_1_6' title="bbox 232 434 1630 492; baseline 0 -16"><span class='ocrx_word' id='word_1_24' title='bbox 232 435 349 477; x_wconf 86' lang='lat' dir='ltr'><strong>Haec</strong></span> <span class='ocrx_word' id='word_1_25' title='bbox 379 435 478 485; x_wconf 85' lang='grc' dir='ltr'>111ος</span> <span class='ocrx_word' id='word_1_26' title='bbox 510 450 616 492; x_wconf 87' lang='lat' dir='ltr'><strong>quae</strong></span> <span class='ocrx_word' id='word_1_27' title='bbox 645 441 785 478; x_wconf 84' lang='lat' dir='ltr'><strong>tamen</strong></span> <span class='ocrx_word' id='word_1_28' title='bbox 813 450 839 478; x_wconf 85' lang='lat' dir='ltr'><strong>a</strong></span> <span class='ocrx_word' id='word_1_29' title='bbox 868 449 986 478; x_wconf 86' lang='lat' dir='ltr'><strong>sacra</strong></span> <span class='ocrx_word' id='word_1_30' title='bbox 1012 434 1183 477; x_wconf 88' lang='lat' dir='ltr'><strong>historia</strong></span> <span class='ocrx_word' id='word_1_31' title='bbox 1204 434 1323 476; x_wconf 87' lang='lat' dir='ltr'><strong>nimis</strong></span> <span class='ocrx_word' id='word_1_32' title='bbox 1352 434 1630 477; x_wconf 80' lang='lat' dir='ltr'><strong>dissentirent.</strong></span> 
     </span>
     <span class='ocr_line' id='line_1_7' title="bbox 233 491 1633 559; baseline -0.001 -25"><span class='ocrx_word' id='word_1_33' title='bbox 233 492 347 535; x_wconf 88' lang='lat' dir='ltr'><strong>Sed</strong></span> <span class='ocrx_word' id='word_1_34' title='bbox 337 507 379 534; x_wconf 84' lang='grc' dir='ltr'><strong>ιη</strong></span> <span class='ocrx_word' id='word_1_35' title='bbox 399 493 578 535; x_wconf 78' lang='lat' dir='ltr'><strong>editione</strong></span> <span class='ocrx_word' id='word_1_36' title='bbox 599 494 773 541; x_wconf 84' lang='lat' dir='ltr'><strong>Veneta,</strong></span> <span class='ocrx_word' id='word_1_37' title='bbox 795 507 901 550; x_wconf 86' lang='lat' dir='ltr'><strong>quae</strong></span> <span class='ocrx_word' id='word_1_38' title='bbox 921 492 1088 559; x_wconf 86' lang='lat' dir='ltr'><strong>prodiit</strong></span> <span class='ocrx_word' id='word_1_39' title='bbox 1101 507 1209 535; x_wconf 87' lang='lat' dir='ltr'><strong>anno</strong></span> <span class='ocrx_word' id='word_1_40' title='bbox 1235 507 1316 548; x_wconf 93' lang='lat' dir='ltr'><strong>quo</strong></span> <span class='ocrx_word' id='word_1_41' title='bbox 1343 492 1536 558; x_wconf 75' lang='lat' dir='ltr'><strong>princeps</strong></span> <span class='ocrx_word' id='word_1_42' title='bbox 1562 491 1633 534; x_wconf 88' lang='lat' dir='ltr'><strong>illa</strong></span> 
     </span>
     <span class='ocr_line' id='line_1_8' title="bbox 233 550 1633 607; baseline 0 -16"><span class='ocrx_word' id='word_1_43' title='bbox 233 550 431 606; x_wconf 84' lang='lat' dir='ltr'><strong>Cypriani</strong></span> <span class='ocrx_word' id='word_1_44' title='bbox 458 550 583 593; x_wconf 85' lang='lat' dir='ltr'><strong>editio</strong></span> <span class='ocrx_word' id='word_1_45' title='bbox 609 551 810 601; x_wconf 87' lang='lat' dir='ltr'><strong>Romana,</strong></span> <span class='ocrx_word' id='word_1_46' title='bbox 837 565 1025 607; x_wconf 85' lang='lat' dir='ltr'><strong>quaeque</strong></span> <span class='ocrx_word' id='word_1_47' title='bbox 1053 550 1120 592; x_wconf 85' lang='lat' dir='ltr'><strong>vix</strong></span> <span class='ocrx_word' id='word_1_48' title='bbox 1148 550 1258 599; x_wconf 86' lang='lat' dir='ltr'><strong>alibi,</strong></span> <span class='ocrx_word' id='word_1_49' title='bbox 1280 550 1390 606; x_wconf 92' lang='lat' dir='ltr'><strong>quod</strong></span> <span class='ocrx_word' id='word_1_50' title='bbox 1419 550 1556 599; x_wconf 84' lang='lat' dir='ltr'><strong>sciam,</strong></span> <span class='ocrx_word' id='word_1_51' title='bbox 1579 550 1633 592; x_wconf 88' lang='lat' dir='ltr'><strong>ab</strong></span> 
     </span>
    </p>

    <p class='ocr_par' dir='ltr' id='par_1_6' title="bbox 193 607 1635 896">
     <span class='ocr_line' id='line_1_9' title="bbox 193 607 1635 665; baseline -0.001 -16"><span class='ocrx_word' id='word_1_52' title='bbox 193 615 282 654; x_wconf 88' lang='lat' dir='ltr'><strong>5ea</strong></span> <span class='ocrx_word' id='word_1_53' title='bbox 310 607 495 658; x_wconf 83' lang='lat' dir='ltr'><strong>discedit,</strong></span> <span class='ocrx_word' id='word_1_54' title='bbox 525 607 702 665; x_wconf 87' lang='lat' dir='ltr'><strong>positum</strong></span> <span class='ocrx_word' id='word_1_55' title='bbox 733 615 796 651; x_wconf 87' lang='lat' dir='ltr'><strong>est</strong></span> <span class='ocrx_word' id='word_1_56' title='bbox 825 610 973 651; x_wconf 69' lang='lat' dir='ltr'><strong>victus.</strong></span> <span class='ocrx_word' id='word_1_57' title='bbox 1046 608 1162 650; x_wconf 88' lang='lat' dir='ltr'><strong>Haec</strong></span> <span class='ocrx_word' id='word_1_58' title='bbox 1193 623 1272 650; x_wconf 86' lang='lat' dir='ltr'><strong>vox</strong></span> <span class='ocrx_word' id='word_1_59' title='bbox 1303 607 1446 650; x_wconf 89' lang='lat' dir='ltr'><strong>itidem</strong></span> <span class='ocrx_word' id='word_1_60' title='bbox 1475 607 1518 649; x_wconf 88' lang='lat' dir='ltr'><strong>in</strong></span> <span class='ocrx_word' id='word_1_61' title='bbox 1549 607 1635 649; x_wconf 88' lang='lat' dir='ltr'><strong>edi-</strong></span> 
     </span>
     <span class='ocr_line' id='line_1_10' title="bbox 231 664 1634 731; baseline -0.001 -24"><span class='ocrx_word' id='word_1_62' title='bbox 231 665 342 707; x_wconf 91' lang='lat' dir='ltr'><strong>tione</strong></span> <span class='ocrx_word' id='word_1_63' title='bbox 363 666 541 722; x_wconf 85' lang='lat' dir='ltr'><strong>quadam</strong></span> <span class='ocrx_word' id='word_1_64' title='bbox 563 672 723 708; x_wconf 86' lang='lat' dir='ltr'><strong>vetusta</strong></span> <span class='ocrx_word' id='word_1_65' title='bbox 743 666 830 708; x_wconf 90' lang='lat' dir='ltr'><strong>sine</strong></span> <span class='ocrx_word' id='word_1_66' title='bbox 851 666 937 708; x_wconf 91' lang='lat' dir='ltr'><strong>loco</strong></span> <span class='ocrx_word' id='word_1_67' title='bbox 959 672 1001 708; x_wconf 88' lang='lat' dir='ltr'><strong>et</strong></span> <span class='ocrx_word' id='word_1_68' title='bbox 1020 681 1128 709; x_wconf 87' lang='lat' dir='ltr'><strong>anno</strong></span> <span class='ocrx_word' id='word_1_69' title='bbox 1149 671 1372 731; x_wconf 84' lang='lat' dir='ltr'><strong>comparet,</strong></span> <span class='ocrx_word' id='word_1_70' title='bbox 1391 665 1433 706; x_wconf 91' lang='lat' dir='ltr'><strong>in</strong></span> <span class='ocrx_word' id='word_1_71' title='bbox 1454 664 1634 707; x_wconf 86' lang='lat' dir='ltr'><strong>editione</strong></span> 
     </span>
     <span class='ocr_line' id='line_1_11' title="bbox 229 723 1631 790; baseline 0 -26"><span class='ocrx_word' id='word_1_72' title='bbox 229 737 393 779; x_wconf 90' lang='lat' dir='ltr'><strong>quoque</strong></span> <span class='ocrx_word' id='word_1_73' title='bbox 414 723 658 766; x_wconf 86' lang='lat' dir='ltr'><strong>Erasmiana</strong></span> <span class='ocrx_word' id='word_1_74' title='bbox 677 730 720 766; x_wconf 88' lang='lat' dir='ltr'><strong>et</strong></span> <span class='ocrx_word' id='word_1_75' title='bbox 739 723 781 765; x_wconf 89' lang='lat' dir='ltr'><strong>in</strong></span> <span class='ocrx_word' id='word_1_76' title='bbox 804 724 904 766; x_wconf 88' lang='lat' dir='ltr'><strong>Cod.</strong></span> <span class='ocrx_word' id='word_1_77' title='bbox 926 724 966 765; x_wconf 90' lang='lat' dir='ltr'>N</span> <span class='ocrx_word' id='word_1_78' title='bbox 969 739 1033 766; x_wconf 89' lang='lat' dir='ltr'><strong>ov</strong></span> <span class='ocrx_word' id='word_1_79' title='bbox 1052 723 1154 766; x_wconf 88' lang='lat' dir='ltr'><strong>Coll.</strong></span> <span class='ocrx_word' id='word_1_80' title='bbox 1170 737 1211 790; x_wconf 92' lang='lat'><strong>3,</strong></span> <span class='ocrx_word' id='word_1_81' title='bbox 1233 723 1319 764; x_wconf 89' lang='lat' dir='ltr'><strong>sine</strong></span> <span class='ocrx_word' id='word_1_82' title='bbox 1339 737 1460 765; x_wconf 86' lang='lat' dir='ltr'><strong>sensu</strong></span> <span class='ocrx_word' id='word_1_83' title='bbox 1481 728 1631 765; x_wconf 85' lang='lat' dir='ltr'><strong>tamen.</strong></span> 
     </span>
     <span class='ocr_line' id='line_1_12' title="bbox 233 780 1630 836; baseline 0 -14"><span class='ocrx_word' id='word_1_84' title='bbox 233 780 367 831; x_wconf 84' lang='lat' dir='ltr'><strong>Quam</strong></span> <span class='ocrx_word' id='word_1_85' title='bbox 383 780 511 823; x_wconf 87' lang='lat' dir='ltr'><strong>facilis</strong></span> <span class='ocrx_word' id='word_1_86' title='bbox 531 782 692 824; x_wconf 87' lang='lat' dir='ltr'><strong>interea</strong></span> <span class='ocrx_word' id='word_1_87' title='bbox 706 780 904 824; x_wconf 83' lang='lat' dir='ltr'><strong>transitus</strong></span> <span class='ocrx_word' id='word_1_88' title='bbox 921 788 1029 824; x_wconf 85' lang='lat' dir='ltr'><strong>esset</strong></span> <span class='ocrx_word' id='word_1_89' title='bbox 1049 781 1159 824; x_wconf 86' lang='lat' dir='ltr'><strong>vocis</strong></span> <span class='ocrx_word' id='word_1_90' title='bbox 1168 782 1358 836; x_wconf 68' lang='lat' dir='ltr'><strong>junctus,</strong></span> <span class='ocrx_word' id='word_1_91' title='bbox 1377 780 1440 822; x_wconf 89' lang='lat' dir='ltr'><strong>vel</strong></span> <span class='ocrx_word' id='word_1_92' title='bbox 1451 780 1630 836; x_wconf 73' lang='lat' dir='ltr'><strong>junctis,</strong></span> 
     </span>
     <span class='ocr_line' id='line_1_13' title="bbox 230 837 1631 896; baseline 0 -17"><span class='ocrx_word' id='word_1_93' title='bbox 230 837 273 879; x_wconf 90' lang='lat' dir='ltr'><strong>in</strong></span> <span class='ocrx_word' id='word_1_94' title='bbox 300 838 473 880; x_wconf 86' lang='lat' dir='ltr'><strong>alteram</strong></span> <span class='ocrx_word' id='word_1_95' title='bbox 501 841 668 882; x_wconf 72' lang='lat' dir='ltr'><strong>vinctus</strong></span> <span class='ocrx_word' id='word_1_96' title='bbox 693 839 789 881; x_wconf 90' lang='lat' dir='ltr'><strong>inde</strong></span> <span class='ocrx_word' id='word_1_97' title='bbox 816 845 944 896; x_wconf 87' lang='lat' dir='ltr'><strong>patet,</strong></span> <span class='ocrx_word' id='word_1_98' title='bbox 966 839 1115 896; x_wconf 87' lang='lat' dir='ltr'><strong>quod</strong></span> <span class='ocrx_word' id='word_1_99' title='bbox 1105 854 1147 880; x_wconf 88' lang='lat' dir='ltr'><strong>1n</strong></span> <span class='ocrx_word' id='word_1_100' title='bbox 1170 838 1320 881; x_wconf 87' lang='lat' dir='ltr'><strong>Codice</strong></span> <span class='ocrx_word' id='word_1_101' title='bbox 1341 838 1448 880; x_wconf 90' lang='lat' dir='ltr'><strong>Novi</strong></span> <span class='ocrx_word' id='word_1_102' title='bbox 1471 837 1572 880; x_wconf 92' lang='lat' dir='ltr'><strong>Coll.</strong></span> <span class='ocrx_word' id='word_1_103' title='bbox 1597 851 1631 887; x_wconf 92' lang='lat'><strong>1,</strong></span> 
     </span>
    </p>

    <p class='ocr_par' dir='ltr' id='par_1_7' title="bbox 170 895 1631 1010">
     <span class='ocr_line' id='line_1_14' title="bbox 170 895 1631 953; baseline 0.001 -16"><span class='ocrx_word' id='word_1_104' title='bbox 170 907 218 932; x_wconf 89' lang='lat'><strong>10</strong></span> <span class='ocrx_word' id='word_1_105' title='bbox 230 895 342 952; x_wconf 86' lang='lat' dir='ltr'><strong>apud</strong></span> <span class='ocrx_word' id='word_1_106' title='bbox 363 896 590 938; x_wconf 86' lang='lat' dir='ltr'><strong>Firmiliani</strong></span> <span class='ocrx_word' id='word_1_107' title='bbox 616 896 842 953; x_wconf 84' lang='lat' dir='ltr'><strong>epistolam,</strong></span> <span class='ocrx_word' id='word_1_108' title='bbox 865 897 943 939; x_wconf 89' lang='lat' dir='ltr'><strong>hae</strong></span> <span class='ocrx_word' id='word_1_109' title='bbox 964 911 1083 939; x_wconf 84' lang='lat' dir='ltr'><strong>voces</strong></span> <span class='ocrx_word' id='word_1_110' title='bbox 1110 896 1218 939; x_wconf 90' lang='lat' dir='ltr'><strong>inter</strong></span> <span class='ocrx_word' id='word_1_111' title='bbox 1245 911 1288 938; x_wconf 92' lang='lat' dir='ltr'><strong>se</strong></span> <span class='ocrx_word' id='word_1_112' title='bbox 1308 895 1631 938; x_wconf 82' lang='lat' dir='ltr'><strong>confunduntur.</strong></span> 
     </span>
     <span class='ocr_line' id='line_1_15' title="bbox 231 953 1291 1010; baseline 0 -14"><span class='ocrx_word' id='word_1_113' title='bbox 231 953 326 996; x_wconf 91' lang='lat' dir='ltr'><strong>Vid.</strong></span> <span class='ocrx_word' id='word_1_114' title='bbox 350 954 372 1008; x_wconf 67' lang='grc' dir='ltr'><strong>ξ</strong></span> <span class='ocrx_word' id='word_1_115' title='bbox 400 966 437 996; x_wconf 90' lang='lat'><strong>2.</strong></span> <span class='ocrx_word' id='word_1_116' title='bbox 460 954 507 995; x_wconf 94' lang='lat' dir='ltr'><strong>In</strong></span> <span class='ocrx_word' id='word_1_117' title='bbox 532 954 634 996; x_wconf 89' lang='lat' dir='ltr'><strong>Cod.</strong></span> <span class='ocrx_word' id='word_1_118' title='bbox 656 954 761 997; x_wconf 87' lang='lat' dir='ltr'><strong>Nov.</strong></span> <span class='ocrx_word' id='word_1_119' title='bbox 785 954 885 997; x_wconf 90' lang='lat' dir='ltr'><strong>Coll.</strong></span> <span class='ocrx_word' id='word_1_120' title='bbox 901 967 926 1010; x_wconf 83' lang='lat'>3</span> <span class='ocrx_word' id='word_1_121' title='bbox 949 954 1143 996; x_wconf 81' lang='lat' dir='ltr'><strong>scribitur</strong></span> <span class='ocrx_word' id='word_1_122' title='bbox 1164 956 1291 996; x_wconf 69' lang='lat' dir='ltr'><strong>intus.</strong></span> 
     </span>
    </p>

    <p class='ocr_par' dir='ltr' id='par_1_8' title="bbox 230 1011 1632 1126">
     <span class='ocr_line' id='line_1_16' title="bbox 290 1011 1632 1069; baseline 0.001 -18"><span class='ocrx_word' id='word_1_123' title='bbox 290 1011 336 1052; x_wconf 91' lang='lat' dir='ltr'><strong>P.</strong></span> <span class='ocrx_word' id='word_1_124' title='bbox 357 1012 452 1066; x_wconf 83' lang='lat'><em>276.</em></span> <span class='ocrx_word' id='word_1_125' title='bbox 474 1011 500 1054; x_wconf 89' lang='lat' dir='ltr'><strong>l.</strong></span> <span class='ocrx_word' id='word_1_126' title='bbox 521 1025 584 1067; x_wconf 89' lang='lat'><strong>19.</strong></span> <span class='ocrx_word' id='word_1_127' title='bbox 611 1012 756 1054; x_wconf 89' lang='lat' dir='ltr'><strong>ultoris</strong></span> <span class='ocrx_word' id='word_1_128' title='bbox 786 1011 927 1069; x_wconf 86' lang='lat' dir='ltr'><strong>vigore</strong></span> <span class='ocrx_word' id='word_1_129' title='bbox 953 1018 996 1054; x_wconf 89' lang='lat' dir='ltr'><strong>et</strong></span> <span class='ocrx_word' id='word_1_130' title='bbox 1015 1011 1164 1069; x_wconf 88' lang='lat' dir='ltr'><strong>judicis</strong></span> <span class='ocrx_word' id='word_1_131' title='bbox 1190 1011 1412 1068; x_wconf 81' lang='lat' dir='ltr'><strong>potestate]</strong></span> <span class='ocrx_word' id='word_1_132' title='bbox 1440 1011 1632 1053; x_wconf 82' lang='lat' dir='ltr'><strong>Fortasse</strong></span> 
     </span>
     <span class='ocr_line' id='line_1_17' title="bbox 230 1068 1630 1134; baseline 0 -24"><span class='ocrx_word' id='word_1_133' title='bbox 230 1068 449 1125; x_wconf 85' lang='lat' dir='ltr'><strong>legendum</strong></span> <span class='ocrx_word' id='word_1_134' title='bbox 481 1075 556 1119; x_wconf 88' lang='lat' dir='ltr'><strong>est,</strong></span> <span class='ocrx_word' id='word_1_135' title='bbox 587 1071 636 1111; x_wconf 81' lang='lat' dir='ltr'><strong>in</strong></span> <span class='ocrx_word' id='word_1_136' title='bbox 665 1070 830 1112; x_wconf 65' lang='lat' dir='ltr'><strong>ultoris.</strong></span> <span class='ocrx_word' id='word_1_137' title='bbox 891 1070 1022 1111; x_wconf 89' lang='lat' dir='ltr'><strong>Paulo</strong></span> <span class='ocrx_word' id='word_1_138' title='bbox 1052 1084 1178 1126; x_wconf 85' lang='lat' dir='ltr'><strong>supra</strong></span> <span class='ocrx_word' id='word_1_139' title='bbox 1210 1070 1351 1112; x_wconf 87' lang='lat' dir='ltr'><strong>scribit</strong></span> <span class='ocrx_word' id='word_1_140' title='bbox 1382 1068 1630 1134; x_wconf 75' lang='lat' dir='ltr'><strong>Cyprianus,</strong></span> 
     </span>
    </p>

    <p class='ocr_par' dir='ltr' id='par_1_9' title="bbox 232 1126 1632 1192">
     <span class='ocr_line' id='line_1_18' title="bbox 232 1126 1632 1192; baseline 0 -24"><span class='ocrx_word' id='word_1_141' title='bbox 232 1126 364 1168; x_wconf 91' lang='lat' dir='ltr'><strong>‘Non</strong></span> <span class='ocrx_word' id='word_1_142' title='bbox 385 1126 652 1192; x_wconf 85' lang='lat' dir='ltr'><strong>intelligendo</strong></span> <span class='ocrx_word' id='word_1_143' title='bbox 682 1127 859 1184; x_wconf 91' lang='lat' dir='ltr'><strong>primum</strong></span> <span class='ocrx_word' id='word_1_144' title='bbox 886 1127 1108 1169; x_wconf 88' lang='lat' dir='ltr'><strong>adventum</strong></span> <span class='ocrx_word' id='word_1_145' title='bbox 1137 1126 1206 1183; x_wconf 90' lang='lat' dir='ltr'><strong>qui</strong></span> <span class='ocrx_word' id='word_1_146' title='bbox 1232 1127 1272 1168; x_wconf 88' lang='lat' dir='ltr'><strong>in</strong></span> <span class='ocrx_word' id='word_1_147' title='bbox 1298 1142 1486 1192; x_wconf 81' lang='lat' dir='ltr'><strong>passmne</strong></span> <span class='ocrx_word' id='word_1_148' title='bbox 1513 1141 1632 1183; x_wconf 84' lang='lat' dir='ltr'><strong>prae-</strong></span> 
     </span>
    </p>

    <p class='ocr_par' dir='ltr' id='par_1_10' title="bbox 170 1184 1633 1241">
     <span class='ocr_line' id='line_1_19' title="bbox 170 1184 1633 1241; baseline 0.001 -17"><span class='ocrx_word' id='word_1_149' title='bbox 170 1189 243 1232; x_wconf 88' lang='lat'><strong>15‘</strong></span> <span class='ocrx_word' id='word_1_150' title='bbox 264 1184 432 1226; x_wconf 86' lang='lat' dir='ltr'><strong>cesserit</strong></span> <span class='ocrx_word' id='word_1_151' title='bbox 446 1185 639 1234; x_wconf 86' lang='lat' dir='ltr'><strong>occultus,</strong></span> <span class='ocrx_word' id='word_1_152' title='bbox 656 1200 780 1227; x_wconf 92' lang='lat' dir='ltr'><strong>unum</strong></span> <span class='ocrx_word' id='word_1_153' title='bbox 798 1190 959 1227; x_wconf 83' lang='lat' dir='ltr'><strong>tantum</strong></span> <span class='ocrx_word' id='word_1_154' title='bbox 975 1185 1163 1235; x_wconf 91' lang='lat' dir='ltr'><strong>credunt,</strong></span> <span class='ocrx_word' id='word_1_155' title='bbox 1179 1184 1249 1241; x_wconf 92' lang='lat' dir='ltr'><strong>qui</strong></span> <span class='ocrx_word' id='word_1_156' title='bbox 1265 1185 1346 1226; x_wconf 89' lang='lat' dir='ltr'><strong>erit</strong></span> <span class='ocrx_word' id='word_1_157' title='bbox 1366 1184 1406 1226; x_wconf 91' lang='lat' dir='ltr'><strong>in</strong></span> <span class='ocrx_word' id='word_1_158' title='bbox 1427 1189 1633 1241; x_wconf 77' lang='lat' dir='ltr'><strong>potestate</strong></span> 
     </span>
    </p>

    <p class='ocr_par' dir='ltr' id='par_1_11' title="bbox 231 1242 1632 1343">
     <span class='ocr_line' id='line_1_20' title="bbox 233 1242 1632 1299; baseline 0.001 -16.022"><span class='ocrx_word' id='word_1_159' title='bbox 233 1242 529 1284; x_wconf 66' lang='lat' dir='ltr'><strong>‘manifestus&#39;</strong></span> <span class='ocrx_word' id='word_1_160' title='bbox 590 1242 743 1285; x_wconf 85' lang='lat' dir='ltr'><strong>Confer</strong></span> <span class='ocrx_word' id='word_1_161' title='bbox 764 1242 1006 1285; x_wconf 84' lang='lat' dir='ltr'><strong>Tertullian.</strong></span> <span class='ocrx_word' id='word_1_162' title='bbox 1024 1257 1113 1299; x_wconf 87' lang='lat' dir='ltr'><strong>cap.</strong></span> <span class='ocrx_word' id='word_1_163' title='bbox 1130 1243 1202 1284; x_wconf 92' lang='lat' dir='ltr'><strong>ult.</strong></span> <span class='ocrx_word' id='word_1_164' title='bbox 1225 1242 1317 1284; x_wconf 89' lang='lat' dir='ltr'><strong>libri</strong></span> <span class='ocrx_word' id='word_1_165' title='bbox 1338 1242 1537 1284; x_wconf 88' lang='lat' dir='ltr'><strong>adversus</strong></span> <span class='ocrx_word' id='word_1_166' title='bbox 1556 1242 1585 1284; x_wconf 86' lang='lat' dir='ltr'><strong>J</strong></span> <span class='ocrx_word' id='word_1_167' title='bbox 1589 1256 1632 1283; x_wconf 93' lang='lat' dir='ltr'><strong>u</strong></span> 
     </span>
     <span class='ocr_line' id='line_1_21' title="bbox 231 1299 1321 1343; baseline -0.001 -1"><span class='ocrx_word' id='word_1_168' title='bbox 231 1299 367 1342; x_wconf 79' lang='lat' dir='ltr'><strong>daeos,</strong></span> <span class='ocrx_word' id='word_1_169' title='bbox 429 1300 578 1342; x_wconf 85' lang='lat' dir='ltr'><strong>Exstat</strong></span> <span class='ocrx_word' id='word_1_170' title='bbox 597 1308 646 1342; x_wconf 78' lang='lat' dir='ltr'><strong>ut</strong></span> <span class='ocrx_word' id='word_1_171' title='bbox 665 1301 820 1343; x_wconf 74' lang='lat' dir='ltr'><strong>ultoris</strong></span> <span class='ocrx_word' id='word_1_172' title='bbox 839 1300 880 1342; x_wconf 87' lang='lat' dir='ltr'><strong>in</strong></span> <span class='ocrx_word' id='word_1_173' title='bbox 905 1301 1006 1342; x_wconf 91' lang='lat' dir='ltr'><strong>Cod.</strong></span> <span class='ocrx_word' id='word_1_174' title='bbox 1028 1301 1133 1342; x_wconf 85' lang='lat' dir='ltr'><strong>Nov.</strong></span> <span class='ocrx_word' id='word_1_175' title='bbox 1160 1300 1262 1342; x_wconf 90' lang='lat' dir='ltr'><strong>Coll.</strong></span> <span class='ocrx_word' id='word_1_176' title='bbox 1285 1313 1321 1342; x_wconf 93' lang='lat'><strong>1.</strong></span> 
     </span>
    </p>

    <p class='ocr_par' dir='ltr' id='par_1_12' title="bbox 230 1357 1633 1472">
     <span class='ocr_line' id='line_1_22' title="bbox 290 1357 1633 1415; baseline 0 -17"><span class='ocrx_word' id='word_1_177' title='bbox 290 1357 395 1400; x_wconf 89' lang='lat' dir='ltr'><strong>Ibid.</strong></span> <span class='ocrx_word' id='word_1_178' title='bbox 417 1357 444 1400; x_wconf 91' lang='grc'><strong>1.</strong></span> <span class='ocrx_word' id='word_1_179' title='bbox 465 1371 531 1400; x_wconf 83' lang='lat'><strong>21.</strong></span> <span class='ocrx_word' id='word_1_180' title='bbox 554 1357 751 1415; x_wconf 85' lang='lat' dir='ltr'><strong>magistro</strong></span> <span class='ocrx_word' id='word_1_181' title='bbox 772 1364 815 1400; x_wconf 84' lang='lat' dir='ltr'><strong>et</strong></span> <span class='ocrx_word' id='word_1_182' title='bbox 839 1358 946 1414; x_wconf 91' lang='lat' dir='ltr'><strong>Deo]</strong></span> <span class='ocrx_word' id='word_1_183' title='bbox 975 1358 1167 1400; x_wconf 81' lang='lat' dir='ltr'><strong>Fortasse</strong></span> <span class='ocrx_word' id='word_1_184' title='bbox 1191 1357 1410 1399; x_wconf 85' lang='lat' dir='ltr'><strong>delendum</strong></span> <span class='ocrx_word' id='word_1_185' title='bbox 1432 1365 1483 1399; x_wconf 78' lang='lat' dir='ltr'><strong>et.</strong></span> <span class='ocrx_word' id='word_1_186' title='bbox 1544 1357 1633 1398; x_wconf 88' lang='lat' dir='ltr'><strong>Ha-</strong></span> 
     </span>
     <span class='ocr_line' id='line_1_23' title="bbox 230 1415 1633 1472; baseline 0 -16"><span class='ocrx_word' id='word_1_187' title='bbox 230 1415 302 1457; x_wconf 93' lang='lat' dir='ltr'><strong>bet</strong></span> <span class='ocrx_word' id='word_1_188' title='bbox 324 1415 466 1458; x_wconf 85' lang='lat' dir='ltr'><strong>Codex</strong></span> <span class='ocrx_word' id='word_1_189' title='bbox 487 1415 750 1464; x_wconf 88' lang='lat' dir='ltr'><strong>Veronensis,</strong></span> <span class='ocrx_word' id='word_1_190' title='bbox 771 1415 974 1472; x_wconf 86' lang='lat' dir='ltr'><strong>probante</strong></span> <span class='ocrx_word' id='word_1_191' title='bbox 995 1415 1191 1472; x_wconf 84' lang='lat' dir='ltr'><strong>Rigaltio‚</strong></span> <span class='ocrx_word' id='word_1_192' title='bbox 1213 1430 1297 1457; x_wconf 77' lang='lat' dir='ltr'><strong>non</strong></span> <span class='ocrx_word' id='word_1_193' title='bbox 1322 1416 1531 1470; x_wconf 71' lang='lat' dir='ltr'><strong>mayistro</strong></span> <span class='ocrx_word' id='word_1_194' title='bbox 1559 1416 1633 1456; x_wconf 81' lang='lat' dir='ltr'><strong>sed</strong></span> 
     </span>
    </p>

    <p class='ocr_par' dir='ltr' id='par_1_13' title="bbox 167 1472 1633 1645">
     <span class='ocr_line' id='line_1_24' title="bbox 167 1472 1633 1529; baseline -0.001 -14"><span class='ocrx_word' id='word_1_195' title='bbox 167 1485 218 1510; x_wconf 83' lang='lat'><strong>20</strong></span> <span class='ocrx_word' id='word_1_196' title='bbox 230 1473 334 1525; x_wconf 83' lang='lat' dir='ltr'><strong>Deo,</strong></span> <span class='ocrx_word' id='word_1_197' title='bbox 357 1473 582 1529; x_wconf 84' lang='lat' dir='ltr'><strong>Codexque</strong></span> <span class='ocrx_word' id='word_1_198' title='bbox 609 1472 718 1515; x_wconf 90' lang='lat' dir='ltr'><strong>Novi</strong></span> <span class='ocrx_word' id='word_1_199' title='bbox 745 1472 850 1515; x_wconf 90' lang='lat' dir='ltr'><strong>Coll.</strong></span> <span class='ocrx_word' id='word_1_200' title='bbox 872 1486 907 1521; x_wconf 91' lang='lat'><strong>1,</strong></span> <span class='ocrx_word' id='word_1_201' title='bbox 930 1474 1115 1516; x_wconf 80' lang='lat' dir='ltr'><strong>Domino</strong></span> <span class='ocrx_word' id='word_1_202' title='bbox 1136 1474 1237 1515; x_wconf 87' lang='lat' dir='ltr'><strong>Deo.</strong></span> <span class='ocrx_word' id='word_1_203' title='bbox 1299 1472 1384 1515; x_wconf 86' lang='lat' dir='ltr'><strong>Sed</strong></span> <span class='ocrx_word' id='word_1_204' title='bbox 1412 1472 1547 1514; x_wconf 86' lang='lat' dir='ltr'><strong>malim</strong></span> <span class='ocrx_word' id='word_1_205' title='bbox 1576 1472 1633 1514; x_wconf 91' lang='lat' dir='ltr'><strong>le-</strong></span> 
     </span>
     <span class='ocr_line' id='line_1_25' title="bbox 230 1529 1633 1597; baseline -0.001 -25"><span class='ocrx_word' id='word_1_206' title='bbox 230 1544 332 1586; x_wconf 75' lang='lat' dir='ltr'><strong>gere</strong></span> <span class='ocrx_word' id='word_1_207' title='bbox 351 1532 560 1597; x_wconf 68' lang='lat' dir='ltr'><strong>maqietro</strong></span> <span class='ocrx_word' id='word_1_208' title='bbox 575 1531 678 1580; x_wconf 82' lang='lat' dir='ltr'><strong>Deo,</strong></span> <span class='ocrx_word' id='word_1_209' title='bbox 695 1536 863 1573; x_wconf 87' lang='lat' dir='ltr'><strong>auctore</strong></span> <span class='ocrx_word' id='word_1_210' title='bbox 885 1530 1154 1580; x_wconf 81' lang='lat' dir='ltr'><strong>Tertulliano,</strong></span> <span class='ocrx_word' id='word_1_211' title='bbox 1171 1544 1294 1586; x_wconf 90' lang='lat' dir='ltr'><strong>quem</strong></span> <span class='ocrx_word' id='word_1_212' title='bbox 1312 1529 1547 1587; x_wconf 80' lang='lat' dir='ltr'><strong>Cyprianus</strong></span> <span class='ocrx_word' id='word_1_213' title='bbox 1567 1529 1633 1572; x_wconf 89' lang='lat' dir='ltr'><strong>hic</strong></span> 
     </span>
     <span class='ocr_line' id='line_1_26' title="bbox 230 1564 1633 1669; baseline -0.001 -39"><span class='ocrx_word' id='word_1_214' title='bbox 230 1587 441 1669; x_wconf 83' lang='lat' dir='ltr'><strong>produxit,</strong></span> <span class='ocrx_word' id='word_1_215' title='bbox 470 1587 724 1657; x_wconf 55' lang='lat' dir='ltr'><strong>‘Discipuliss</strong></span> <span class='ocrx_word' id='word_1_216' title='bbox 743 1587 924 1654; x_wconf 81' lang='lat' dir='ltr'><strong>inquit,‘</strong></span> <span class='ocrx_word' id='word_1_217' title='bbox 942 1602 1106 1645; x_wconf 89' lang='lat' dir='ltr'><strong>quoque</strong></span> <span class='ocrx_word' id='word_1_218' title='bbox 1137 1564 1273 1630; x_wconf 82' lang='lat' dir='ltr'><strong>diffusi</strong></span> <span class='ocrx_word' id='word_1_219' title='bbox 1303 1602 1379 1645; x_wconf 91' lang='lat' dir='ltr'><strong>per</strong></span> <span class='ocrx_word' id='word_1_220' title='bbox 1406 1588 1549 1630; x_wconf 90' lang='lat' dir='ltr'><strong>orbem</strong></span> <span class='ocrx_word' id='word_1_221' title='bbox 1581 1602 1633 1629; x_wconf 83' lang='lat' dir='ltr'><strong>ex</strong></span> 
     </span>
    </p>

    <p class='ocr_par' dir='ltr' id='par_1_14' title="bbox 231 1645 1084 1712">
     <span class='ocr_line' id='line_1_27' title="bbox 231 1645 1084 1712; baseline 0.001 -25.04"><span class='ocrx_word' id='word_1_222' title='bbox 231 1651 485 1712; x_wconf 83' lang='lat' dir='ltr'><strong>‘praecepto</strong></span> <span class='ocrx_word' id='word_1_223' title='bbox 505 1647 708 1702; x_wconf 74' lang='lat' dir='ltr'><strong>mayiscri</strong></span> <span class='ocrx_word' id='word_1_224' title='bbox 728 1645 809 1688; x_wconf 89' lang='lat' dir='ltr'><strong>Dei</strong></span> <span class='ocrx_word' id='word_1_225' title='bbox 831 1649 1084 1712; x_wconf 58' lang='lat' dir='ltr'><strong>paruerunt)</strong></span> 
     </span>
    </p>

    <p class='ocr_par' dir='ltr' id='par_1_15' title="bbox 288 1702 1635 1758">
     <span class='ocr_line' id='line_1_28' title="bbox 288 1702 1635 1758; baseline -0.001 -13"><span class='ocrx_word' id='word_1_226' title='bbox 288 1702 395 1746; x_wconf 91' lang='lat' dir='ltr'><strong>Ibid.</strong></span> <span class='ocrx_word' id='word_1_227' title='bbox 427 1702 454 1745; x_wconf 90' lang='lat' dir='ltr'><strong>l.</strong></span> <span class='ocrx_word' id='word_1_228' title='bbox 484 1716 553 1755; x_wconf 91' lang='lat'><strong>24.</strong></span> <span class='ocrx_word' id='word_1_229' title='bbox 585 1703 813 1758; x_wconf 88' lang='lat' dir='ltr'><strong>ocularent]</strong></span> <span class='ocrx_word' id='word_1_230' title='bbox 848 1703 993 1747; x_wconf 89' lang='lat' dir='ltr'><strong>Visum</strong></span> <span class='ocrx_word' id='word_1_231' title='bbox 1028 1704 1190 1746; x_wconf 88' lang='lat' dir='ltr'><strong>darent.</strong></span> <span class='ocrx_word' id='word_1_232' title='bbox 1262 1702 1508 1747; x_wconf 86' lang='lat' dir='ltr'><strong>Tertulliani</strong></span> <span class='ocrx_word' id='word_1_233' title='bbox 1544 1717 1635 1745; x_wconf 85' lang='lat' dir='ltr'><strong>ver-</strong></span> 
     </span>
    </p>

    <p class='ocr_par' dir='ltr' id='par_1_16' title="bbox 167 1760 1634 1876">
     <span class='ocr_line' id='line_1_29' title="bbox 167 1760 1634 1827; baseline 0.001 -26"><span class='ocrx_word' id='word_1_234' title='bbox 167 1772 217 1812; x_wconf 80' lang='lat'><strong>25</strong></span> <span class='ocrx_word' id='word_1_235' title='bbox 229 1760 342 1812; x_wconf 89' lang='lat' dir='ltr'><strong>bum,</strong></span> <span class='ocrx_word' id='word_1_236' title='bbox 372 1775 454 1817; x_wconf 89' lang='lat' dir='ltr'><strong>quo</strong></span> <span class='ocrx_word' id='word_1_237' title='bbox 484 1761 684 1819; x_wconf 86' lang='lat' dir='ltr'><strong>magistro</strong></span> <span class='ocrx_word' id='word_1_238' title='bbox 714 1776 784 1804; x_wconf 86' lang='lat' dir='ltr'><strong>sae</strong></span> <span class='ocrx_word' id='word_1_239' title='bbox 814 1776 838 1803; x_wconf 92' lang='lat' dir='ltr'><strong>e</strong></span> <span class='ocrx_word' id='word_1_240' title='bbox 869 1761 1105 1827; x_wconf 77' lang='lat' dir='ltr'><strong>Cyprianus</strong></span> <span class='ocrx_word' id='word_1_241' title='bbox 1139 1776 1237 1803; x_wconf 90' lang='lat' dir='ltr'><strong>usus</strong></span> <span class='ocrx_word' id='word_1_242' title='bbox 1266 1769 1341 1804; x_wconf 87' lang='lat' dir='ltr'><strong>est.</strong></span> <span class='ocrx_word' id='word_1_243' title='bbox 1418 1760 1544 1802; x_wconf 88' lang='lat' dir='ltr'><strong>Libro</strong></span> <span class='ocrx_word' id='word_1_244' title='bbox 1580 1760 1634 1802; x_wconf 90' lang='lat' dir='ltr'><strong>de</strong></span> 
     </span>
     <span class='ocr_line' id='line_1_30' title="bbox 233 1817 1634 1876; baseline 0.001 -16"><span class='ocrx_word' id='word_1_245' title='bbox 233 1817 507 1870; x_wconf 80' lang='lat' dir='ltr'><strong>poenitentia,</strong></span> <span class='ocrx_word' id='word_1_246' title='bbox 529 1833 619 1876; x_wconf 85' lang='lat' dir='ltr'><strong>cap.</strong></span> <span class='ocrx_word' id='word_1_247' title='bbox 643 1831 707 1868; x_wconf 90' lang='lat'><strong>12,</strong></span> <span class='ocrx_word' id='word_1_248' title='bbox 809 1819 957 1861; x_wconf 89' lang='lat' dir='ltr'><strong>irundo</strong></span> <span class='ocrx_word' id='word_1_249' title='bbox 982 1818 1016 1861; x_wconf 87' lang='lat' dir='ltr'><strong>si</strong></span> <span class='ocrx_word' id='word_1_250' title='bbox 1043 1819 1327 1861; x_wconf 87' lang='lat' dir='ltr'><strong>excaecaverit</strong></span> <span class='ocrx_word' id='word_1_251' title='bbox 1351 1818 1498 1876; x_wconf 52' lang='lat' dir='ltr'><strong>pullos</strong></span> <span class='ocrx_word' id='word_1_252' title='bbox 1519 1818 1634 1861; x_wconf 90' lang='lat' dir='ltr'><strong>novit</strong></span> 
     </span>
    </p>

    <p class='ocr_par' dir='ltr' id='par_1_17' title="bbox 231 1874 1634 2034">
     <span class='ocr_line' id='line_1_31' title="bbox 232 1874 1634 1951; baseline 0 -34"><span class='ocrx_word' id='word_1_253' title='bbox 232 1874 355 1918; x_wconf 86' lang='lat' dir='ltr'><strong>‘illos</strong></span> <span class='ocrx_word' id='word_1_254' title='bbox 383 1876 549 1918; x_wconf 87' lang='lat' dir='ltr'><strong>oculare</strong></span> <span class='ocrx_word' id='word_1_255' title='bbox 578 1891 722 1918; x_wconf 87' lang='lat' dir='ltr'><strong>rursus</strong></span> <span class='ocrx_word' id='word_1_256' title='bbox 751 1876 804 1919; x_wconf 88' lang='lat' dir='ltr'><strong>de</strong></span> <span class='ocrx_word' id='word_1_257' title='bbox 833 1878 908 1918; x_wconf 87' lang='lat' dir='ltr'><strong>suo</strong></span> <span class='ocrx_word' id='word_1_258' title='bbox 937 1875 1192 1918; x_wconf 66' lang='lat' dir='ltr'><strong>chelidonio!</strong></span> <span class='ocrx_word' id='word_1_259' title='bbox 1254 1877 1309 1918; x_wconf 85' lang='lat' dir='ltr'><strong>Et</strong></span> <span class='ocrx_word' id='word_1_260' title='bbox 1338 1875 1634 1951; x_wconf 85' lang='lat' dir='ltr'><strong>metaphorice</strong></span> 
     </span>
     <span class='ocr_line' id='line_1_32' title="bbox 231 1931 1634 1991; baseline 0.001 -17"><span class='ocrx_word' id='word_1_261' title='bbox 231 1931 337 1975; x_wconf 88' lang='lat' dir='ltr'><strong>libro</strong></span> <span class='ocrx_word' id='word_1_262' title='bbox 358 1933 410 1975; x_wconf 91' lang='lat' dir='ltr'><strong>de</strong></span> <span class='ocrx_word' id='word_1_263' title='bbox 433 1933 651 1983; x_wconf 79' lang='lat' dir='ltr'><strong>Pudicitia,</strong></span> <span class='ocrx_word' id='word_1_264' title='bbox 672 1948 760 1991; x_wconf 85' lang='lat' dir='ltr'><strong>cap.</strong></span> <span class='ocrx_word' id='word_1_265' title='bbox 779 1935 852 1983; x_wconf 82' lang='lat'><strong>8,‘</strong></span> <span class='ocrx_word' id='word_1_266' title='bbox 873 1934 917 1976; x_wconf 91' lang='lat' dir='ltr'><strong>in</strong></span> <span class='ocrx_word' id='word_1_267' title='bbox 945 1933 1125 1977; x_wconf 85' lang='lat' dir='ltr'><strong>vestibus</strong></span> <span class='ocrx_word' id='word_1_268' title='bbox 1151 1948 1363 1991; x_wconf 86' lang='lat' dir='ltr'><strong>purpurae</strong></span> <span class='ocrx_word' id='word_1_269' title='bbox 1391 1932 1634 1976; x_wconf 62' lang='lat' dir='ltr'><strong>oculandis!</strong></span> 
     </span>
     <span class='ocr_line' id='line_1_33' title="bbox 233 1990 574 2034; baseline 0.006 -2"><span class='ocrx_word' id='word_1_270' title='bbox 233 1990 574 2034; x_wconf 86' lang='lat' dir='ltr'><strong>CELLARIUS.</strong></span> 
     </span>
    </p>

    <p class='ocr_par' dir='ltr' id='par_1_18' title="bbox 166 2047 1634 2336">
     <span class='ocr_line' id='line_1_34' title="bbox 166 2047 1630 2105; baseline 0 -15"><span class='ocrx_word' id='word_1_271' title='bbox 166 2069 219 2105; x_wconf 87' lang='lat'><strong>30</strong></span> <span class='ocrx_word' id='word_1_272' title='bbox 292 2047 396 2091; x_wconf 87' lang='lat' dir='ltr'><strong>Ibid.</strong></span> <span class='ocrx_word' id='word_1_273' title='bbox 428 2048 454 2091; x_wconf 94' lang='lat' dir='ltr'><strong>l.</strong></span> <span class='ocrx_word' id='word_1_274' title='bbox 483 2062 552 2103; x_wconf 87' lang='lat'><strong>34.</strong></span> <span class='ocrx_word' id='word_1_275' title='bbox 583 2048 617 2090; x_wconf 91' lang='lat' dir='ltr'><strong>si</strong></span> <span class='ocrx_word' id='word_1_276' title='bbox 648 2048 859 2091; x_wconf 87' lang='lat' dir='ltr'><strong>Christum</strong></span> <span class='ocrx_word' id='word_1_277' title='bbox 894 2047 1093 2091; x_wconf 85' lang='lat' dir='ltr'><strong>fuerimus</strong></span> <span class='ocrx_word' id='word_1_278' title='bbox 1127 2048 1273 2102; x_wconf 84' lang='lat' dir='ltr'><strong>secuti]</strong></span> <span class='ocrx_word' id='word_1_279' title='bbox 1301 2049 1477 2091; x_wconf 77' lang='lat' dir='ltr'><strong>Imitati</strong></span> <span class='ocrx_word' id='word_1_280' title='bbox 1511 2047 1630 2104; x_wconf 87' lang='lat' dir='ltr'><strong>[edit.</strong></span> 
     </span>
     <span class='ocr_line' id='line_1_35' title="bbox 232 2105 1633 2174; baseline 0 -26"><span class='ocrx_word' id='word_1_281' title='bbox 232 2105 374 2148; x_wconf 83' lang='lat' dir='ltr'><strong>Baluz.</strong></span> <span class='ocrx_word' id='word_1_282' title='bbox 407 2105 511 2148; x_wconf 87' lang='lat' dir='ltr'><strong>Felli</strong></span> <span class='ocrx_word' id='word_1_283' title='bbox 541 2106 640 2148; x_wconf 87' lang='lat' dir='ltr'><strong>edit.</strong></span> <span class='ocrx_word' id='word_1_284' title='bbox 674 2105 896 2174; x_wconf 53' lang='lat' dir='ltr'><strong>aliaeque]</strong></span> <span class='ocrx_word' id='word_1_285' title='bbox 971 2107 1148 2149; x_wconf 88' lang='lat' dir='ltr'><strong>Veteres</strong></span> <span class='ocrx_word' id='word_1_286' title='bbox 1180 2106 1381 2149; x_wconf 88' lang='lat' dir='ltr'><strong>editiones</strong></span> <span class='ocrx_word' id='word_1_287' title='bbox 1415 2111 1458 2148; x_wconf 91' lang='lat' dir='ltr'><strong>et</strong></span> <span class='ocrx_word' id='word_1_288' title='bbox 1492 2106 1633 2162; x_wconf 85' lang='lat' dir='ltr'><strong>plures</strong></span> 
     </span>
     <span class='ocr_line' id='line_1_36' title="bbox 231 2162 1634 2207; baseline 0 -2"><span class='ocrx_word' id='word_1_289' title='bbox 231 2162 326 2205; x_wconf 86' lang='lat' dir='ltr'><strong>libri</strong></span> <span class='ocrx_word' id='word_1_290' title='bbox 347 2169 508 2206; x_wconf 85' lang='lat' dir='ltr'><strong>veteres</strong></span> <span class='ocrx_word' id='word_1_291' title='bbox 534 2164 690 2206; x_wconf 88' lang='lat' dir='ltr'><strong>habent</strong></span> <span class='ocrx_word' id='word_1_292' title='bbox 715 2165 860 2207; x_wconf 76' lang='lat' dir='ltr'><strong>secuti.</strong></span> <span class='ocrx_word' id='word_1_293' title='bbox 919 2163 1054 2206; x_wconf 90' lang='lat' dir='ltr'><strong>Aliam</strong></span> <span class='ocrx_word' id='word_1_294' title='bbox 1075 2164 1324 2207; x_wconf 89' lang='lat' dir='ltr'><strong>lectionem</strong></span> <span class='ocrx_word' id='word_1_295' title='bbox 1314 2163 1452 2206; x_wconf 79' lang='lat' dir='ltr'><strong>inveni</strong></span> <span class='ocrx_word' id='word_1_296' title='bbox 1478 2163 1522 2205; x_wconf 92' lang='lat' dir='ltr'><strong>in</strong></span> <span class='ocrx_word' id='word_1_297' title='bbox 1549 2163 1634 2206; x_wconf 90' lang='lat' dir='ltr'><strong>edi-</strong></span> 
     </span>
     <span class='ocr_line' id='line_1_37' title="bbox 231 2220 1632 2287; baseline 0.001 -25"><span class='ocrx_word' id='word_1_298' title='bbox 231 2220 344 2263; x_wconf 87' lang='lat' dir='ltr'><strong>tione</strong></span> <span class='ocrx_word' id='word_1_299' title='bbox 363 2235 470 2277; x_wconf 85' lang='lat' dir='ltr'><strong>quae</strong></span> <span class='ocrx_word' id='word_1_300' title='bbox 490 2221 640 2264; x_wconf 84' lang='lat' dir='ltr'><strong>dicitur</strong></span> <span class='ocrx_word' id='word_1_301' title='bbox 657 2221 801 2264; x_wconf 86' lang='lat' dir='ltr'><strong>Gravii</strong></span> <span class='ocrx_word' id='word_1_302' title='bbox 821 2227 864 2264; x_wconf 88' lang='lat' dir='ltr'><strong>et</strong></span> <span class='ocrx_word' id='word_1_303' title='bbox 883 2221 925 2263; x_wconf 92' lang='lat' dir='ltr'><strong>in</strong></span> <span class='ocrx_word' id='word_1_304' title='bbox 945 2221 1103 2278; x_wconf 89' lang='lat' dir='ltr'><strong>aliquot</strong></span> <span class='ocrx_word' id='word_1_305' title='bbox 1124 2221 1294 2264; x_wconf 88' lang='lat' dir='ltr'><strong>vetustis</strong></span> <span class='ocrx_word' id='word_1_306' title='bbox 1314 2221 1632 2287; x_wconf 79' lang='lat' dir='ltr'><strong>exemplaribus.</strong></span> 
     </span>
     <span class='ocr_line' id='line_1_38' title="bbox 234 2278 1634 2344; baseline 0 -24"><span class='ocrx_word' id='word_1_307' title='bbox 234 2278 416 2321; x_wconf 91' lang='lat' dir='ltr'><strong>Libellus</strong></span> <span class='ocrx_word' id='word_1_308' title='bbox 445 2293 624 2344; x_wconf 87' lang='lat' dir='ltr'><strong>precum</strong></span> <span class='ocrx_word' id='word_1_309' title='bbox 639 2278 870 2321; x_wconf 84' lang='lat' dir='ltr'><strong>Marcellini</strong></span> <span class='ocrx_word' id='word_1_310' title='bbox 900 2285 943 2321; x_wconf 90' lang='lat' dir='ltr'><strong>et</strong></span> <span class='ocrx_word' id='word_1_311' title='bbox 963 2279 1174 2322; x_wconf 81' lang='lat' dir='ltr'><strong>Faustini:</strong></span> <span class='ocrx_word' id='word_1_312' title='bbox 1206 2280 1266 2321; x_wconf 89' lang='lat' dir='ltr'><strong>‘P</strong></span> <span class='ocrx_word' id='word_1_313' title='bbox 1267 2279 1377 2322; x_wconf 89' lang='lat' dir='ltr'><strong>erdit</strong></span> <span class='ocrx_word' id='word_1_314' title='bbox 1397 2279 1503 2321; x_wconf 90' lang='lat' dir='ltr'><strong>enim</strong></span> <span class='ocrx_word' id='word_1_315' title='bbox 1526 2278 1569 2321; x_wconf 91' lang='lat' dir='ltr'><strong>in</strong></span> <span class='ocrx_word' id='word_1_316' title='bbox 1589 2293 1634 2321; x_wconf 86' lang='lat' dir='ltr'><strong>se</strong></span> 
     </span>
    </p>

    <p class='ocr_par' dir='ltr' id='par_1_19' title="bbox 165 2336 1634 2394">
     <span class='ocr_line' id='line_1_39' title="bbox 165 2336 1634 2394; baseline 0 -16"><span class='ocrx_word' id='word_1_317' title='bbox 165 2342 242 2387; x_wconf 80' lang='lat'><strong>35⁶</strong></span> <span class='ocrx_word' id='word_1_318' title='bbox 267 2336 490 2379; x_wconf 85' lang='lat' dir='ltr'><strong>Christiani</strong></span> <span class='ocrx_word' id='word_1_319' title='bbox 518 2336 691 2378; x_wconf 91' lang='lat' dir='ltr'><strong>nominis</strong></span> <span class='ocrx_word' id='word_1_320' title='bbox 717 2337 1032 2393; x_wconf 86' lang='lat' dir='ltr'><strong>appellationem</strong></span> <span class='ocrx_word' id='word_1_321' title='bbox 1061 2337 1132 2394; x_wconf 92' lang='lat' dir='ltr'><strong>qui</strong></span> <span class='ocrx_word' id='word_1_322' title='bbox 1154 2337 1309 2380; x_wconf 89' lang='lat' dir='ltr'><strong>Christi</strong></span> <span class='ocrx_word' id='word_1_323' title='bbox 1338 2351 1420 2378; x_wconf 91' lang='lat' dir='ltr'><strong>non</strong></span> <span class='ocrx_word' id='word_1_324' title='bbox 1447 2336 1634 2393; x_wconf 84' lang='lat' dir='ltr'><strong>sequitur</strong></span> 
     </span>
    </p>

    <p class='ocr_par' dir='ltr' id='par_1_20' title="bbox 231 2393 1634 2610">
     <span class='ocr_line' id='line_1_40' title="bbox 233 2393 1634 2460; baseline 0 -25"><span class='ocrx_word' id='word_1_325' title='bbox 233 2393 808 2450; x_wconf 52' lang='grc' dir='ltr'><strong>ί(1100111111181113ΒΑΙᾸΙΖ.</strong></span> <span class='ocrx_word' id='word_1_326' title='bbox 882 2395 1172 2437; x_wconf 82' lang='lat' dir='ltr'><strong>Revocandam</strong></span> <span class='ocrx_word' id='word_1_327' title='bbox 1201 2394 1382 2451; x_wconf 88' lang='lat' dir='ltr'><strong>judicavi</strong></span> <span class='ocrx_word' id='word_1_328' title='bbox 1418 2394 1634 2460; x_wconf 76' lang='lat' dir='ltr'><strong>pristinam</strong></span> 
     </span>
     <span class='ocr_line' id='line_1_41' title="bbox 231 2450 1633 2508; baseline 0 -15"><span class='ocrx_word' id='word_1_329' title='bbox 231 2450 446 2494; x_wconf 90' lang='lat' dir='ltr'><strong>lectionem</strong></span> <span class='ocrx_word' id='word_1_330' title='bbox 477 2453 622 2501; x_wconf 71' lang='lat' dir='ltr'><strong>secuti,</strong></span> <span class='ocrx_word' id='word_1_331' title='bbox 653 2465 775 2508; x_wconf 88' lang='lat' dir='ltr'><strong>quam</strong></span> <span class='ocrx_word' id='word_1_332' title='bbox 811 2453 1081 2508; x_wconf 86' lang='lat' dir='ltr'><strong>praestabant</strong></span> <span class='ocrx_word' id='word_1_333' title='bbox 1112 2453 1282 2496; x_wconf 86' lang='lat' dir='ltr'><strong>Codices</strong></span> <span class='ocrx_word' id='word_1_334' title='bbox 1316 2467 1388 2494; x_wconf 84' lang='lat' dir='ltr'><strong>sex</strong></span> <span class='ocrx_word' id='word_1_335' title='bbox 1419 2451 1560 2508; x_wconf 87' lang='lat' dir='ltr'><strong>scripti</strong></span> <span class='ocrx_word' id='word_1_336' title='bbox 1591 2451 1633 2493; x_wconf 92' lang='lat' dir='ltr'><strong>in</strong></span> 
     </span>
     <span class='ocr_line' id='line_1_42' title="bbox 231 2508 1631 2574; baseline 0.001 -24"><span class='ocrx_word' id='word_1_337' title='bbox 231 2508 330 2551; x_wconf 89' lang='lat' dir='ltr'><strong>edit.</strong></span> <span class='ocrx_word' id='word_1_338' title='bbox 353 2508 488 2552; x_wconf 82' lang='lat' dir='ltr'><strong>Oxou.</strong></span> <span class='ocrx_word' id='word_1_339' title='bbox 509 2509 720 2558; x_wconf 88' lang='lat' dir='ltr'><strong>nominati,</strong></span> <span class='ocrx_word' id='word_1_340' title='bbox 741 2509 928 2566; x_wconf 89' lang='lat' dir='ltr'><strong>liberque</strong></span> <span class='ocrx_word' id='word_1_341' title='bbox 948 2510 1056 2552; x_wconf 89' lang='lat' dir='ltr'><strong>Novi</strong></span> <span class='ocrx_word' id='word_1_342' title='bbox 1079 2510 1179 2554; x_wconf 87' lang='lat' dir='ltr'><strong>Coll.</strong></span> <span class='ocrx_word' id='word_1_343' title='bbox 1202 2524 1235 2560; x_wconf 86' lang='lat'><strong>1,</strong></span> <span class='ocrx_word' id='word_1_344' title='bbox 1257 2510 1420 2574; x_wconf 81' lang='lat' dir='ltr'><strong>duoque</strong></span> <span class='ocrx_word' id='word_1_345' title='bbox 1441 2524 1493 2551; x_wconf 83' lang='lat' dir='ltr'><strong>ex</strong></span> <span class='ocrx_word' id='word_1_346' title='bbox 1518 2509 1631 2558; x_wconf 89' lang='lat' dir='ltr'><strong>meis,</strong></span> 
     </span>
     <span class='ocr_line' id='line_1_43' title="bbox 231 2543 1633 2610; baseline 0.001 -3"><span class='ocrx_word' id='word_1_347' title='bbox 231 2567 488 2608; x_wconf 87' lang='lat' dir='ltr'><strong>Meermann.</strong></span> <span class='ocrx_word' id='word_1_348' title='bbox 519 2573 563 2609; x_wconf 89' lang='lat' dir='ltr'><strong>et</strong></span> <span class='ocrx_word' id='word_1_349' title='bbox 593 2566 826 2610; x_wconf 86' lang='lat' dir='ltr'><strong>Drurianus</strong></span> <span class='ocrx_word' id='word_1_350' title='bbox 857 2567 1068 2610; x_wconf 85' lang='lat' dir='ltr'><strong>vetustior.</strong></span> <span class='ocrx_word' id='word_1_351' title='bbox 1138 2543 1282 2610; x_wconf 83' lang='lat' dir='ltr'><strong>Add’as</strong></span> <span class='ocrx_word' id='word_1_352' title='bbox 1313 2566 1506 2610; x_wconf 89' lang='lat' dir='ltr'><strong>Codicem</strong></span> <span class='ocrx_word' id='word_1_353' title='bbox 1532 2567 1633 2609; x_wconf 92' lang='lat' dir='ltr'><strong>Vin-</strong></span> 
     </span>
    </p>

    <p class='ocr_par' dir='ltr' id='par_1_21' title="bbox 166 2623 1632 2782">
     <span class='ocr_line' id='line_1_44' title="bbox 166 2623 1631 2693; baseline 0 -27"><span class='ocrx_word' id='word_1_354' title='bbox 166 2640 220 2674; x_wconf 86' lang='lat'><strong>40</strong></span> <span class='ocrx_word' id='word_1_355' title='bbox 232 2623 521 2674; x_wconf 70' lang='lat' dir='ltr'><strong>dobooensem,</strong></span> <span class='ocrx_word' id='word_1_356' title='bbox 549 2638 654 2666; x_wconf 87' lang='lat' dir='ltr'><strong>saec.</strong></span> <span class='ocrx_word' id='word_1_357' title='bbox 677 2623 732 2674; x_wconf 85' lang='lat' dir='ltr'><strong>ix,</strong></span> <span class='ocrx_word' id='word_1_358' title='bbox 754 2630 801 2667; x_wconf 82' lang='lat' dir='ltr'><strong>ut</strong></span> <span class='ocrx_word' id='word_1_359' title='bbox 827 2639 878 2667; x_wconf 89' lang='lat' dir='ltr'><strong>ex</strong></span> <span class='ocrx_word' id='word_1_360' title='bbox 908 2625 1110 2693; x_wconf 78' lang='lat' dir='ltr'><strong>Catalogo</strong></span> <span class='ocrx_word' id='word_1_361' title='bbox 1136 2625 1278 2667; x_wconf 89' lang='lat' dir='ltr'><strong>Denis.</strong></span> <span class='ocrx_word' id='word_1_362' title='bbox 1308 2631 1480 2674; x_wconf 86' lang='lat' dir='ltr'><strong>constat,</strong></span> <span class='ocrx_word' id='word_1_363' title='bbox 1502 2624 1580 2666; x_wconf 91' lang='lat' dir='ltr'><strong>vol.</strong></span> <span class='ocrx_word' id='word_1_364' title='bbox 1603 2638 1631 2673; x_wconf 83' lang='lat'><strong>1,</strong></span> 
     </span>
     <span class='ocr_line' id='line_1_45' title="bbox 231 2681 1632 2739; baseline 0.001 -16"><span class='ocrx_word' id='word_1_365' title='bbox 231 2681 304 2723; x_wconf 90' lang='lat' dir='ltr'><strong>col.</strong></span> <span class='ocrx_word' id='word_1_366' title='bbox 334 2681 431 2736; x_wconf 82' lang='lat'><strong>582.</strong></span> <span class='ocrx_word' id='word_1_367' title='bbox 509 2681 662 2733; x_wconf 83' lang='lat' dir='ltr'><strong>Quidni</strong></span> <span class='ocrx_word' id='word_1_368' title='bbox 701 2682 836 2725; x_wconf 86' lang='lat' dir='ltr'><strong>altera</strong></span> <span class='ocrx_word' id='word_1_369' title='bbox 874 2682 994 2725; x_wconf 80' lang='lat' dir='ltr'><strong>lectio</strong></span> <span class='ocrx_word' id='word_1_370' title='bbox 1029 2684 1197 2725; x_wconf 77' lang='lat' dir='ltr'><strong>imitati</strong></span> <span class='ocrx_word' id='word_1_371' title='bbox 1229 2682 1351 2739; x_wconf 89' lang='lat' dir='ltr'><strong>hujus</strong></span> <span class='ocrx_word' id='word_1_372' title='bbox 1383 2682 1632 2739; x_wconf 58' lang='lat' dir='ltr'><strong>interpretae</strong></span> 
     </span>
     <span class='ocr_line' id='line_1_46' title="bbox 230 2738 678 2782; baseline 0.002 -1"><span class='ocrx_word' id='word_1_373' title='bbox 230 2745 414 2782; x_wconf 88' lang='lat' dir='ltr'><strong>mentum</strong></span> <span class='ocrx_word' id='word_1_374' title='bbox 435 2738 678 2782; x_wconf 79' lang='lat' dir='ltr'><strong>censeatur?</strong></span> 
     </span>
    </p>
   </div>
  </div>
 </body>
</html>
