<?xml version="1.0" encoding="UTF-8"?>
<!DOCTYPE html PUBLIC "-//W3C//DTD XHTML 1.0 Transitional//EN"
    "http://www.w3.org/TR/xhtml1/DTD/xhtml1-transitional.dtd">
<html xmlns="http://www.w3.org/1999/xhtml" xml:lang="en" lang="en">
 <head>
  <title>
</title>
<meta http-equiv="Content-Type" content="text/html;charset=utf-8" />
  <meta name='ocr-system' content='tesseract 3.04.00' />
  <meta name='ocr-capabilities' content='ocr_page ocr_carea ocr_par ocr_line ocrx_word'/>
</head>
<body>
  <div class='ocr_page' id='page_1' title='image "./scriptorumeccles01rout_0227.png"; bbox 0 0 2034 3204; ppageno 0'>
   <div class='ocr_carea' id='block_1_1' title="bbox 350 216 1629 261">
    <p class='ocr_par' dir='ltr' id='par_1_1' title="bbox 350 216 1629 261">
     <span class='ocr_line' id='line_1_1' title="bbox 350 216 1629 261; baseline 0 -2"><span class='ocrx_word' id='word_1_1' title='bbox 350 216 412 260; x_wconf 91' lang='lat' dir='ltr'>IN</span> <span class='ocrx_word' id='word_1_2' title='bbox 444 217 729 261; x_wconf 79' lang='lat' dir='ltr'>TERTULL.</span> <span class='ocrx_word' id='word_1_3' title='bbox 763 217 841 258; x_wconf 89' lang='lat' dir='ltr'>DE</span> <span class='ocrx_word' id='word_1_4' title='bbox 875 216 1255 260; x_wconf 84' lang='lat' dir='ltr'>PRAESCRIPT.</span> <span class='ocrx_word' id='word_1_5' title='bbox 1290 217 1470 259; x_wconf 83' lang='lat' dir='ltr'><strong>HAER.</strong></span> <span class='ocrx_word' id='word_1_6' title='bbox 1549 219 1629 259; x_wconf 72' lang='lat'>211</span> 
     </span>
    </p>
   </div>
   <div class='ocr_carea' id='block_1_2' title="bbox 157 324 1636 2945">
    <p class='ocr_par' dir='ltr' id='par_1_2' title="bbox 229 324 1636 539">
     <span class='ocr_line' id='line_1_2' title="bbox 229 324 1633 381; baseline 0.001 -16"><span class='ocrx_word' id='word_1_7' title='bbox 229 332 611 374; x_wconf 66' lang='lat' dir='ltr'>sacramentorum,</span> <span class='ocrx_word' id='word_1_8' title='bbox 633 324 959 381; x_wconf 76' lang='lat' dir='ltr'><strong>amplectendam</strong></span> <span class='ocrx_word' id='word_1_9' title='bbox 981 338 1069 365; x_wconf 82' lang='lat' dir='ltr'>esse</span> <span class='ocrx_word' id='word_1_10' title='bbox 1089 337 1248 366; x_wconf 84' lang='lat' dir='ltr'>censeo.</span> <span class='ocrx_word' id='word_1_11' title='bbox 1291 324 1488 366; x_wconf 82' lang='lat' dir='ltr'>Habebas</span> <span class='ocrx_word' id='word_1_12' title='bbox 1513 339 1633 381; x_wconf 86' lang='lat' dir='ltr'>prox-</span> 
     </span>
     <span class='ocr_line' id='line_1_3' title="bbox 232 379 1633 430; baseline 0 -7"><span class='ocrx_word' id='word_1_13' title='bbox 232 379 313 423; x_wconf 86' lang='lat' dir='ltr'>ime</span> <span class='ocrx_word' id='word_1_14' title='bbox 341 387 438 423; x_wconf 85' lang='lat' dir='ltr'>ante</span> <span class='ocrx_word' id='word_1_15' title='bbox 465 391 740 424; x_wconf 74' lang='lat' dir='ltr'>sacramenta</span> <span class='ocrx_word' id='word_1_16' title='bbox 764 383 928 424; x_wconf 73' lang='lat' dir='ltr'>Christi</span> <span class='ocrx_word' id='word_1_17' title='bbox 939 397 955 430; x_wconf 89' lang='lat'>‚·</span> <span class='ocrx_word' id='word_1_18' title='bbox 985 386 1028 422; x_wconf 89' lang='lat' dir='ltr'>et</span> <span class='ocrx_word' id='word_1_19' title='bbox 1054 381 1242 423; x_wconf 84' lang='lat' dir='ltr'>conferas</span> <span class='ocrx_word' id='word_1_20' title='bbox 1269 381 1440 423; x_wconf 86' lang='lat' dir='ltr'>inferius</span> <span class='ocrx_word' id='word_1_21' title='bbox 1460 382 1633 424; x_wconf 87' lang='lat' dir='ltr'>Firmili-</span> 
     </span>
     <span class='ocr_line' id='line_1_4' title="bbox 231 437 1636 496; baseline 0.001 -16"><span class='ocrx_word' id='word_1_22' title='bbox 231 437 302 480; x_wconf 86' lang='lat' dir='ltr'>ani</span> <span class='ocrx_word' id='word_1_23' title='bbox 322 437 562 494; x_wconf 86' lang='lat' dir='ltr'>Epistolam,</span> <span class='ocrx_word' id='word_1_24' title='bbox 587 440 626 493; x_wconf 71' lang='lat'>§-</span> <span class='ocrx_word' id='word_1_25' title='bbox 645 441 684 481; x_wconf 88' lang='lat'>8.</span> <span class='ocrx_word' id='word_1_26' title='bbox 746 438 979 496; x_wconf 72' lang='lat' dir='ltr'>significari</span> <span class='ocrx_word' id='word_1_27' title='bbox 998 438 1160 481; x_wconf 87' lang='lat' dir='ltr'>interea</span> <span class='ocrx_word' id='word_1_28' title='bbox 1179 438 1371 481; x_wconf 87' lang='lat' dir='ltr'>videntur</span> <span class='ocrx_word' id='word_1_29' title='bbox 1394 439 1636 496; x_wconf 85' lang='lat' dir='ltr'>Scripturae</span> 
     </span>
     <span class='ocr_line' id='line_1_5' title="bbox 234 494 1636 539; baseline 0.001 -1"><span class='ocrx_word' id='word_1_30' title='bbox 234 494 388 538; x_wconf 82' lang='lat' dir='ltr'><strong>Sacrae</strong></span> <span class='ocrx_word' id='word_1_31' title='bbox 423 495 488 537; x_wconf 87' lang='lat' dir='ltr'>his</span> <span class='ocrx_word' id='word_1_32' title='bbox 517 496 683 538; x_wconf 88' lang='lat' dir='ltr'>vocibus</span> <span class='ocrx_word' id='word_1_33' title='bbox 712 498 999 539; x_wconf 61' lang='lat' dir='ltr'>instrumenta</span> <span class='ocrx_word' id='word_1_34' title='bbox 1029 497 1285 539; x_wconf 83' lang='lat' dir='ltr'>divinarum</span> <span class='ocrx_word' id='word_1_35' title='bbox 1316 511 1461 538; x_wconf 77' lang='lat' dir='ltr'>rerum</span> <span class='ocrx_word' id='word_1_36' title='bbox 1492 505 1532 539; x_wconf 75' lang='lat' dir='ltr'>et</span> <span class='ocrx_word' id='word_1_37' title='bbox 1565 511 1636 539; x_wconf 75' lang='grc' dir='ltr'>εα-</span> 
     </span>
    </p>

    <p class='ocr_par' dir='ltr' id='par_1_3' title="bbox 194 553 1635 654">
     <span class='ocr_line' id='line_1_6' title="bbox 194 553 1635 611; baseline 0 -17"><span class='ocrx_word' id='word_1_38' title='bbox 194 562 219 603; x_wconf 83' lang='grc'><strong>5</strong></span> <span class='ocrx_word' id='word_1_39' title='bbox 233 560 547 595; x_wconf 65' lang='grc' dir='ltr'>σναηαοηεοναω</span> <span class='ocrx_word' id='word_1_40' title='bbox 570 555 930 597; x_wconf 68' lang='lat' dir='ltr'>Christianorum.</span> <span class='ocrx_word' id='word_1_41' title='bbox 990 554 1091 596; x_wconf 85' lang='lat' dir='ltr'>Mox</span> <span class='ocrx_word' id='word_1_42' title='bbox 1119 553 1465 610; x_wconf 81' lang='lat' dir='ltr'>praepositionem</span> <span class='ocrx_word' id='word_1_43' title='bbox 1486 555 1538 596; x_wconf 84' lang='lat' dir='ltr'>de</span> <span class='ocrx_word' id='word_1_44' title='bbox 1559 568 1635 611; x_wconf 91' lang='lat' dir='ltr'>pro</span> 
     </span>
     <span class='ocr_line' id='line_1_7' title="bbox 231 609 1012 654; baseline 0.005 -4"><span class='ocrx_word' id='word_1_45' title='bbox 231 623 283 651; x_wconf 72' lang='grc' dir='ltr'>σω</span> <span class='ocrx_word' id='word_1_46' title='bbox 301 609 472 651; x_wconf 80' lang='lat' dir='ltr'>adhibet</span> <span class='ocrx_word' id='word_1_47' title='bbox 492 625 607 652; x_wconf 92' lang='lat' dir='ltr'>more</span> <span class='ocrx_word' id='word_1_48' title='bbox 626 626 700 653; x_wconf 90' lang='lat' dir='ltr'>suo</span> <span class='ocrx_word' id='word_1_49' title='bbox 721 611 1012 654; x_wconf 80' lang='lat' dir='ltr'>Tertullianus.</span> 
     </span>
    </p>

    <p class='ocr_par' dir='ltr' id='par_1_4' title="bbox 231 666 1634 839">
     <span class='ocr_line' id='line_1_8' title="bbox 290 666 1630 725; baseline 0.001 -17"><span class='ocrx_word' id='word_1_50' title='bbox 290 666 337 708; x_wconf 92' lang='lat' dir='ltr'>P.</span> <span class='ocrx_word' id='word_1_51' title='bbox 360 667 454 722; x_wconf 84' lang='lat'><strong>156.</strong></span> <span class='ocrx_word' id='word_1_52' title='bbox 494 667 520 710; x_wconf 92' lang='lat'>1.</span> <span class='ocrx_word' id='word_1_53' title='bbox 549 680 586 710; x_wconf 86' lang='lat'>2.</span> <span class='ocrx_word' id='word_1_54' title='bbox 627 668 748 711; x_wconf 85' lang='lat' dir='ltr'>aliter</span> <span class='ocrx_word' id='word_1_55' title='bbox 787 683 881 711; x_wconf 90' lang='lat' dir='ltr'>eum</span> <span class='ocrx_word' id='word_1_56' title='bbox 921 668 1127 711; x_wconf 86' lang='lat' dir='ltr'>disserunt</span> <span class='ocrx_word' id='word_1_57' title='bbox 1166 682 1290 725; x_wconf 87' lang='lat' dir='ltr'>quam</span> <span class='ocrx_word' id='word_1_58' title='bbox 1330 668 1371 710; x_wconf 90' lang='lat' dir='ltr'>in</span> <span class='ocrx_word' id='word_1_59' title='bbox 1413 682 1511 710; x_wconf 89' lang='lat' dir='ltr'>vero</span> <span class='ocrx_word' id='word_1_60' title='bbox 1551 670 1630 721; x_wconf 89' lang='lat' dir='ltr'>cst]</span> 
     </span>
     <span class='ocr_line' id='line_1_9' title="bbox 232 723 1633 783; baseline 0.001 -18"><span class='ocrx_word' id='word_1_61' title='bbox 232 723 396 766; x_wconf 82' lang='lat' dir='ltr'>videsis</span> <span class='ocrx_word' id='word_1_62' title='bbox 426 738 532 779; x_wconf 79' lang='lat' dir='ltr'>quae</span> <span class='ocrx_word' id='word_1_63' title='bbox 566 725 654 781; x_wconf 88' lang='lat' dir='ltr'>jam</span> <span class='ocrx_word' id='word_1_64' title='bbox 685 740 812 783; x_wconf 86' lang='lat' dir='ltr'>supra</span> <span class='ocrx_word' id='word_1_65' title='bbox 846 726 986 769; x_wconf 89' lang='lat' dir='ltr'>notavi</span> <span class='ocrx_word' id='word_1_66' title='bbox 1019 726 1074 768; x_wconf 86' lang='lat' dir='ltr'>ad</span> <span class='ocrx_word' id='word_1_67' title='bbox 1109 740 1197 782; x_wconf 85' lang='lat' dir='ltr'>cap.</span> <span class='ocrx_word' id='word_1_68' title='bbox 1220 739 1290 782; x_wconf 87' lang='lat'>30.</span> <span class='ocrx_word' id='word_1_69' title='bbox 1351 726 1424 767; x_wconf 91' lang='lat' dir='ltr'>Ad</span> <span class='ocrx_word' id='word_1_70' title='bbox 1463 725 1633 782; x_wconf 79' lang='lat' dir='ltr'>phrasin</span> 
     </span>
     <span class='ocr_line' id='line_1_10' title="bbox 231 781 1634 839; baseline 0.001 -17"><span class='ocrx_word' id='word_1_71' title='bbox 231 794 331 823; x_wconf 83' lang='lat' dir='ltr'>vero</span> <span class='ocrx_word' id='word_1_72' title='bbox 351 781 463 837; x_wconf 89' lang='lat' dir='ltr'>quod</span> <span class='ocrx_word' id='word_1_73' title='bbox 483 782 645 832; x_wconf 82' lang='lat' dir='ltr'>attinet,</span> <span class='ocrx_word' id='word_1_74' title='bbox 667 798 799 839; x_wconf 83' lang='lat' dir='ltr'>quam</span> <span class='ocrx_word' id='word_1_75' title='bbox 818 785 866 826; x_wconf 83' lang='lat' dir='ltr'>in</span> <span class='ocrx_word' id='word_1_76' title='bbox 886 798 983 827; x_wconf 84' lang='lat' dir='ltr'>vero</span> <span class='ocrx_word' id='word_1_77' title='bbox 1002 791 1076 833; x_wconf 66' lang='lat' dir='ltr'>est,</span> <span class='ocrx_word' id='word_1_78' title='bbox 1098 783 1225 826; x_wconf 84' lang='lat' dir='ltr'>habet</span> <span class='ocrx_word' id='word_1_79' title='bbox 1244 788 1389 826; x_wconf 81' lang='lat' dir='ltr'>auctor</span> <span class='ocrx_word' id='word_1_80' title='bbox 1411 783 1453 826; x_wconf 91' lang='lat' dir='ltr'>in</span> <span class='ocrx_word' id='word_1_81' title='bbox 1474 783 1544 825; x_wconf 89' lang='lat' dir='ltr'>lib.</span> <span class='ocrx_word' id='word_1_82' title='bbox 1560 798 1634 825; x_wconf 89' lang='lat' dir='ltr'>suo</span> 
     </span>
    </p>

    <p class='ocr_par' dir='ltr' id='par_1_5' title="bbox 171 837 1634 1006">
     <span class='ocr_line' id='line_1_11' title="bbox 171 837 1633 906; baseline 0.002 -27"><span class='ocrx_word' id='word_1_83' title='bbox 171 851 220 879; x_wconf 83' lang='lat'>10</span> <span class='ocrx_word' id='word_1_84' title='bbox 232 837 285 880; x_wconf 90' lang='lat' dir='ltr'>de</span> <span class='ocrx_word' id='word_1_85' title='bbox 306 839 456 881; x_wconf 90' lang='lat' dir='ltr'>Resur.</span> <span class='ocrx_word' id='word_1_86' title='bbox 479 839 639 890; x_wconf 49' lang='lat' dir='ltr'>Carnis</span> <span class='ocrx_word' id='word_1_87' title='bbox 662 847 671 864; x_wconf 83' lang='lat'><strong><em>⁴</em></strong></span> <span class='ocrx_word' id='word_1_88' title='bbox 687 841 819 883; x_wconf 88' lang='lat' dir='ltr'>Porro</span> <span class='ocrx_word' id='word_1_89' title='bbox 840 841 917 883; x_wconf 75' lang='lat' dir='ltr'>etsi</span> <span class='ocrx_word' id='word_1_90' title='bbox 941 841 1000 884; x_wconf 86' lang='lat' dir='ltr'>ita</span> <span class='ocrx_word' id='word_1_91' title='bbox 1023 843 1071 883; x_wconf 84' lang='lat' dir='ltr'>in</span> <span class='ocrx_word' id='word_1_92' title='bbox 1090 855 1188 884; x_wconf 85' lang='lat' dir='ltr'>vero</span> <span class='ocrx_word' id='word_1_93' title='bbox 1209 841 1440 889; x_wconf 86' lang='lat' dir='ltr'>habeatur,’</span> <span class='ocrx_word' id='word_1_94' title='bbox 1460 855 1549 906; x_wconf 83' lang='lat' dir='ltr'>cap.</span> <span class='ocrx_word' id='word_1_95' title='bbox 1570 854 1583 882; x_wconf 87' lang='grc' dir='ltr'>ι</span> <span class='ocrx_word' id='word_1_96' title='bbox 1601 854 1633 882; x_wconf 87' lang='lat'>1.</span> 
     </span>
     <span class='ocr_line' id='line_1_12' title="bbox 229 897 1634 955; baseline 0.002 -18"><span class='ocrx_word' id='word_1_97' title='bbox 229 900 344 938; x_wconf 88' lang='lat' dir='ltr'>et-—‘</span> <span class='ocrx_word' id='word_1_98' title='bbox 360 910 443 937; x_wconf 87' lang='lat' dir='ltr'>non</span> <span class='ocrx_word' id='word_1_99' title='bbox 471 897 580 938; x_wconf 91' lang='lat' dir='ltr'>enim</span> <span class='ocrx_word' id='word_1_100' title='bbox 601 898 707 940; x_wconf 88' lang='lat' dir='ltr'>hanc</span> <span class='ocrx_word' id='word_1_101' title='bbox 727 913 817 940; x_wconf 86' lang='lat' dir='ltr'>esse</span> <span class='ocrx_word' id='word_1_102' title='bbox 838 900 886 940; x_wconf 84' lang='lat' dir='ltr'>in</span> <span class='ocrx_word' id='word_1_103' title='bbox 905 899 1035 948; x_wconf 85' lang='lat' dir='ltr'>vero,’</span> <span class='ocrx_word' id='word_1_104' title='bbox 1057 913 1090 940; x_wconf 89' lang='lat' dir='ltr'>c.</span> <span class='ocrx_word' id='word_1_105' title='bbox 1118 899 1180 940; x_wconf 82' lang='lat'>18.</span> <span class='ocrx_word' id='word_1_106' title='bbox 1245 898 1418 955; x_wconf 85' lang='lat' dir='ltr'>Anglice</span> <span class='ocrx_word' id='word_1_107' title='bbox 1448 898 1634 947; x_wconf 78' lang='lat' dir='ltr'>dimmus,</span> 
     </span>
     <span class='ocr_line' id='line_1_13' title="bbox 230 954 963 1006; baseline 0.004 -11"><span class='ocrx_word' id='word_1_108' title='bbox 230 967 283 996; x_wconf 72' lang='lat' dir='ltr'>ae</span> <span class='ocrx_word' id='word_1_109' title='bbox 301 954 349 995; x_wconf 81' lang='lat' dir='ltr'>in</span> <span class='ocrx_word' id='word_1_110' title='bbox 370 955 489 996; x_wconf 76' lang='lat' dir='ltr'>truch</span> <span class='ocrx_word' id='word_1_111' title='bbox 508 956 545 997; x_wconf 73' lang='lat' dir='ltr'>ic</span> <span class='ocrx_word' id='word_1_112' title='bbox 564 957 618 1006; x_wconf 71' lang='lat' dir='ltr'>is,</span> <span class='ocrx_word' id='word_1_113' title='bbox 640 961 688 998; x_wconf 89' lang='lat' dir='ltr'>ut</span> <span class='ocrx_word' id='word_1_114' title='bbox 706 955 749 998; x_wconf 89' lang='lat' dir='ltr'>in</span> <span class='ocrx_word' id='word_1_115' title='bbox 770 970 867 998; x_wconf 89' lang='lat' dir='ltr'>vero</span> <span class='ocrx_word' id='word_1_116' title='bbox 888 962 963 998; x_wconf 87' lang='lat' dir='ltr'>est.</span> 
     </span>
    </p>

    <p class='ocr_par' dir='ltr' id='par_1_6' title="bbox 230 1010 1633 1126">
     <span class='ocr_line' id='line_1_14' title="bbox 289 1010 1633 1069; baseline 0.002 -17"><span class='ocrx_word' id='word_1_117' title='bbox 289 1010 394 1053; x_wconf 90' lang='lat' dir='ltr'>Ibid.</span> <span class='ocrx_word' id='word_1_118' title='bbox 426 1011 453 1053; x_wconf 91' lang='lat'>1.</span> <span class='ocrx_word' id='word_1_119' title='bbox 478 1025 520 1067; x_wconf 84' lang='lat'>3.</span> <span class='ocrx_word' id='word_1_120' title='bbox 553 1012 700 1069; x_wconf 86' lang='lat' dir='ltr'>Itaque</span> <span class='ocrx_word' id='word_1_121' title='bbox 734 1028 856 1055; x_wconf 90' lang='lat' dir='ltr'>omne</span> <span class='ocrx_word' id='word_1_122' title='bbox 894 1013 1150 1055; x_wconf 77' lang='lat' dir='ltr'>mendacium</span> <span class='ocrx_word' id='word_1_123' title='bbox 1191 1013 1243 1055; x_wconf 89' lang='lat' dir='ltr'>de</span> <span class='ocrx_word' id='word_1_124' title='bbox 1284 1013 1376 1055; x_wconf 89' lang='lat' dir='ltr'>Deo</span> <span class='ocrx_word' id='word_1_125' title='bbox 1415 1013 1481 1055; x_wconf 88' lang='lat' dir='ltr'>vel</span> <span class='ocrx_word' id='word_1_126' title='bbox 1520 1013 1633 1056; x_wconf 84' lang='lat' dir='ltr'>natio</span> 
     </span>
     <span class='ocr_line' id='line_1_15' title="bbox 230 1067 1633 1126; baseline 0.002 -17"><span class='ocrx_word' id='word_1_127' title='bbox 230 1067 532 1123; x_wconf 87' lang='lat' dir='ltr'>quodammodo</span> <span class='ocrx_word' id='word_1_128' title='bbox 564 1084 700 1119; x_wconf 84' lang='lat' dir='ltr'>sexus,</span> <span class='ocrx_word' id='word_1_129' title='bbox 732 1076 795 1113; x_wconf 87' lang='lat' dir='ltr'>est</span> <span class='ocrx_word' id='word_1_130' title='bbox 828 1070 1105 1126; x_wconf 85' lang='lat' dir='ltr'>idololatriae]</span> <span class='ocrx_word' id='word_1_131' title='bbox 1147 1070 1215 1112; x_wconf 90' lang='lat' dir='ltr'>Sic</span> <span class='ocrx_word' id='word_1_132' title='bbox 1255 1085 1299 1113; x_wconf 87' lang='lat' dir='ltr'>se</span> <span class='ocrx_word' id='word_1_133' title='bbox 1339 1071 1467 1113; x_wconf 84' lang='lat' dir='ltr'>habet</span> <span class='ocrx_word' id='word_1_134' title='bbox 1506 1070 1633 1113; x_wconf 85' lang='lat' dir='ltr'>editio</span> 
     </span>
    </p>

    <p class='ocr_par' dir='ltr' id='par_1_7' title="bbox 170 1124 1633 1405">
     <span class='ocr_line' id='line_1_16' title="bbox 170 1124 1632 1182; baseline 0.003 -16"><span class='ocrx_word' id='word_1_135' title='bbox 170 1138 217 1177; x_wconf 88' lang='lat'>15</span> <span class='ocrx_word' id='word_1_136' title='bbox 231 1124 450 1182; x_wconf 86' lang='lat' dir='ltr'>princeps;</span> <span class='ocrx_word' id='word_1_137' title='bbox 490 1127 564 1169; x_wconf 82' lang='lat' dir='ltr'>sed</span> <span class='ocrx_word' id='word_1_138' title='bbox 594 1128 650 1170; x_wconf 89' lang='lat' dir='ltr'>ad</span> <span class='ocrx_word' id='word_1_139' title='bbox 685 1127 871 1171; x_wconf 82' lang='lat' dir='ltr'>ultimam</span> <span class='ocrx_word' id='word_1_140' title='bbox 902 1128 1123 1170; x_wconf 88' lang='lat' dir='ltr'>editionem</span> <span class='ocrx_word' id='word_1_141' title='bbox 1155 1141 1270 1170; x_wconf 79' lang='lat' dir='ltr'>suam</span> <span class='ocrx_word' id='word_1_142' title='bbox 1302 1128 1530 1170; x_wconf 83' lang='lat' dir='ltr'>Rhenanus</span> <span class='ocrx_word' id='word_1_143' title='bbox 1559 1128 1632 1177; x_wconf 86' lang='lat' dir='ltr'>ait,</span> 
     </span>
     <span class='ocr_line' id='line_1_17' title="bbox 229 1185 1633 1241; baseline 0.003 -17"><span class='ocrx_word' id='word_1_144' title='bbox 229 1196 375 1225; x_wconf 85' lang='lat' dir='ltr'>ausum</span> <span class='ocrx_word' id='word_1_145' title='bbox 395 1197 440 1225; x_wconf 89' lang='lat' dir='ltr'>se</span> <span class='ocrx_word' id='word_1_146' title='bbox 460 1198 550 1226; x_wconf 87' lang='lat' dir='ltr'>esse</span> <span class='ocrx_word' id='word_1_147' title='bbox 579 1199 655 1241; x_wconf 90' lang='lat' dir='ltr'>pro</span> <span class='ocrx_word' id='word_1_148' title='bbox 679 1186 747 1228; x_wconf 85' lang='lat' dir='ltr'>vel</span> <span class='ocrx_word' id='word_1_149' title='bbox 773 1187 896 1228; x_wconf 76' lang='lat' dir='ltr'>natio</span> <span class='ocrx_word' id='word_1_150' title='bbox 926 1185 1107 1228; x_wconf 88' lang='lat' dir='ltr'>scribere</span> <span class='ocrx_word' id='word_1_151' title='bbox 1133 1186 1340 1233; x_wconf 77' lang='lat' dir='ltr'>variatio,</span> <span class='ocrx_word' id='word_1_152' title='bbox 1362 1185 1443 1227; x_wconf 89' lang='lat' dir='ltr'>huc</span> <span class='ocrx_word' id='word_1_153' title='bbox 1473 1200 1517 1228; x_wconf 92' lang='lat' dir='ltr'>se</span> <span class='ocrx_word' id='word_1_154' title='bbox 1547 1192 1633 1228; x_wconf 86' lang='lat' dir='ltr'>tra-</span> 
     </span>
     <span class='ocr_line' id='line_1_18' title="bbox 230 1239 1633 1299; baseline 0.003 -17"><span class='ocrx_word' id='word_1_155' title='bbox 230 1239 425 1283; x_wconf 86' lang='lat' dir='ltr'>hentibus</span> <span class='ocrx_word' id='word_1_156' title='bbox 445 1242 774 1285; x_wconf 86' lang='lat' dir='ltr'>Paterniacensis</span> <span class='ocrx_word' id='word_1_157' title='bbox 796 1242 959 1286; x_wconf 84' lang='lat' dir='ltr'>Codicis</span> <span class='ocrx_word' id='word_1_158' title='bbox 980 1242 1175 1299; x_wconf 87' lang='lat' dir='ltr'>vestigiis.</span> <span class='ocrx_word' id='word_1_159' title='bbox 1237 1242 1347 1284; x_wconf 90' lang='lat' dir='ltr'>Hinc</span> <span class='ocrx_word' id='word_1_160' title='bbox 1367 1244 1563 1286; x_wconf 80' lang='lat' dir='ltr'>variatio</span> <span class='ocrx_word' id='word_1_161' title='bbox 1589 1251 1633 1286; x_wconf 88' lang='lat' dir='ltr'>et</span> 
     </span>
     <span class='ocr_line' id='line_1_19' title="bbox 229 1298 1632 1357; baseline 0.002 -18"><span class='ocrx_word' id='word_1_162' title='bbox 229 1298 299 1340; x_wconf 74' lang='lat' dir='ltr'>ita</span> <span class='ocrx_word' id='word_1_163' title='bbox 326 1298 404 1354; x_wconf 88' lang='lat' dir='ltr'>pro</span> <span class='ocrx_word' id='word_1_164' title='bbox 434 1300 581 1355; x_wconf 73' lang='lat' dir='ltr'>itaque</span> <span class='ocrx_word' id='word_1_165' title='bbox 607 1299 650 1341; x_wconf 93' lang='lat' dir='ltr'>in</span> <span class='ocrx_word' id='word_1_166' title='bbox 677 1299 774 1343; x_wconf 89' lang='lat' dir='ltr'>edit.</span> <span class='ocrx_word' id='word_1_167' title='bbox 795 1300 931 1357; x_wconf 86' lang='lat' dir='ltr'>prima</span> <span class='ocrx_word' id='word_1_168' title='bbox 960 1299 1196 1348; x_wconf 83' lang='lat' dir='ltr'>Parisiensi,</span> <span class='ocrx_word' id='word_1_169' title='bbox 1217 1299 1404 1342; x_wconf 85' lang='lat' dir='ltr'>similiter</span> <span class='ocrx_word' id='word_1_170' title='bbox 1433 1306 1560 1356; x_wconf 88' lang='lat' dir='ltr'>atque</span> <span class='ocrx_word' id='word_1_171' title='bbox 1590 1300 1632 1342; x_wconf 92' lang='lat' dir='ltr'>in</span> 
     </span>
     <span class='ocr_line' id='line_1_20' title="bbox 231 1354 1628 1405; baseline 0.003 -9"><span class='ocrx_word' id='word_1_172' title='bbox 231 1354 424 1397; x_wconf 87' lang='lat' dir='ltr'>Rhenani</span> <span class='ocrx_word' id='word_1_173' title='bbox 463 1356 545 1405; x_wconf 84' lang='lat' dir='ltr'>illa,</span> <span class='ocrx_word' id='word_1_174' title='bbox 585 1363 764 1399; x_wconf 84' lang='lat' dir='ltr'>exstant.</span> <span class='ocrx_word' id='word_1_175' title='bbox 830 1357 1107 1400; x_wconf 87' lang='lat' dir='ltr'>Substitutum</span> <span class='ocrx_word' id='word_1_176' title='bbox 1147 1363 1283 1399; x_wconf 87' lang='lat' dir='ltr'>autem</span> <span class='ocrx_word' id='word_1_177' title='bbox 1327 1363 1390 1400; x_wconf 90' lang='lat' dir='ltr'>est</span> <span class='ocrx_word' id='word_1_178' title='bbox 1429 1357 1471 1399; x_wconf 91' lang='lat' dir='ltr'>in</span> <span class='ocrx_word' id='word_1_179' title='bbox 1511 1358 1628 1400; x_wconf 87' lang='lat' dir='ltr'>editt.</span> 
     </span>
    </p>

    <p class='ocr_par' dir='ltr' id='par_1_8' title="bbox 165 1410 1632 1701">
     <span class='ocr_line' id='line_1_21' title="bbox 165 1410 1632 1471; baseline 0.003 -20"><span class='ocrx_word' id='word_1_180' title='bbox 165 1425 216 1452; x_wconf 80' lang='lat'>20</span> <span class='ocrx_word' id='word_1_181' title='bbox 228 1410 318 1455; x_wconf 80' lang='lat' dir='ltr'>illas</span> <span class='ocrx_word' id='word_1_182' title='bbox 352 1413 630 1469; x_wconf 80' lang='lat' dir='ltr'>sequentibus,</span> <span class='ocrx_word' id='word_1_183' title='bbox 661 1414 773 1470; x_wconf 91' lang='lat' dir='ltr'>quod</span> <span class='ocrx_word' id='word_1_184' title='bbox 806 1414 944 1471; x_wconf 80' lang='lat' dir='ltr'>posuit</span> <span class='ocrx_word' id='word_1_185' title='bbox 977 1421 1021 1457; x_wconf 89' lang='lat' dir='ltr'>et</span> <span class='ocrx_word' id='word_1_186' title='bbox 1051 1414 1271 1471; x_wconf 84' lang='lat' dir='ltr'>Rigaltius,</span> <span class='ocrx_word' id='word_1_187' title='bbox 1303 1421 1312 1437; x_wconf 90' lang='lat'>‘</span> <span class='ocrx_word' id='word_1_188' title='bbox 1332 1415 1481 1470; x_wconf 89' lang='lat' dir='ltr'>Itaque</span> <span class='ocrx_word' id='word_1_189' title='bbox 1511 1429 1632 1457; x_wconf 90' lang='lat' dir='ltr'>omne</span> 
     </span>
     <span class='ocr_line' id='line_1_22' title="bbox 230 1469 1630 1536; baseline 0.003 -26"><span class='ocrx_word' id='word_1_190' title='bbox 230 1475 241 1493; x_wconf 91' lang='lat'>‘</span> <span class='ocrx_word' id='word_1_191' title='bbox 260 1469 516 1512; x_wconf 75' lang='lat' dir='ltr'>mendacium</span> <span class='ocrx_word' id='word_1_192' title='bbox 537 1473 651 1536; x_wconf 75' lang='lat' dir='ltr'>quod</span> <span class='ocrx_word' id='word_1_193' title='bbox 677 1472 729 1514; x_wconf 89' lang='lat' dir='ltr'>do</span> <span class='ocrx_word' id='word_1_194' title='bbox 750 1472 842 1514; x_wconf 91' lang='lat' dir='ltr'>Deo</span> <span class='ocrx_word' id='word_1_195' title='bbox 862 1473 1061 1521; x_wconf 73' lang='lat' dir='ltr'>dicimus,</span> <span class='ocrx_word' id='word_1_196' title='bbox 1081 1472 1383 1528; x_wconf 83' lang='lat' dir='ltr'>quodammodo</span> <span class='ocrx_word' id='word_1_197' title='bbox 1408 1487 1541 1527; x_wconf 66' lang='lat' dir='ltr'>yenus</span> <span class='ocrx_word' id='word_1_198' title='bbox 1567 1479 1630 1515; x_wconf 89' lang='lat' dir='ltr'>est</span> 
     </span>
     <span class='ocr_line' id='line_1_23' title="bbox 229 1526 1628 1586; baseline 0.003 -18"><span class='ocrx_word' id='word_1_199' title='bbox 229 1532 239 1550; x_wconf 86' lang='lat'>‘</span> <span class='ocrx_word' id='word_1_200' title='bbox 256 1526 500 1580; x_wconf 60' lang='lat' dir='ltr'>idolatriae:</span> <span class='ocrx_word' id='word_1_201' title='bbox 515 1528 592 1570; x_wconf 77' lang='lat' dir='ltr'>nisi</span> <span class='ocrx_word' id='word_1_202' title='bbox 611 1529 723 1586; x_wconf 92' lang='lat' dir='ltr'>quod</span> <span class='ocrx_word' id='word_1_203' title='bbox 741 1530 859 1572; x_wconf 87' lang='lat' dir='ltr'>abest</span> <span class='ocrx_word' id='word_1_204' title='bbox 874 1544 953 1571; x_wconf 86' lang='lat' dir='ltr'>vox</span> <span class='ocrx_word' id='word_1_205' title='bbox 974 1530 1287 1586; x_wconf 82' lang='lat' dir='ltr'>quodammodo</span> <span class='ocrx_word' id='word_1_206' title='bbox 1306 1530 1360 1571; x_wconf 90' lang='lat' dir='ltr'>ab</span> <span class='ocrx_word' id='word_1_207' title='bbox 1380 1530 1479 1572; x_wconf 85' lang='lat' dir='ltr'>edit.</span> <span class='ocrx_word' id='word_1_208' title='bbox 1498 1530 1628 1573; x_wconf 85' lang='lat' dir='ltr'>Paris.</span> 
     </span>
     <span class='ocr_line' id='line_1_24' title="bbox 233 1585 1630 1644; baseline 0.003 -19"><span class='ocrx_word' id='word_1_209' title='bbox 233 1586 355 1639; x_wconf 84' lang='lat'><strong>1566.</strong></span> <span class='ocrx_word' id='word_1_210' title='bbox 416 1585 479 1628; x_wconf 92' lang='lat' dir='ltr'>At</span> <span class='ocrx_word' id='word_1_211' title='bbox 512 1600 611 1628; x_wconf 86' lang='lat' dir='ltr'>vero</span> <span class='ocrx_word' id='word_1_212' title='bbox 650 1586 692 1628; x_wconf 93' lang='lat' dir='ltr'>in</span> <span class='ocrx_word' id='word_1_213' title='bbox 732 1587 840 1629; x_wconf 89' lang='lat' dir='ltr'>notis</span> <span class='ocrx_word' id='word_1_214' title='bbox 873 1587 973 1629; x_wconf 85' lang='lat' dir='ltr'>calci</span> <span class='ocrx_word' id='word_1_215' title='bbox 1013 1586 1204 1629; x_wconf 88' lang='lat' dir='ltr'>editionis</span> <span class='ocrx_word' id='word_1_216' title='bbox 1241 1587 1422 1629; x_wconf 86' lang='lat' dir='ltr'>Franek.</span> <span class='ocrx_word' id='word_1_217' title='bbox 1457 1587 1630 1644; x_wconf 83' lang='lat' dir='ltr'>adjectis</span> 
     </span>
     <span class='ocr_line' id='line_1_25' title="bbox 226 1641 1629 1701; baseline 0.004 -18"><span class='ocrx_word' id='word_1_218' title='bbox 226 1641 425 1698; x_wconf 84' lang='lat' dir='ltr'>praetulit</span> <span class='ocrx_word' id='word_1_219' title='bbox 443 1643 473 1685; x_wconf 89' lang='lat' dir='ltr'><strong>J</strong></span> <span class='ocrx_word' id='word_1_220' title='bbox 475 1643 595 1686; x_wconf 87' lang='lat' dir='ltr'>unius</span> <span class='ocrx_word' id='word_1_221' title='bbox 621 1644 837 1687; x_wconf 84' lang='lat' dir='ltr'>lectionem</span> <span class='ocrx_word' id='word_1_222' title='bbox 857 1644 1047 1687; x_wconf 83' lang='lat' dir='ltr'>editionis</span> <span class='ocrx_word' id='word_1_223' title='bbox 1066 1644 1275 1701; x_wconf 87' lang='lat' dir='ltr'>principis,</span> <span class='ocrx_word' id='word_1_224' title='bbox 1297 1651 1459 1687; x_wconf 83' lang='lat' dir='ltr'>tantum</span> <span class='ocrx_word' id='word_1_225' title='bbox 1485 1645 1629 1688; x_wconf 78' lang='lat' dir='ltr'>addito</span> 
     </span>
    </p>

    <p class='ocr_par' dir='ltr' id='par_1_9' title="bbox 163 1699 1630 1988">
     <span class='ocr_line' id='line_1_26' title="bbox 163 1699 1630 1759; baseline 0.003 -18"><span class='ocrx_word' id='word_1_226' title='bbox 163 1709 213 1748; x_wconf 78' lang='lat'>25</span> <span class='ocrx_word' id='word_1_227' title='bbox 227 1699 294 1742; x_wconf 80' lang='lat' dir='ltr'>vel</span> <span class='ocrx_word' id='word_1_228' title='bbox 311 1704 408 1742; x_wconf 83' lang='lat' dir='ltr'>ante</span> <span class='ocrx_word' id='word_1_229' title='bbox 428 1702 752 1756; x_wconf 81' lang='lat' dir='ltr'>quodammodo,</span> <span class='ocrx_word' id='word_1_230' title='bbox 773 1707 821 1745; x_wconf 91' lang='lat' dir='ltr'>ut</span> <span class='ocrx_word' id='word_1_231' title='bbox 840 1716 920 1744; x_wconf 84' lang='lat' dir='ltr'>vox</span> <span class='ocrx_word' id='word_1_232' title='bbox 940 1704 1063 1745; x_wconf 79' lang='lat' dir='ltr'>natio</span> <span class='ocrx_word' id='word_1_233' title='bbox 1082 1701 1125 1744; x_wconf 92' lang='lat' dir='ltr'>in</span> <span class='ocrx_word' id='word_1_234' title='bbox 1145 1716 1310 1744; x_wconf 87' lang='lat' dir='ltr'>sensum</span> <span class='ocrx_word' id='word_1_235' title='bbox 1334 1702 1501 1759; x_wconf 86' lang='lat' dir='ltr'>generis</span> <span class='ocrx_word' id='word_1_236' title='bbox 1525 1703 1630 1745; x_wconf 82' lang='lat' dir='ltr'>acci-</span> 
     </span>
     <span class='ocr_line' id='line_1_27' title="bbox 226 1755 1630 1816; baseline 0.003 -18"><span class='ocrx_word' id='word_1_237' title='bbox 226 1755 379 1812; x_wconf 87' lang='lat' dir='ltr'>piatur‚</span> <span class='ocrx_word' id='word_1_238' title='bbox 411 1772 534 1800; x_wconf 71' lang='lat' dir='ltr'>sexus</span> <span class='ocrx_word' id='word_1_239' title='bbox 567 1758 611 1800; x_wconf 90' lang='lat' dir='ltr'>in</span> <span class='ocrx_word' id='word_1_240' title='bbox 645 1773 810 1801; x_wconf 87' lang='lat' dir='ltr'>sensum</span> <span class='ocrx_word' id='word_1_241' title='bbox 840 1759 986 1816; x_wconf 84' lang='lat' dir='ltr'>partis,</span> <span class='ocrx_word' id='word_1_242' title='bbox 1017 1759 1058 1801; x_wconf 91' lang='lat' dir='ltr'>h.</span> <span class='ocrx_word' id='word_1_243' title='bbox 1081 1774 1117 1802; x_wconf 89' lang='lat' dir='ltr'>e.</span> <span class='ocrx_word' id='word_1_244' title='bbox 1152 1765 1226 1802; x_wconf 87' lang='lat' dir='ltr'>aut</span> <span class='ocrx_word' id='word_1_245' title='bbox 1259 1765 1391 1802; x_wconf 79' lang='lat' dir='ltr'>totum</span> <span class='ocrx_word' id='word_1_246' title='bbox 1427 1766 1501 1802; x_wconf 81' lang='lat' dir='ltr'>aut</span> <span class='ocrx_word' id='word_1_247' title='bbox 1531 1774 1630 1816; x_wconf 84' lang='lat' dir='ltr'>pars</span> 
     </span>
     <span class='ocr_line' id='line_1_28' title="bbox 226 1813 1630 1860; baseline 0.003 -5"><span class='ocrx_word' id='word_1_248' title='bbox 226 1813 440 1857; x_wconf 85' lang='lat' dir='ltr'>mendacii.</span> <span class='ocrx_word' id='word_1_249' title='bbox 463 1814 531 1857; x_wconf 89' lang='lat' dir='ltr'>Sic</span> <span class='ocrx_word' id='word_1_250' title='bbox 550 1815 633 1858; x_wconf 92' lang='lat' dir='ltr'>ille.</span> <span class='ocrx_word' id='word_1_251' title='bbox 681 1816 868 1859; x_wconf 87' lang='lat' dir='ltr'>Semlero</span> <span class='ocrx_word' id='word_1_252' title='bbox 887 1822 1026 1859; x_wconf 89' lang='lat' dir='ltr'>autem</span> <span class='ocrx_word' id='word_1_253' title='bbox 1047 1831 1147 1858; x_wconf 81' lang='lat' dir='ltr'>vera</span> <span class='ocrx_word' id='word_1_254' title='bbox 1165 1816 1287 1859; x_wconf 87' lang='lat' dir='ltr'>lectio</span> <span class='ocrx_word' id='word_1_255' title='bbox 1307 1817 1487 1859; x_wconf 89' lang='lat' dir='ltr'>nondum</span> <span class='ocrx_word' id='word_1_256' title='bbox 1509 1824 1630 1860; x_wconf 87' lang='lat' dir='ltr'>eruta</span> 
     </span>
     <span class='ocr_line' id='line_1_29' title="bbox 226 1869 1627 1930; baseline 0.004 -18"><span class='ocrx_word' id='word_1_257' title='bbox 226 1869 418 1921; x_wconf 77' lang='lat' dir='ltr'>videtui-3</span> <span class='ocrx_word' id='word_1_258' title='bbox 459 1872 513 1914; x_wconf 81' lang='lat' dir='ltr'>ad</span> <span class='ocrx_word' id='word_1_259' title='bbox 547 1875 753 1925; x_wconf 75' lang='grc' dir='ltr'>προβολὰς</span> <span class='ocrx_word' id='word_1_260' title='bbox 786 1888 884 1916; x_wconf 86' lang='lat' dir='ltr'>vero</span> <span class='ocrx_word' id='word_1_261' title='bbox 919 1873 1222 1917; x_wconf 87' lang='lat' dir='ltr'>haereticorum</span> <span class='ocrx_word' id='word_1_262' title='bbox 1258 1874 1464 1930; x_wconf 80' lang='lat' dir='ltr'>respicere</span> <span class='ocrx_word' id='word_1_263' title='bbox 1495 1889 1627 1924; x_wconf 86' lang='lat' dir='ltr'>voces,</span> 
     </span>
     <span class='ocr_line' id='line_1_30' title="bbox 226 1929 1629 1988; baseline 0.003 -18"><span class='ocrx_word' id='word_1_264' title='bbox 226 1929 362 1980; x_wconf 77' lang='lat' dir='ltr'>natio,</span> <span class='ocrx_word' id='word_1_265' title='bbox 383 1943 517 1978; x_wconf 69' lang='lat' dir='ltr'>sexus,</span> <span class='ocrx_word' id='word_1_266' title='bbox 539 1929 648 1972; x_wconf 91' lang='lat' dir='ltr'>idem</span> <span class='ocrx_word' id='word_1_267' title='bbox 675 1930 740 1972; x_wconf 87' lang='lat' dir='ltr'>vir</span> <span class='ocrx_word' id='word_1_268' title='bbox 769 1930 1026 1974; x_wconf 81' lang='lat' dir='ltr'>doctissimus</span> <span class='ocrx_word' id='word_1_269' title='bbox 1055 1931 1261 1988; x_wconf 85' lang='lat' dir='ltr'>opinatur.</span> <span class='ocrx_word' id='word_1_270' title='bbox 1323 1931 1516 1975; x_wconf 77' lang='lat' dir='ltr'>Ferenda</span> <span class='ocrx_word' id='word_1_271' title='bbox 1544 1932 1629 1974; x_wconf 91' lang='lat' dir='ltr'>edi-</span> 
     </span>
    </p>

    <p class='ocr_par' dir='ltr' id='par_1_10' title="bbox 161 1984 1630 2274">
     <span class='ocr_line' id='line_1_31' title="bbox 161 1984 1630 2045; baseline 0.003 -19"><span class='ocrx_word' id='word_1_272' title='bbox 161 1999 214 2036; x_wconf 85' lang='lat'>30</span> <span class='ocrx_word' id='word_1_273' title='bbox 226 1984 349 2028; x_wconf 90' lang='lat' dir='ltr'>tionis</span> <span class='ocrx_word' id='word_1_274' title='bbox 387 1986 584 2043; x_wconf 87' lang='lat' dir='ltr'>principis</span> <span class='ocrx_word' id='word_1_275' title='bbox 623 1987 746 2030; x_wconf 86' lang='lat' dir='ltr'>lectio</span> <span class='ocrx_word' id='word_1_276' title='bbox 780 1989 881 2031; x_wconf 92' lang='lat' dir='ltr'>mihi</span> <span class='ocrx_word' id='word_1_277' title='bbox 911 1988 1087 2038; x_wconf 82' lang='lat' dir='ltr'>videtur,</span> <span class='ocrx_word' id='word_1_278' title='bbox 1119 1988 1153 2030; x_wconf 91' lang='lat' dir='ltr'>si</span> <span class='ocrx_word' id='word_1_279' title='bbox 1187 1988 1310 2030; x_wconf 89' lang='lat' dir='ltr'>modo</span> <span class='ocrx_word' id='word_1_280' title='bbox 1344 2003 1534 2045; x_wconf 83' lang='lat' dir='ltr'>reponas,</span> <span class='ocrx_word' id='word_1_281' title='bbox 1565 1991 1630 2032; x_wconf 81' lang='lat' dir='ltr'>vel</span> 
     </span>
     <span class='ocr_line' id='line_1_32' title="bbox 226 2042 1626 2099; baseline 0.004 -15"><span class='ocrx_word' id='word_1_282' title='bbox 226 2042 334 2085; x_wconf 86' lang='lat' dir='ltr'>ratio</span> <span class='ocrx_word' id='word_1_283' title='bbox 354 2045 665 2099; x_wconf 79' lang='lat' dir='ltr'>quodammodo</span> <span class='ocrx_word' id='word_1_284' title='bbox 685 2047 820 2095; x_wconf 64' lang='lat' dir='ltr'>swas,</span> <span class='ocrx_word' id='word_1_285' title='bbox 834 2046 977 2089; x_wconf 88' lang='lat' dir='ltr'>habito</span> <span class='ocrx_word' id='word_1_286' title='bbox 997 2045 1191 2088; x_wconf 90' lang='lat' dir='ltr'>nimirum</span> <span class='ocrx_word' id='word_1_287' title='bbox 1211 2045 1266 2088; x_wconf 87' lang='lat' dir='ltr'>ad</span> <span class='ocrx_word' id='word_1_288' title='bbox 1285 2049 1495 2099; x_wconf 80' lang='grc' dir='ltr'>προβολὰς</span> <span class='ocrx_word' id='word_1_289' title='bbox 1514 2046 1626 2096; x_wconf 86' lang='lat' dir='ltr'>istas,</span> 
     </span>
     <span class='ocr_line' id='line_1_33' title="bbox 226 2099 1626 2159; baseline 0.004 -17"><span class='ocrx_word' id='word_1_290' title='bbox 226 2105 273 2142; x_wconf 90' lang='lat' dir='ltr'>ut</span> <span class='ocrx_word' id='word_1_291' title='bbox 310 2099 370 2143; x_wconf 84' lang='lat' dir='ltr'>ait</span> <span class='ocrx_word' id='word_1_292' title='bbox 411 2101 632 2151; x_wconf 89' lang='lat' dir='ltr'>Semlerus,</span> <span class='ocrx_word' id='word_1_293' title='bbox 665 2108 869 2159; x_wconf 88' lang='lat' dir='ltr'>respectu.</span> <span class='ocrx_word' id='word_1_294' title='bbox 929 2110 940 2128; x_wconf 83' lang='lat'>⁴</span> <span class='ocrx_word' id='word_1_295' title='bbox 965 2103 1134 2153; x_wconf 71' lang='lat' dir='ltr'>Habes:</span> <span class='ocrx_word' id='word_1_296' title='bbox 1166 2102 1300 2159; x_wconf 90' lang='lat' dir='ltr'>inquit</span> <span class='ocrx_word' id='word_1_297' title='bbox 1332 2103 1626 2154; x_wconf 86' lang='lat' dir='ltr'>Tertullianus,</span> 
     </span>
     <span class='ocr_line' id='line_1_34' title="bbox 226 2156 1628 2218; baseline 0.003 -19"><span class='ocrx_word' id='word_1_298' title='bbox 226 2163 237 2180; x_wconf 86' lang='lat'><em>‘</em></span> <span class='ocrx_word' id='word_1_299' title='bbox 258 2157 502 2214; x_wconf 87' lang='lat' dir='ltr'>ogdoadem,</span> <span class='ocrx_word' id='word_1_300' title='bbox 523 2159 729 2202; x_wconf 86' lang='lat' dir='ltr'>tetradem</span> <span class='ocrx_word' id='word_1_301' title='bbox 755 2156 812 2202; x_wconf 83' lang='lat' dir='ltr'>du</span> <span class='ocrx_word' id='word_1_302' title='bbox 842 2160 975 2210; x_wconf 79' lang='lat' dir='ltr'>licem,</span> <span class='ocrx_word' id='word_1_303' title='bbox 1003 2175 1056 2203; x_wconf 82' lang='lat' dir='ltr'>ex</span> <span class='ocrx_word' id='word_1_304' title='bbox 1086 2160 1444 2218; x_wconf 86' lang='lat' dir='ltr'>conjugationibus</span> <span class='ocrx_word' id='word_1_305' title='bbox 1470 2175 1628 2204; x_wconf 86' lang='lat' dir='ltr'>mascu—</span> 
     </span>
     <span class='ocr_line' id='line_1_35' title="bbox 226 2214 1410 2274; baseline 0.003 -18"><span class='ocrx_word' id='word_1_306' title='bbox 226 2219 238 2238; x_wconf 89' lang='lat'>‘</span> <span class='ocrx_word' id='word_1_307' title='bbox 258 2214 390 2256; x_wconf 90' lang='lat' dir='ltr'>lorum</span> <span class='ocrx_word' id='word_1_308' title='bbox 413 2221 456 2258; x_wconf 88' lang='lat' dir='ltr'>et</span> <span class='ocrx_word' id='word_1_309' title='bbox 475 2216 746 2259; x_wconf 87' lang='lat' dir='ltr'>feminarum.&#39;</span> <span class='ocrx_word' id='word_1_310' title='bbox 766 2218 805 2259; x_wconf 89' lang='lat' dir='ltr'>A</span> <span class='ocrx_word' id='word_1_311' title='bbox 837 2233 893 2260; x_wconf 85' lang='lat' dir='ltr'>vs.</span> <span class='ocrx_word' id='word_1_312' title='bbox 915 2217 1241 2270; x_wconf 81' lang='lat' dir='ltr'>Valentinianos,</span> <span class='ocrx_word' id='word_1_313' title='bbox 1263 2232 1352 2274; x_wconf 84' lang='lat' dir='ltr'>cap.</span> <span class='ocrx_word' id='word_1_314' title='bbox 1371 2230 1410 2271; x_wconf 93' lang='lat'>7.</span> 
     </span>
    </p>

    <p class='ocr_par' dir='ltr' id='par_1_11' title="bbox 159 2271 1628 2431">
     <span class='ocr_line' id='line_1_36' title="bbox 159 2271 1620 2332; baseline 0.004 -19"><span class='ocrx_word' id='word_1_315' title='bbox 159 2280 210 2319; x_wconf 85' lang='grc'>35</span> <span class='ocrx_word' id='word_1_316' title='bbox 282 2271 388 2314; x_wconf 90' lang='lat' dir='ltr'>Ibid.</span> <span class='ocrx_word' id='word_1_317' title='bbox 409 2272 437 2314; x_wconf 93' lang='lat' dir='ltr'>l.</span> <span class='ocrx_word' id='word_1_318' title='bbox 458 2274 525 2315; x_wconf 92' lang='lat'>18.</span> <span class='ocrx_word' id='word_1_319' title='bbox 548 2274 663 2316; x_wconf 90' lang='lat' dir='ltr'>Ante</span> <span class='ocrx_word' id='word_1_320' title='bbox 683 2280 780 2318; x_wconf 90' lang='lat' dir='ltr'>sunt</span> <span class='ocrx_word' id='word_1_321' title='bbox 805 2275 979 2332; x_wconf 89' lang='lat' dir='ltr'>perfecti</span> <span class='ocrx_word' id='word_1_322' title='bbox 1003 2275 1299 2324; x_wconf 87' lang='lat' dir='ltr'>catechumeni,</span> <span class='ocrx_word' id='word_1_323' title='bbox 1322 2289 1445 2331; x_wconf 89' lang='lat' dir='ltr'>quam</span> <span class='ocrx_word' id='word_1_324' title='bbox 1466 2275 1620 2332; x_wconf 86' lang='lat' dir='ltr'>edocti]</span> 
     </span>
     <span class='ocr_line' id='line_1_37' title="bbox 225 2328 1628 2390; baseline 0.004 -20"><span class='ocrx_word' id='word_1_325' title='bbox 225 2328 317 2371; x_wconf 89' lang='lat' dir='ltr'>Hoc</span> <span class='ocrx_word' id='word_1_326' title='bbox 347 2335 422 2379; x_wconf 84' lang='lat' dir='ltr'>est,</span> <span class='ocrx_word' id='word_1_327' title='bbox 445 2332 558 2373; x_wconf 88' lang='lat' dir='ltr'>Ante</span> <span class='ocrx_word' id='word_1_328' title='bbox 583 2331 733 2374; x_wconf 78' lang='grc' dir='ltr'>τέλειοι</span> <span class='ocrx_word' id='word_1_329' title='bbox 759 2338 856 2375; x_wconf 88' lang='lat' dir='ltr'>sunt</span> <span class='ocrx_word' id='word_1_330' title='bbox 875 2334 913 2375; x_wconf 79' lang='grc' dir='ltr'>οἱ</span> <span class='ocrx_word' id='word_1_331' title='bbox 934 2333 1234 2388; x_wconf 81' lang='grc' dir='ltr'>κατηχούμενοι,</span> <span class='ocrx_word' id='word_1_332' title='bbox 1257 2346 1379 2389; x_wconf 85' lang='lat' dir='ltr'>quam</span> <span class='ocrx_word' id='word_1_333' title='bbox 1401 2333 1499 2375; x_wconf 88' lang='lat' dir='ltr'>fidei</span> <span class='ocrx_word' id='word_1_334' title='bbox 1526 2334 1628 2390; x_wconf 86' lang='lat' dir='ltr'>dog-</span> 
     </span>
     <span class='ocr_line' id='line_1_38' title="bbox 223 2386 1627 2431; baseline 0.004 -4"><span class='ocrx_word' id='word_1_335' title='bbox 223 2386 400 2429; x_wconf 87' lang='lat' dir='ltr'>matibus</span> <span class='ocrx_word' id='word_1_336' title='bbox 420 2387 622 2431; x_wconf 85' lang='lat' dir='ltr'>instructi.</span> <span class='ocrx_word' id='word_1_337' title='bbox 1623 2423 1627 2427; x_wconf 74' lang='grc'><em>.</em></span> 
     </span>
    </p>

    <p class='ocr_par' dir='ltr' id='par_1_12' title="bbox 222 2443 1627 2561">
     <span class='ocr_line' id='line_1_39' title="bbox 281 2443 1627 2504; baseline 0.004 -20"><span class='ocrx_word' id='word_1_338' title='bbox 281 2443 387 2485; x_wconf 89' lang='lat' dir='ltr'>Ibid.</span> <span class='ocrx_word' id='word_1_339' title='bbox 409 2444 437 2486; x_wconf 92' lang='lat'>1.</span> <span class='ocrx_word' id='word_1_340' title='bbox 462 2457 528 2488; x_wconf 83' lang='lat'>21.</span> <span class='ocrx_word' id='word_1_341' title='bbox 548 2445 796 2502; x_wconf 86' lang='lat' dir='ltr'>fortassean]</span> <span class='ocrx_word' id='word_1_342' title='bbox 818 2446 910 2488; x_wconf 89' lang='lat' dir='ltr'>Hoc</span> <span class='ocrx_word' id='word_1_343' title='bbox 930 2446 1091 2489; x_wconf 87' lang='lat' dir='ltr'>mediae</span> <span class='ocrx_word' id='word_1_344' title='bbox 1110 2446 1260 2489; x_wconf 85' lang='lat' dir='ltr'>aetatis</span> <span class='ocrx_word' id='word_1_345' title='bbox 1279 2447 1521 2489; x_wconf 87' lang='lat' dir='ltr'>vocabulum</span> <span class='ocrx_word' id='word_1_346' title='bbox 1549 2462 1627 2504; x_wconf 90' lang='lat' dir='ltr'>pro</span> 
     </span>
     <span class='ocr_line' id='line_1_40' title="bbox 222 2499 1626 2561; baseline 0.004 -20"><span class='ocrx_word' id='word_1_347' title='bbox 222 2499 334 2542; x_wconf 87' lang='lat' dir='ltr'>edito</span> <span class='ocrx_word' id='word_1_348' title='bbox 350 2502 563 2556; x_wconf 62' lang='lat' dir='ltr'>forsitan,</span> <span class='ocrx_word' id='word_1_349' title='bbox 578 2502 682 2559; x_wconf 89' lang='lat' dir='ltr'>jussi</span> <span class='ocrx_word' id='word_1_350' title='bbox 702 2503 952 2559; x_wconf 88' lang='lat' dir='ltr'>ponendum,</span> <span class='ocrx_word' id='word_1_351' title='bbox 973 2518 1100 2560; x_wconf 91' lang='lat' dir='ltr'>quum</span> <span class='ocrx_word' id='word_1_352' title='bbox 1121 2510 1307 2547; x_wconf 88' lang='lat' dir='ltr'>exstaret</span> <span class='ocrx_word' id='word_1_353' title='bbox 1326 2504 1368 2546; x_wconf 93' lang='lat' dir='ltr'>in</span> <span class='ocrx_word' id='word_1_354' title='bbox 1389 2504 1491 2547; x_wconf 89' lang='lat' dir='ltr'>edit.</span> <span class='ocrx_word' id='word_1_355' title='bbox 1514 2505 1626 2561; x_wconf 83' lang='lat' dir='ltr'>prin-</span> 
     </span>
    </p>

    <p class='ocr_par' dir='ltr' id='par_1_13' title="bbox 157 2556 908 2615">
     <span class='ocr_line' id='line_1_41' title="bbox 157 2556 908 2615; baseline 0.009 -19"><span class='ocrx_word' id='word_1_356' title='bbox 157 2570 209 2604; x_wconf 90' lang='lat'>40</span> <span class='ocrx_word' id='word_1_357' title='bbox 222 2556 325 2613; x_wconf 86' lang='lat' dir='ltr'>cipe,</span> <span class='ocrx_word' id='word_1_358' title='bbox 347 2558 420 2600; x_wconf 88' lang='lat' dir='ltr'>sed</span> <span class='ocrx_word' id='word_1_359' title='bbox 440 2558 612 2608; x_wconf 87' lang='lat' dir='ltr'>divisim,</span> <span class='ocrx_word' id='word_1_360' title='bbox 620 2561 815 2615; x_wconf 69' lang='lat' dir='ltr'>sortasse</span> <span class='ocrx_word' id='word_1_361' title='bbox 835 2575 908 2603; x_wconf 82' lang='lat' dir='ltr'>an.</span> 
     </span>
    </p>

    <p class='ocr_par' dir='ltr' id='par_1_14' title="bbox 221 2614 1625 2715">
     <span class='ocr_line' id='line_1_42' title="bbox 281 2614 1625 2712; baseline 0.004 -57"><span class='ocrx_word' id='word_1_362' title='bbox 281 2614 387 2712; x_wconf 58' lang='lat' dir='ltr'>lpid.</span> <span class='ocrx_word' id='word_1_363' title='bbox 409 2615 437 2656; x_wconf 89' lang='lat' dir='ltr'>l.</span> <span class='ocrx_word' id='word_1_364' title='bbox 460 2628 527 2671; x_wconf 82' lang='lat'>23.</span> <span class='ocrx_word' id='word_1_365' title='bbox 547 2631 655 2659; x_wconf 91' lang='lat' dir='ltr'>nunc</span> <span class='ocrx_word' id='word_1_366' title='bbox 675 2617 837 2660; x_wconf 88' lang='lat' dir='ltr'>saeculo</span> <span class='ocrx_word' id='word_1_367' title='bbox 861 2617 1095 2673; x_wconf 85' lang='lat' dir='ltr'>obstrictos]</span> <span class='ocrx_word' id='word_1_368' title='bbox 1116 2618 1307 2675; x_wconf 88' lang='lat' dir='ltr'>Negotiis</span> <span class='ocrx_word' id='word_1_369' title='bbox 1333 2624 1460 2674; x_wconf 87' lang='lat' dir='ltr'>atque</span> <span class='ocrx_word' id='word_1_370' title='bbox 1487 2619 1625 2661; x_wconf 84' lang='lat' dir='ltr'>officiis</span> 
     </span>
     <span class='ocr_line' id='line_1_43' title="bbox 221 2670 462 2715; baseline 0.008 -3"><span class='ocrx_word' id='word_1_371' title='bbox 221 2670 276 2712; x_wconf 93' lang='lat' dir='ltr'>im</span> <span class='ocrx_word' id='word_1_372' title='bbox 322 2671 462 2715; x_wconf 63' lang='lat' dir='ltr'>icatos</span> 
     </span>
    </p>

    <p class='ocr_par' dir='ltr' id='par_1_15' title="bbox 221 2686 1625 2843">
     <span class='ocr_line' id='line_1_44' title="bbox 278 2686 1625 2787; baseline 0.004 -17"><span class='ocrx_word' id='word_1_373' title='bbox 278 2686 388 2771; x_wconf 42' lang='lat' dir='ltr'>IIJbid.</span> <span class='ocrx_word' id='word_1_374' title='bbox 419 2729 446 2771; x_wconf 90' lang='lat' dir='ltr'>l.</span> <span class='ocrx_word' id='word_1_375' title='bbox 471 2730 539 2772; x_wconf 88' lang='lat'>28.</span> <span class='ocrx_word' id='word_1_376' title='bbox 574 2744 666 2772; x_wconf 85' lang='lat' dir='ltr'>cras</span> <span class='ocrx_word' id='word_1_377' title='bbox 699 2730 823 2787; x_wconf 87' lang='lat' dir='ltr'>alius]</span> <span class='ocrx_word' id='word_1_378' title='bbox 866 2731 946 2773; x_wconf 88' lang='lat' dir='ltr'>Vel</span> <span class='ocrx_word' id='word_1_379' title='bbox 985 2731 1163 2783; x_wconf 88' lang='lat' dir='ltr'>diverso,</span> <span class='ocrx_word' id='word_1_380' title='bbox 1193 2732 1258 2775; x_wconf 87' lang='lat' dir='ltr'>vel</span> <span class='ocrx_word' id='word_1_381' title='bbox 1297 2732 1410 2774; x_wconf 90' lang='lat' dir='ltr'>nullo</span> <span class='ocrx_word' id='word_1_382' title='bbox 1449 2732 1625 2776; x_wconf 85' lang='lat' dir='ltr'>fortasse</span> 
     </span>
     <span class='ocr_line' id='line_1_45' title="bbox 221 2787 1148 2843; baseline 0.004 -16"><span class='ocrx_word' id='word_1_383' title='bbox 221 2800 393 2828; x_wconf 86' lang='lat' dir='ltr'>munere</span> <span class='ocrx_word' id='word_1_384' title='bbox 414 2787 590 2835; x_wconf 85' lang='lat' dir='ltr'>functus.</span> <span class='ocrx_word' id='word_1_385' title='bbox 613 2793 659 2829; x_wconf 90' lang='lat' dir='ltr'>ut</span> <span class='ocrx_word' id='word_1_386' title='bbox 679 2788 894 2843; x_wconf 86' lang='lat' dir='ltr'>sequentia</span> <span class='ocrx_word' id='word_1_387' title='bbox 913 2789 1148 2831; x_wconf 90' lang='lat' dir='ltr'>ostendunt.</span> 
     </span>
    </p>

    <p class='ocr_par' dir='ltr' id='par_1_16' title="bbox 158 2844 1624 2904">
     <span class='ocr_line' id='line_1_46' title="bbox 158 2844 1624 2904; baseline 0.004 -20"><span class='ocrx_word' id='word_1_388' title='bbox 158 2847 208 2885; x_wconf 89' lang='lat'>45</span> <span class='ocrx_word' id='word_1_389' title='bbox 282 2844 326 2885; x_wconf 86' lang='lat' dir='ltr'>P.</span> <span class='ocrx_word' id='word_1_390' title='bbox 353 2856 441 2898; x_wconf 83' lang='lat'><strong><em>157.</em></strong></span> <span class='ocrx_word' id='word_1_391' title='bbox 466 2844 489 2885; x_wconf 91' lang='lat' dir='ltr'>l.</span> <span class='ocrx_word' id='word_1_392' title='bbox 508 2859 547 2898; x_wconf 83' lang='lat'>5.</span> <span class='ocrx_word' id='word_1_393' title='bbox 572 2845 723 2887; x_wconf 84' lang='lat' dir='ltr'>Adime</span> <span class='ocrx_word' id='word_1_394' title='bbox 748 2846 827 2887; x_wconf 83' lang='lat' dir='ltr'>illis</span> <span class='ocrx_word' id='word_1_395' title='bbox 847 2845 887 2887; x_wconf 90' lang='lat' dir='ltr'>in</span> <span class='ocrx_word' id='word_1_396' title='bbox 911 2846 1066 2903; x_wconf 83' lang='lat' dir='ltr'>Legem</span> <span class='ocrx_word' id='word_1_397' title='bbox 1090 2847 1246 2902; x_wconf 78' lang='lat' dir='ltr'>Moysis</span> <span class='ocrx_word' id='word_1_398' title='bbox 1266 2853 1308 2889; x_wconf 89' lang='lat' dir='ltr'>et</span> <span class='ocrx_word' id='word_1_399' title='bbox 1331 2848 1562 2904; x_wconf 83' lang='lat' dir='ltr'>Prophetas</span> <span class='ocrx_word' id='word_1_400' title='bbox 1582 2854 1624 2890; x_wconf 86' lang='lat' dir='ltr'>et</span> 
     </span>
    </p>

    <p class='ocr_par' dir='ltr' id='par_1_17' title="bbox 1032 2918 1102 2945">
     <span class='ocr_line' id='line_1_47' title="bbox 1032 2918 1102 2945; baseline 0.014 -1"><span class='ocrx_word' id='word_1_401' title='bbox 1032 2918 1057 2944; x_wconf 78' lang='lat' dir='ltr'>r</span> <span class='ocrx_word' id='word_1_402' title='bbox 1081 2918 1102 2945; x_wconf 84' lang='lat'>2</span> 
     </span>
    </p>
   </div>
  </div>
 </body>
</html>
