2034 3204
233 503 250 524 2
268 493 342 525 Cor.
361 494 405 525 ix.

235 546 283 569 10.

232 817 249 837 2
267 807 342 838 Cor.
362 807 405 838 ix.

237 861 282 882 ¹2.

231 1502 333 1534 Matt.
354 1503 395 1534 vi.

231 1554 281 1584 31.

451 219 535 261 302
956 221 998 263 S.
1033 221 1351 263 CYPRIANI

450 343 544 374 non
579 344 728 388 posse,
756 330 909 390 magis
941 345 1106 389 parcos
1131 337 1178 375 et
1202 330 1384 375 steriles
1408 332 1468 375 ad
1493 329 1702 389 inopiam
1728 335 1856 389 post-

450 407 643 452 modum
682 406 917 452 devenire.
992 405 1112 451 ltem
1156 407 1323 452 beatus
1360 407 1620 466 Apostolus
1660 407 1853 459 Paulus,

450 483 730 530 Dominicae
762 483 1092 543 inspirationis
1129 483 1288 545 gratia
1323 485 1504 543 plenus,
1541 483 1634 542 Qui
1674 483 1854 530 admin-

449 560 596 616 istrat,
620 562 790 622 inquit,
815 575 964 606 semen
989 560 1248 615 seminanti,
1273 566 1315 606 et
1342 576 1511 622 panem
1542 561 1605 606 ad
1632 561 1851 608 edendum

441 637 709 699 praestabit,
746 644 788 685 et
824 636 1146 700 multiplicabit
1178 638 1526 684 seminationem
1569 645 1777 693 vestram,
1813 645 1891 691 et5

450 715 629 779 auqebit
651 716 927 762 incrementa
937 714 1139 779 fluqum
1160 716 1375 777 justitiae
1404 722 1587 771 vestrae,
1614 723 1663 763 ut
1687 717 1738 763 in
1761 732 1855 763 om-

451 793 583 839 nibus
607 792 955 855 locupletemini.
1029 793 1097 839 Et
1119 794 1308 845 iterum,
1332 793 1697 840 Administratio
1720 793 1854 856 hujus

450 871 589 932 officii
623 886 717 916 non
755 876 930 917 tantum
967 869 1191 933 supplebit
1225 886 1278 917 ea
1313 887 1428 933 (sicae
1461 872 1636 918 sanctis
1675 871 1853 927 desunt,

447 947 529 994 sed
572 954 614 994 et
660 947 906 995 abundabit
943 964 1032 1010 per
1082 948 1270 994 multam
1316 949 1580 1012 ¹oratiarum
1631 950 1852 996 actionem

449 1026 499 1070 in
523 1024 690 1072 Deum.
761 1026 999 1080 Quoniam
1023 1027 1137 1072 dum
1173 1026 1436 1088 gratiarum
1463 1027 1587 1073 actio
1610 1029 1669 1073 ad
1694 1028 1853 1074 Deum
1871 1044 1919 1069 10

448 1119 535 1162 pro
571 1104 882 1165 eleemosynis
929 1110 1073 1164 atque
1113 1103 1467 1164 operationibus
1513 1105 1689 1151 nostris
1734 1120 1853 1165 pau-

448 1195 616 1240 perum
651 1181 864 1227 oratione
901 1180 1140 1243 dirigitur,
1177 1196 1345 1226 census
1378 1181 1617 1241 operantis
1653 1182 1745 1228 Dei
1779 1199 1853 1229 re-

449 1257 710 1304 tributione
749 1260 1034 1304 cumulatur.
1107 1258 1175 1303 Et
1212 1258 1448 1304 Dominus
1495 1258 1546 1304 in
1589 1259 1854 1323 Evangelio

442 1334 545 1395 jam
579 1340 693 1380 tunc
728 1334 961 1396 ejusmodi
1001 1334 1250 1380 hominum
1287 1336 1429 1380 corda
1459 1334 1776 1388 considerans,
1805 1342 1854 1382 et

448 1411 642 1472 perfidis
679 1418 821 1471 atque
861 1412 1118 1459 incredulis
1152 1412 1364 1472 praescia
1401 1428 1514 1458 voce
1549 1414 1851 1466 denuntians,
1871 1430 1918 1469 15

449 1495 756 1544 contestatur,
792 1496 841 1535 et
875 1490 1004 1541 dicit,
1040 1488 1196 1536 Nolite
1235 1490 1446 1553 coyitare,
1483 1489 1689 1545 dicentes,
1729 1491 1856 1550 Quid

448 1566 642 1622 calemus9
667 1573 747 1613 aut
770 1566 886 1629 quid
917 1566 1126 1621 bibemus,
1151 1572 1231 1613 aut
1258 1566 1373 1629 quid
1403 1568 1689 1614 vestiemur?
1721 1567 1855 1616 ‚Haec

447 1645 570 1691 enim
613 1645 820 1691 nationes
867 1651 1104 1707 quaerunt.
1172 1644 1278 1692 Scit
1322 1650 1471 1691 autem
1517 1644 1666 1692 Pater
1711 1652 1854 1693 vester

447 1723 558 1785 quia
605 1723 807 1768 omnium
855 1720 1017 1768 horum
1075 1722 1304 1786 indiqetis.
1376 1722 1594 1781 Quaerite
1645 1724 1851 1786 pri-mum

446 1815 636 1864 reanum
676 1798 780 1847 Dei
818 1806 860 1846 et
890 1800 1125 1861 justitiam
1167 1800 1273 1861 eju-9,
1312 1806 1353 1846 et
1390 1801 1546 1846 omnia
1584 1801 1674 1847 ista
1713 1817 1852 1864 appo·
1868 1822 1917 1847 20

446 1884 612 1924 nentur
646 1876 781 1924 vobis,
854 1877 942 1923 Eis
974 1878 1136 1924 omnia
1166 1878 1342 1938 apponi
1371 1877 1488 1924 dicit
1518 1884 1566 1924 et
1599 1879 1738 1932 tradi,
1767 1881 1851 1940 qui

447 1971 646 2018 regnum
674 1961 722 2001 et
738 1955 979 2016 justitiam
1007 1955 1098 2001 Dei
1123 1962 1373 2015 quaerunt.
1410 1955 1510 2002 Eos
1534 1956 1661 2002 enim
1686 1956 1852 2003 Domi-

447 2049 549 2086 nus,
568 2048 716 2092 quum
737 2033 910 2094 judicii
935 2033 1035 2079 dies
1060 2034 1257 2088 venerit,
1282 2036 1342 2080 ad
1366 2034 1723 2095 percipiendum
1746 2052 1852 2098 reg-

447 2126 562 2156 num
593 2110 709 2156 dicit
739 2110 931 2156 admitti
955 2111 1038 2171 qui
1073 2111 1254 2158 fuerint
1289 2112 1339 2157 in
1369 2111 1583 2158 Ecclesia
1611 2113 1715 2174 ejus
1743 2128 1853 2173 ope-

448 2187 554 2234 rati.
623 2187 804 2234 Metuis
828 2204 887 2233 ne
910 2188 1252 2248 patrimonium
1278 2195 1415 2235 tuum
1440 2189 1561 2235 forte
1585 2189 1784 2245 deficiat,
1810 2191 1850 2237 si
1867 2208 1915 2247 25

446 2265 631 2325 operari
656 2281 715 2311 ex
740 2280 795 2311 eo
819 2265 1016 2327 largiter
1045 2266 1268 2326 coeperis,
1293 2273 1340 2312 et
1363 2267 1527 2321 nesci-³,
1554 2267 1711 2322 miser,
1737 2268 1852 2328 quia

446 2343 561 2388 dum
597 2342 737 2388 times
778 2359 836 2389 ne
879 2358 952 2389 res
993 2343 1245 2389 familiaris
1283 2343 1483 2397 deficiat,
1522 2344 1623 2391 vita
1662 2345 1766 2406 ipsa
1803 2352 1851 2392 et

447 2421 575 2466 salus
610 2419 799 2475 deficit;
846 2429 893 2467 et
929 2422 1043 2467 dum
1088 2436 1146 2467 ne
1187 2421 1302 2482 quid
1349 2423 1407 2468 de
1454 2422 1594 2468 rebus
1630 2423 1726 2470 tuis
1762 2424 1851 2470 mi-

448 2505 625 2544 nuatur
659 2498 880 2553 attendiS‚
919 2514 1012 2544 non
1056 2498 1249 2557 respicis
1287 2500 1413 2559 quod
1455 2499 1555 2559 ipse
1604 2499 1848 2556 minuaris,

446 2585 633 2621 amator
672 2575 827 2638 magis
874 2590 1172 2622 mammonae
1207 2591 1352 2637 quam
1384 2577 1571 2623 animae
1613 2584 1752 2633 tuae3
1797 2586 1915 2629 ut30

447 2652 561 2698 dum
588 2652 727 2698 times
753 2669 810 2699 ne
835 2668 920 2713 pro
944 2659 990 2699 te
1015 2653 1355 2714 patrimonium
1383 2660 1519 2701 tuum
1546 2656 1728 2715 perdaS,
1748 2656 1848 2716 ipse

448 2744 534 2788 pro
558 2729 846 2789 patrimonio
871 2737 954 2776 tuo
978 2746 1154 2791 pereas.
1227 2730 1294 2777 Et
1317 2731 1423 2776 ideo
1447 2731 1564 2777 bene
1588 2731 1848 2791 Apostolus

235 2807 633 2859 15⁹1m.vi.7.‹·lmnnt‚
670 2813 718 2852 et
754 2806 884 2858 dicit.
925 2804 1062 2853 Nihil
1091 2805 1330 2853 intulimus
1373 2807 1418 2853 in
1458 2805 1578 2853 bunc
1614 2807 1847 2861 mundum,
