2034 3204
387 203 473 248 276
891 204 934 246 S.
963 203 1283 246 CYPRIANI

388 316 538 367 rabat,
563 315 876 367 tradiderunt,
901 328 1085 359 crucem
1118 312 1221 372 ejus
1245 317 1292 356 et
1315 315 1514 355 mortem
1547 307 1793 372 suffragiis

388 393 608 439 violentis
643 409 697 438 ac
731 391 1055 452 pertinacibus
1090 388 1376 451 flagitantes.
1450 389 1556 434 Hoc
1588 403 1667 434 eos
1697 388 1795 434 fac-

387 474 521 514 turos
555 475 603 514 et
637 468 738 528 ipse
771 467 1090 527 praedixerat,
1115 472 1163 512 et
1199 466 1548 525 Prophetarum
1579 466 1792 511 omnium

387 546 716 591 testimonium
763 545 830 590 sic
866 550 977 589 ante
1022 548 1354 603 praecesserat,
1395 549 1611 602 oportere
1656 543 1793 589 illum

387 623 506 683 pati,
543 639 639 668 non
686 629 740 667 ut
779 621 978 667 sentiret
1023 626 1237 673 mortem,
1264 621 1346 666 sed
1383 626 1437 666 ut
1472 620 1694 674 vinceret,
1732 627 1832 675 et,5

390 715 538 759 quum
564 715 730 759 passus
755 704 890 753 esset,
915 699 976 743 ad
1000 712 1195 757 superos
1219 698 1375 743 denuo
1392 698 1594 759 regredi,
1620 706 1675 744 ut
1699 698 1797 744 vim

391 775 580 821 divinae
605 774 869 836 majestatis
894 774 1174 819 ostenderet.
1248 772 1415 818 Fidem
1442 773 1604 833 itaque
1636 788 1798 819 rerum

390 869 558 899 cursus
581 852 812 912 implevit.
885 852 1014 897 Nam
1042 859 1090 896 et
1113 849 1367 897 crucifixus
1393 857 1404 875 ‘
1418 857 1676 911 praevento
1698 867 1800 897 car-

394 940 405 956 ⁸
420 930 573 976 nificis
602 928 768 975 officio’
791 929 1015 989 spiritum
1051 936 1219 988 sponte
1248 929 1446 984 dimisit,
1475 935 1523 975 et
1551 929 1628 975 die
1656 928 1799 975 tertio

393 1022 558 1053 rursus
590 1022 619 1052 a
650 1006 852 1052 mortuis
888 1011 1055 1065 sponte
1090 1005 1311 1051 surrexit.
1382 1005 1628 1065 Apparuit
1659 1005 1800 1051 disci·
1817 1012 1865 1048 ἰο

392 1085 517 1145 pulis
545 1084 644 1130 suis
669 1084 824 1144 qualis
853 1090 900 1129 et
932 1083 1106 1137 fuerat,
1131 1084 1480 1145 agnoscendum
1511 1098 1560 1128 se
1591 1083 1800 1129 videnti-

394 1164 483 1208 bus
507 1161 728 1222 praebuit
752 1161 896 1207 simul
914 1160 1127 1222 junctis3
1165 1167 1214 1206 et
1232 1160 1526 1206 substantiae
1543 1160 1801 1220 corporalis

393 1240 621 1286 firmitate
652 1238 950 1299 conspicuus,
974 1239 1035 1284 ad
1065 1238 1165 1284 dies
1193 1238 1514 1300 quadraginta
1536 1246 1802 1285 remoratus

394 1326 480 1372 est,
505 1323 561 1363 ut
585 1318 642 1362 de
666 1332 721 1362 eo
745 1317 806 1362 ad
840 1322 1094 1376 praecepta
1116 1315 1284 1361 vitalia
1307 1315 1484 1362 instrui
1518 1321 1729 1376 possent,
1753 1322 1803 1362 et

395 1396 630 1442 discerent
654 1409 776 1455 quae
801 1394 1036 1439 docerent.
1074 1393 1207 1439 Tunc
1231 1392 1282 1438 in
1306 1394 1488 1439 coelum
1513 1393 1803 1440 circumfusa
1820 1406 1868 1447 15

395 1473 522 1519 nube
557 1473 774 1526 sublatus
809 1477 892 1524 est,
922 1476 976 1515 ut
1006 1470 1247 1516 hominem
1279 1486 1420 1530 quem
1451 1470 1632 1525 dilexit,
1659 1487 1803 1531 quem

395 1550 568 1603 induit,
592 1564 734 1609 quem
758 1564 787 1594 a
810 1555 962 1594 morte
985 1547 1210 1608 protexit,
1234 1549 1295 1593 ad
1321 1549 1514 1594 Patrem
1539 1549 1692 1595 victor
1707 1549 1799 1595 im-

395 1636 591 1689 poneret
619 1629 721 1689 jam
748 1634 979 1673 venturus
1008 1642 1033 1672 e
1060 1627 1190 1672 coelo
1215 1627 1276 1671 ad
1310 1642 1512 1687 poenam
1541 1627 1720 1674 diaboli
1747 1634 1796 1674 et

397 1708 459 1753 ad
482 1720 731 1753 censuram
754 1704 942 1766 generis
961 1704 1162 1749 humani
1180 1703 1350 1750 ultoris
1369 1702 1519 1765 [fors.
1540 1704 1591 1750 in
1609 1703 1805 1766 ultoris]

401 1784 566 1846 vigore
589 1789 637 1829 et
654 1781 831 1843 judicis
854 1787 1118 1841 potestate3
1156 1796 1241 1841 per
1257 1782 1420 1828 orbem
1437 1797 1550 1828 vero
1567 1782 1804 1842 discipuli,
1822 1800 1872 1826 20

400 1861 632 1924 magistro
667 1868 715 1906 et
749 1858 902 1922 [fors.
928 1866 976 1905 et
1010 1857 1210 1920 dolend]
1237 1859 1342 1905 Deo
1376 1866 1612 1915 monente,
1644 1859 1808 1907 diffusi

400 1945 652 1999 praecepta
685 1938 736 1983 in
771 1938 973 1983 salutem
1008 1938 1191 1991 darent,
1224 1937 1285 1983 ab
1313 1952 1470 1983 errore
1504 1938 1808 1984 tenebrarum

401 2018 460 2062 ad
479 2016 607 2062 viam
627 2014 747 2061 lucis
772 2016 1076 2068 adducerent,
1092 2030 1253 2060 caecos
1272 2020 1319 2060 et
1342 2014 1535 2076 ignaros
1554 2016 1613 2061 ad
1633 2015 1811 2078 agniti-

402 2110 539 2140 onem
560 2092 778 2139 veritatis
793 2094 1048 2139 ocularent.
1107 2091 1183 2137 Ac
1201 2108 1261 2138 ne
1279 2100 1402 2138 esset
1416 2093 1633 2152 probatio
1651 2093 1810 2140 minus

402 2171 556 2218 solida
578 2177 626 2216 et
648 2171 707 2216 de
731 2169 927 2216 Christo
949 2169 1152 2216 delicata
1175 2170 1421 2223 confessio,
1451 2185 1536 2230 per
1558 2177 1808 2226 tormenta,
1826 2185 1876 2225 25

404 2265 490 2310 per
522 2263 700 2303 cruces,
738 2263 822 2307 per
862 2249 1014 2293 multa
1046 2263 1305 2307 poenarum
1342 2263 1518 2309 genera
1549 2254 1811 2298 tentantur.

407 2327 568 2380 Dolor,
593 2324 678 2385 qui
701 2324 917 2371 veritatis
942 2325 1076 2371 testis
1100 2332 1185 2379 est,
1209 2326 1490 2372 admovetur
1512 2332 1567 2372 ut
1591 2326 1813 2374 Christus

408 2403 501 2451 Dei
535 2402 704 2455 Filius,
728 2401 813 2462 qui
844 2401 1119 2448 hominibus
1147 2403 1207 2448 ad
1242 2402 1387 2449 vitam
1419 2404 1560 2449 datus
1587 2404 1814 2462 creditur,

409 2496 504 2528 non
524 2486 712 2526 tantum
739 2479 989 2539 praeconio
1011 2479 1154 2534 vocis,
1178 2480 1257 2525 sed
1278 2486 1325 2525 et
1349 2480 1582 2540 passionis
1602 2481 1815 2529 testimo-

411 2558 492 2605 nio
516 2557 884 2618 praedicaretur.
927 2557 973 2603 H
982 2572 1069 2604 unc
1094 2557 1245 2619 igitur
1267 2558 1567 2614 comitamur,
1594 2559 1719 2606 hunc
1743 2576 1814 2606 se·
1828 2575 1880 2614 30

410 2636 617 2697 quitum,
647 2635 774 2681 hunc
804 2635 1032 2682 habemus
1062 2635 1247 2682 itineris
1278 2637 1462 2691 ducem,
1490 2637 1609 2683 lucis
1640 2637 1816 2698 princi-

411 2729 530 2773 pem,
547 2712 715 2759 salutis
731 2721 988 2768 auctorem,
1004 2714 1186 2759 coelum
1202 2712 1383 2773 pariter
1397 2720 1444 2759 et
1465 2714 1656 2760 Patrem
1673 2730 1816 2775 quae-

411 2791 625 2837 rentibus
644 2797 691 2836 et
708 2789 1010 2837 credentibus
1030 2790 1342 2850 pollicentem.
1403 2791 1540 2844 Quod
1561 2797 1633 2837 est
1651 2790 1816 2839 Chris-

411 2872 489 2912 tus
512 2865 690 2912 erimus
714 2864 992 2920 Christiani,
1017 2864 1057 2910 si
1083 2864 1329 2911 Christum
1357 2864 1588 2912 fuerimus
1611 2866 1776 2914 secuti.
