2034 3204
880 985 948 1024 IN

232 1119 592 1176 CONCILII
650 1122 1598 1181 CONSTANTINOPOLITANI

428 1275 789 1324 CANONES
827 1278 926 1325 ΕΤ
964 1279 1388 1327 SYMBOLUM

517 1424 1311 1493 ANNOTATIONES.

744 1718 1080 1762 EPISTOLA.

269 1798 315 1840 P.
333 1797 430 1855 387.
452 1797 481 1840 l.
502 1811 566 1840 10.
587 1796 658 1840 τὸν
682 1797 983 1850 εὖλαβέστατον
1010 1796 1188 1839 Βασιλέα
1209 1798 1451 1854 Θεοδόσιον]
1480 1799 1615 1854 Impe-

208 1860 392 1897 ratorem
433 1856 663 1897 Romanum
706 1854 884 1897 Βασιλέα
924 1855 1108 1897 Graecos
1142 1854 1307 1911 quidem
1343 1856 1614 1912 appellavisse

209 1918 363 1955 norunt
390 1927 554 1963 omnes;
585 1912 660 1955 sed
686 1913 729 1954 in
760 1912 946 1969 Epistola
971 1912 1027 1955 ad
1052 1912 1302 1954 Frontonem
1330 1912 1418 1969 ipse
1445 1914 1614 1956 Mai-cus

212 1970 366 2013 Caesar
382 1970 510 2036 Regis
525 1985 569 2012 se
584 1970 710 2012 filium
729 1969 880 2012 Latine
896 1970 1006 2013 dicit.
1045 1970 1152 2012 Vide
1166 1970 1386 2014 Frontonis
1401 1971 1614 2028 Reliquias

148 2041 196 2067 10
209 2042 235 2071 a
256 2027 467 2070 Cardinah
487 2027 600 2070 Maio
619 2028 797 2085 primum
818 2027 950 2071 editas
971 2027 1208 2078 Mediolani,
1261 2061 1270 2070 .
1284 2042 1354 2084 33.

267 2085 314 2128 P.
329 2087 428 2142 389.
449 2085 475 2127 l.
492 2098 530 2130 2.
553 2086 688 2141 εὐχαῖς
707 2089 784 2128 τῶν
804 2085 945 2142 ἁγίων]
968 2086 1051 2128 Pro
1067 2100 1116 2128 eo
1136 2100 1218 2142 quo
1268 2092 1342 2135 est,
1352 2101 1436 2142 per
1448 2101 1610 2142 preces,

209 2142 256 2185 δι’
274 2143 414 2198 εὐχῶν.

759 2245 983 2288 CANON
1018 2245 1052 2287 Ι.

266 2313 315 2355 Ρ.
331 2325 429 2369 390.
451 2312 477 2355 l.
494 2314 534 2355 6.
567 2311 634 2355 εἴτ’
652 2313 723 2356 οὖν
744 2313 1012 2369 Εὗδοξιανῶν]
1049 2313 1262 2356 Eudoxius
1282 2313 1416 2370 primo
1438 2313 1611 2356 Germa-

147 2386 193 2426 15
208 2369 351 2420 niciae,
372 2376 516 2427 postea
546 2370 803 2421 Antiochiae,
831 2378 873 2414 et
902 2371 1045 2414 ultimo
1073 2371 1484 2428 Constantinopoleos
1512 2371 1610 2428 Epi-

207 2442 352 2484 scopus
373 2428 586 2471 ordinatus
605 2433 680 2470 est.
699 2429 812 2472 socr.
835 2429 943 2472 Hist.
966 2429 1076 2471 Eccl.
1098 2443 1140 2477 11,
1157 2442 1227 2485 37,
1248 2441 1303 2480 42
1322 2444 1332 2478 ;
1355 2427 1606 2471 Theodoret.

207 2486 379 2528 Haeret.
412 2486 515 2528 Fab.
539 2499 595 2537 IV,
626 2500 661 2527 c.
681 2499 730 2536 2;
762 2486 921 2529 sozom.
954 2487 1063 2530 Hist.
1095 2486 1204 2528 Eccl.
1236 2486 1263 2528 l.
1282 2500 1342 2535 111,
1373 2500 1408 2528 e.
1425 2497 1465 2542 5.
1527 2486 1608 2528 Hic

206 2543 351 2585 eadem
389 2543 553 2586 omnino
589 2543 726 2586 omnia
755 2558 861 2600 quae
893 2544 1117 2587 Eunomius
1147 2543 1296 2593 docuit,
1328 2548 1374 2585 ut
1408 2548 1525 2600 pat-et
1555 2558 1608 2586 ex

206 2601 457 2643 Theodoret.
492 2601 664 2642 Haeret.
690 2601 789 2644 Fab.
817 2601 886 2644 lib.
904 2615 959 2653 IV,
988 2617 1076 2659 cap.
1099 2615 1152 2658 3;
1184 2615 1231 2643 ae
1258 2600 1433 2657 proinde
1461 2601 1538 2643 hoc
1564 2601 1609 2643 in

142 2658 294 2701 201000
314 2658 416 2700 haec
443 2658 538 2707 duo,
559 2663 756 2714 tanquam
783 2673 1028 2716 synonyma,
1050 2659 1275 2702 eorundem
1303 2658 1606 2701 haereticorum

205 2715 372 2758 nomina
390 2720 666 2772 usurpantur:
702 2716 955 2769 Εὖνομιανῶν
977 2716 1046 2759 εἶτ’
1066 2718 1136 2759 οὖν
1158 2715 1422 2768 Εὐδοξιανῶν.
1472 2716 1607 2759 Theo-

205 2774 375 2816 doretus
413 2779 552 2816 autem
586 2773 763 2815 Arianos
802 2774 926 2816 etiam
963 2774 1228 2816 Eudoxianos
1266 2773 1393 2830 ipsius
1429 2774 1606 2816 Eudoxii

205 2831 460 2888 temporibus
489 2830 664 2873 audiisse
694 2831 891 2874 tradidit:
922 2833 976 2874 Οἱ
1006 2834 1049 2874 δὲ
1072 2831 1250 2886 Ἀριανοὶ
1281 2831 1344 2873 καὶ
1377 2831 1607 2884 Εὖδοξιανοὶ

204 2888 600 2943 προσωνομάσθησαν
620 2890 716 2930 κατὰ
736 2889 806 2931 τὸν
822 2890 1008 2940 Εὐὸοξίου
1031 2893 1175 2943 καιρόν.
1237 2887 1486 2931 Theodoret.
1507 2889 1605 2931 ibid.

264 2960 357 2989 voi„
374 2960 402 2987 1.
924 2960 948 2987 E
971 2961 994 2987 e
