2034 3204
213 655 316 686 Matt.
336 665 389 686 xv.

217 709 228 729 ι
235 711 265 737 4.

218 1977 330 2008 cAP.
344 1976 424 2007 XV.

433 232 518 271 134
922 229 1374 272 TERTULLIANI

432 347 571 392 runt3
606 347 653 385 et
685 340 791 384 ideo
819 341 1150 398 quodcumque
1174 339 1398 384 videntur
1432 338 1623 383 interim
1659 343 1831 386 tenere,

431 419 777 464 dubitationem
825 433 961 463 suam
999 418 1256 462 ostendunt
1302 416 1534 476 quamdiu
1581 420 1830 474 quaerunt.

433 496 602 555 Itaque
620 503 688 545 tu,
707 495 791 554 qui
817 494 1010 554 perinde
1028 494 1234 554 quaeris,
1258 500 1475 553 spectans
1499 494 1559 538 ad
1578 507 1656 538 eos
1680 490 1763 551 qui
1787 496 1835 535 et

431 573 522 632 ipsi
547 579 798 633 quaerunt,
822 571 996 617 dubius
1032 587 1061 616 a
1091 571 1266 626 dubiis,
1291 571 1499 616 incertus
1532 571 1593 615 ab
1627 569 1834 619 incertis,

431 667 597 697 caecus
621 666 650 696 a
672 649 838 703 caecis,
863 649 914 694 in
937 648 1124 694 foveam
1142 647 1389 694 deducaris
1409 662 1596 693 necesse
1614 656 1698 692 est.
1740 645 1833 692 Sed
1849 656 1872 694 5

432 745 581 788 quum
606 719 873 787 decipiendi
908 726 1066 787 gratia
1088 726 1408 784 praetendunt
1436 740 1485 770 se
1514 725 1669 770 adhuc
1692 739 1836 783 quae-

432 822 549 855 rere,
575 812 630 850 ut
653 804 788 850 nobis
812 819 897 862 per
920 803 1252 848 sollicitudinis
1276 802 1580 863 injectionem
1604 808 1836 846 tractatus

433 898 543 928 suos
577 881 834 932 insinuent,
859 880 1064 939 denique
1088 880 1171 926 ubi
1207 880 1413 925 adierint
1436 881 1497 925 ad
1528 895 1628 929 nos,
1657 878 1836 931 statim,

433 974 555 1018 quae
586 958 808 1004 dicebant
836 958 1107 1016 quaerenda
1144 973 1260 1012 esse,
1285 957 1564 1008 defendunt,
1593 957 1697 1017 jam
1732 955 1838 1001 illos

435 1037 501 1082 sic
525 1037 751 1082 debemus
780 1035 1003 1088 refutare,
1030 1041 1089 1079 ut·
1106 1034 1260 1080 sciant
1283 1050 1368 1080 nos
1403 1050 1498 1080 non
1522 1033 1731 1087 Christo,
1756 1034 1838 1079 sed
1856 1054 1904 1078 10

435 1114 525 1160 sibi
559 1120 807 1176 negatores
843 1128 957 1159 esse.
1028 1111 1190 1165 Quum
1227 1111 1355 1157 enim
1393 1116 1631 1170 quaerunt
1668 1111 1838 1162 adhuc,

435 1193 647 1238 nondum
671 1198 863 1246 tenent;
898 1205 1048 1250 quum
1084 1196 1245 1235 autem
1286 1204 1381 1234 non
1417 1195 1594 1241 tenent,
1627 1189 1838 1234 nondum

438 1270 768 1325 crediderunt;
804 1284 953 1329 quum
977 1274 1138 1313 autem
1162 1268 1374 1313 nondum
1402 1266 1720 1318 crediderunt,
1746 1281 1840 1311 non

439 1355 552 1395 sunt
589 1347 866 1394 Christiani.
927 1348 994 1391 At
1033 1361 1182 1404 quum
1223 1350 1387 1390 tenent
1421 1344 1615 1404 quidem
1656 1350 1704 1389 et
1743 1359 1841 1389 cre-

438 1428 573 1478 dunt,
591 1426 916 1485 quaerendum
941 1431 1100 1469 tamen
1124 1422 1290 1468 dicunt
1313 1428 1369 1467 ut
1390 1421 1672 1467 defendant:
1710 1428 1841 1467 ante·
1859 1441 1906 1479 15

438 1519 583 1563 quam
621 1503 894 1556 defendant,
932 1507 1110 1563 negant
1147 1501 1273 1560 quod
1314 1500 1528 1554 credunt,
1564 1498 1841 1546 confitentes

440 1598 488 1627 se
514 1582 725 1627 nondum
749 1579 1019 1633 credidisse,
1044 1580 1158 1624 dum
1183 1583 1434 1637 quaerunt.
1499 1576 1595 1629 Qui
1620 1592 1734 1639 ergo
1757 1593 1842 1623 nec

439 1659 530 1704 sibi
567 1665 680 1704 sunt
704 1655 984 1708 Christiani,
1015 1661 1196 1714 quanto
1231 1653 1384 1715 magis
1419 1653 1591 1699 nobis?
1629 1653 1725 1706 Qui
1760 1669 1845 1713 per

439 1736 677 1782 fallaciam
725 1734 935 1787 veniunt,
982 1734 1172 1791 qualem
1219 1730 1360 1777 fidem
1406 1730 1691 1790 disputant?
1752 1731 1843 1778 Cui

441 1814 632 1859 veritati
670 1812 1044 1873 patrocinantur,
1083 1810 1166 1869 qui
1206 1824 1310 1855 eam
1355 1824 1383 1854 a
1420 1809 1664 1855 mendacio
1705 1810 1842 1855 indu-
1859 1825 1909 1850 20

440 1893 591 1939 cunt?

509 1971 600 2016 Sed
626 1969 716 2029 ipsi
741 1970 799 2014 de
824 1967 1083 2027 Scripturis
1107 1972 1270 2027 agunt,
1296 1972 1340 2010 et
1367 1966 1426 2010 de
1450 1965 1709 2025 Scripturis
1738 1982 1846 2012 sua-

441 2049 568 2093 dent.
640 2046 853 2092 Aliunde
877 2044 1055 2091 scilicet
1087 2043 1217 2103 loqui
1253 2049 1444 2102 possent
1471 2044 1529 2088 de
1553 2044 1694 2089 rebus
1717 2043 1844 2100 fidei,

444 2126 534 2171 nisi
576 2141 634 2170 ex
683 2124 855 2170 litteris
897 2122 1006 2169 fidei
1023 2123 1044 2168 '3
1099 2121 1333 2167 Venimus
1374 2120 1526 2183 igitur
1571 2122 1630 2167 ad
1678 2136 1847 2182 propo-

443 2204 618 2259 situm3
661 2203 752 2248 huc
799 2201 926 2247 enim
973 2200 1311 2262 dirigebamus,
1353 2205 1401 2244 et
1447 2199 1534 2245 hoc
1582 2206 1846 2258 praestrue·
1861 2216 1910 2255 25

444 2282 611 2327 bamus
647 2278 961 2326 adlocutionis
1000 2277 1306 2337 praefatione,
1338 2283 1391 2322 ut
1419 2278 1522 2337 jam
1560 2276 1671 2323 hinc
1702 2278 1761 2322 de
1790 2292 1846 2322 eo

442 2358 821 2419 congrediamur,
839 2358 898 2402 de
921 2371 1017 2415 quo
1041 2354 1299 2400 adversarii
1325 2361 1594 2413 provocant.
1635 2354 1846 2414 Scriptu-

444 2453 520 2482 ras
555 2436 836 2489 obtendunt,
860 2442 908 2480 et
944 2434 1032 2479 hac
1064 2448 1151 2478 sua
1183 2431 1382 2478 audacia
1415 2431 1577 2477 statim
1614 2433 1845 2491 quosdam

444 2521 665 2563 movent:
704 2513 750 2558 in
787 2512 889 2572 ipso
915 2527 1025 2556 vero
1047 2525 1303 2571 congressu
1336 2508 1496 2555 firmos
1520 2509 1712 2568 quidem
1738 2510 1847 2555 fati-

443 2597 575 2651 gant,
601 2589 813 2635 infirmos
845 2587 1058 2648 capiunt,
1084 2586 1262 2632 medios
1297 2601 1404 2631 cum
1441 2587 1663 2645 scrupulo
1686 2584 1848 2631 dimit·
1861 2609 1912 2644 30

446 2676 569 2714 tunt.
646 2667 786 2712 llunc
812 2665 961 2727 igitur
986 2664 1284 2724 potissimum
1314 2665 1516 2725 gradum
1542 2662 1846 2714 obstruimus,

448 2761 538 2791 non
564 2744 884 2790 admittendos
911 2759 990 2788 eos
1023 2743 1081 2788 ad
1116 2743 1262 2787 ullam
1296 2742 1354 2787 de
1391 2739 1650 2800 Scripturis
1684 2739 1847 2799 dispu-

447 2822 687 2867 tationem,
760 2820 807 2865 Si
850 2821 937 2866 hae
977 2826 1088 2865 sunt
1130 2819 1237 2865 illae
1281 2819 1402 2864 vires
1443 2833 1621 2869 corum,
1658 2817 1727 2863 uti
1767 2832 1847 2863 eas
