2034 3204
411 263 470 305 IN
506 263 548 306 S.
572 263 736 306 CYPR.
767 263 847 305 DE
879 262 1120 306 IDOLOR.
1153 262 1464 306 VANITATE.
1554 265 1641 308 337

240 369 364 412 lieris
383 370 573 426 obsequii
591 372 631 413 et
640 370 750 425 fidei
756 370 966 426 fortioris
991 368 1034 411 in
1061 375 1222 412 textum
1252 370 1402 427 recepi.
1466 370 1515 412 In
1539 371 1640 414 Cod.

239 441 336 468 vero
358 427 466 469 Novi
487 427 589 470 Coll.
611 427 720 470 dicto
745 441 779 477 1,
801 434 844 470 et
863 427 906 469 in
926 427 1016 469 cod.
1039 427 1250 470 Druriano
1271 428 1485 471 vetustiori
1508 428 1642 484 posita

237 490 334 526 sunt
353 490 514 527 tantum
535 485 663 528 verba
683 486 814 528 multo
825 486 1055 541 fideliores,
1077 485 1234 528 omissis
1254 485 1346 535 illis,
1362 487 1552 528 melioris
1571 487 1641 528 ob-

237 543 376 597 sequii
395 550 435 585 et
451 544 561 597 fidei
567 544 788 598 fortioris,
811 543 921 599 quod
942 548 985 585 et
1004 542 1158 585 factum
1179 549 1242 586 est
1269 543 1311 585 in
1332 543 1510 586 editione
1533 543 1641 586 Gro-

200 598 358 648 5novii.
426 601 624 642 Melioris
650 601 840 657 obsequii
869 609 907 643 ot
923 601 1034 656 fidei
1047 602 1258 656 fortioris
1287 601 1379 644 MS.
1403 600 1640 643 Drurianus

236 656 456 705 recentior,
479 657 627 700 omissa
647 673 745 700 voce
764 659 908 700 multo.
971 658 1075 701 Cum
1100 658 1274 701 lectione
1296 658 1522 701 Baluziana
1545 673 1641 701 con-

236 713 361 756 sent-it
382 714 474 757 MS.
496 729 610 757 meus
631 715 725 757 olim
748 715 1020 758 Meermanni.

294 771 341 813 P.
373 781 470 828 275.
506 772 531 814 l.
564 785 604 814 2.
646 772 898 816 illuminator
938 779 980 815 et
1016 773 1216 815 deductor
1250 772 1418 815 humani
1454 773 1635 831 generis]

236 828 375 886 Vulgo
405 830 553 872 doctor
568 845 583 879 ;
614 830 687 872 sed
716 832 922 873 deductor
950 837 1199 887 receperunt
1230 831 1326 872 olim
1360 831 1561 873 Cellarius
1596 838 1640 874 et

175 899 222 925 10
238 885 481 936 Gronovius,
503 887 790 944 recentiusque
819 888 1066 937 Lindnerus,
1088 888 1184 930 dum
1213 889 1284 930 diu
1311 894 1408 931 ante
1430 889 1639 946 Rigaltius

235 944 313 986 hoc
342 950 642 988 annotaverat:
687 952 696 969 ‘
718 948 923 988 deductor
952 947 1134 988 humani
1160 948 1356 1002 qenais.-
1398 946 1454 988 sic
1485 946 1638 1004 legitur

235 1006 247 1026 ‘
269 1001 559 1058 antiquissimis
588 1003 787 1060 Cypriani
815 1010 857 1045 et
884 1003 1129 1046 Tertulliani
1157 1003 1492 1060 exemplaribus.'
1554 1005 1639 1046 Ex-

234 1064 318 1101 stat
344 1074 469 1116 porro
496 1061 702 1103 deductor
727 1061 770 1102 in
792 1061 923 1104 Codd.
945 1061 1104 1103 duobus
1124 1061 1231 1103 Novi
1254 1061 1440 1119 Collegii,
1464 1062 1639 1104 Druria-

234 1131 369 1173 noque
391 1117 601 1160 vetustiori
630 1133 678 1160 ac
700 1119 972 1162 Tewaterano
999 1118 1113 1161 meis.
1173 1119 1266 1161 Vox
1289 1119 1532 1162 Tertulliani
1561 1126 1636 1170 est,

174 1184 324 1224 15crm
353 1174 451 1217 alibi
477 1182 644 1218 exstans
676 1182 763 1218 tum
791 1176 913 1219 etiam
947 1177 988 1218 in
1020 1177 1108 1233 ipso
1139 1177 1216 1219 hoc
1248 1176 1505 1234 Apologetici
1535 1177 1637 1227 loco,

234 1246 355 1288 quem
386 1232 466 1274 huc
496 1234 707 1276 transtulit
729 1234 976 1291 Cyprianus.
1044 1235 1127 1276 Pro
1157 1234 1314 1283 eadem,
1342 1243 1480 1277 rector
1510 1235 1638 1278 habet

234 1290 326 1332 MS.
349 1290 582 1332 Drurianus
603 1291 820 1341 recentior,
842 1293 990 1334 doctor
1011 1293 1372 1334 Meermannanus.

292 1347 398 1390 Ibid.
429 1347 455 1390 l.
482 1362 523 1402 4.
556 1348 636 1390 Hic
671 1354 734 1391 est
767 1349 900 1392 virtus
935 1350 1028 1399 Dei,
1064 1349 1157 1404 &c.]
1199 1350 1492 1400 Tertullianus,
1524 1350 1638 1406 Apo-

232 1404 358 1460 loget.
381 1420 469 1462 cap.
486 1418 553 1462 23,
576 1413 586 1430 ⁴
611 1407 688 1448 Dei
717 1407 860 1455 virtus,
882 1413 926 1450 et
955 1407 1034 1450 Dei
1061 1407 1242 1464 spiritus,
1265 1414 1307 1450 et
1334 1422 1482 1456 sermo,
1504 1413 1547 1450 et
1573 1422 1637 1450 sa-

170 1477 220 1504 20
235 1470 244 1486 ‘
266 1462 433 1519 pientia,
455 1468 497 1505 et
517 1463 636 1513 ratio,
657 1470 700 1507 et
721 1464 801 1506 Dei
822 1464 977 1506 Filius:
1039 1465 1192 1506 Confer
1212 1471 1255 1506 et
1275 1464 1433 1506 initium
1455 1465 1526 1507 lib.
1548 1465 1636 1522 ejus

232 1520 284 1562 de
310 1520 522 1570 Oratione,
543 1536 671 1578 supra
700 1537 797 1580 pag.
822 1536 912 1565 101.
975 1522 1041 1564 Ita
1071 1528 1114 1564 et
1142 1522 1183 1563 in
1212 1522 1477 1579 sequentibus
1506 1524 1637 1565 multa

230 1577 311 1620 huc
340 1578 544 1621 translata
573 1585 669 1622 suut
698 1593 750 1623 ex
780 1594 870 1636 cap.
891 1592 945 1622 20
975 1579 1104 1636 ejusd.
1136 1580 1408 1636 Apologetici,
1440 1581 1637 1636 quemad-

231 1635 396 1678 modum
428 1635 471 1678 in
500 1636 780 1703 superioribus
810 1637 988 1694 plurima
1010 1637 1099 1694 jam
1129 1644 1227 1680 ante
1257 1639 1460 1681 debuerat
1488 1645 1636 1681 auctor

231 1692 412 1736 Minucio
435 1694 572 1736 Felici.

168 1757 219 1796 25
290 1750 394 1793 Ibid.
417 1751 443 1793 l.
459 1763 501 1808 5.
529 1751 571 1794 in
603 1751 803 1809 virginem
836 1752 1062 1809 delabitur]
1093 1752 1295 1804 Quoniam
1328 1753 1419 1802 hoc,
1440 1767 1517 1810 pro
1548 1752 1636 1794 vul-

231 1812 330 1865 gato
351 1809 565 1860 illabitur,
587 1815 673 1852 tres
693 1809 892 1852 exhibent
914 1810 1084 1852 Codices
1111 1810 1154 1852 in
1174 1810 1271 1852 edit.
1296 1810 1430 1852 Oxou.
1451 1809 1634 1860 adducti,

231 1870 274 1907 et
302 1871 389 1908 tres
418 1865 476 1907 illi
506 1867 618 1923 apud
647 1867 810 1909 Novum
844 1867 1087 1924 Collegium,
1118 1867 1281 1924 meique
1311 1867 1452 1909 itidem
1486 1868 1635 1909 Manu-

231 1922 386 1979 scripti,
407 1923 515 1965 idem
536 1938 614 1982 ego
634 1924 826 1981 praetuli,
847 1925 958 1981 quod
978 1930 1021 1967 et
1040 1924 1137 1967 fecit
1159 1924 1392 1966 Lindnerus
1410 1925 1635 1968 Cellarium

231 1986 407 2022 secutus.
471 1981 654 2024 Verbum
674 1988 860 2039 praestat
880 1982 1170 2024 Tertullianus.

166 2047 219 2083 30
289 2037 394 2080 Ibid.
416 2053 581 2081 carnem
611 2039 791 2096 Spiritus
817 2041 993 2083 Sanctus
1016 2039 1217 2096 induitur]
1279 2039 1433 2082 Confer
1462 2039 1582 2083 Rom.
1606 2040 1632 2083 i.

230 2107 271 2150 3,
292 2108 333 2147 4,
354 2095 424 2138 ubi
445 2096 551 2139 duae
572 2102 746 2139 naturae
769 2097 923 2140 Christi
943 2097 1000 2139 sic
1021 2097 1251 2155 signantur.

290 2152 393 2195 Ibid.
431 2153 455 2196 l.
480 2167 543 2196 10.
576 2154 771 2198 Sciebant
800 2161 842 2197 et
871 2154 1043 2211 sudaei]
1079 2155 1166 2197 lsta
1195 2160 1238 2197 et
1267 2169 1373 2211 quae
1404 2161 1634 2211 sequuntur

229 2209 360 2252 ferme
389 2217 525 2253 sumta
554 2218 649 2254 sunt
678 2212 815 2255 omnia
844 2227 895 2255 ex
926 2212 1061 2270 capite
1093 2224 1140 2254 21
1178 2211 1435 2270 Apologetici
1466 2213 1633 2256 Tertul-

230 2267 340 2310 liani.
400 2269 607 2312 BALUZ.

165 2334 215 2373 35
288 2325 392 2368 Ibid.
435 2326 462 2368 l.
492 2338 555 2369 12.
596 2327 854 2370 monentibus
893 2326 1233 2382 adnuntiabatur]
1280 2327 1402 2369 Hanc
1442 2326 1633 2371 editionis

229 2382 424 2439 principis
458 2383 686 2434 lectionem,
721 2399 845 2442 quam
884 2385 1052 2427 firmant
1083 2390 1240 2442 septem
1275 2385 1421 2427 saltem
1460 2385 1632 2428 Codices

228 2440 509 2498 manuscripti,
530 2456 606 2498 pro
626 2457 724 2485 voce
745 2444 1070 2486 admonentibus
1090 2442 1267 2499 reposui.

287 2497 392 2540 Ibid.
414 2498 440 2540 l.
462 2512 528 2555 13.
550 2514 632 2542 uno
662 2499 733 2556 qui
764 2500 961 2543 exercitio
991 2506 1033 2544 et
1063 2500 1251 2556 exemplo
1282 2499 1458 2541 hominis
1484 2500 1632 2558 funge-

226 2556 378 2612 retur.]
446 2556 568 2607 Quod
588 2557 799 2600 obscurius
819 2557 885 2600 hic
901 2557 1063 2614 scripsit
1082 2563 1226 2600 auctor
1246 2557 1288 2599 in
1309 2557 1496 2599 omnibus
1516 2557 1632 2600 libris

162 2625 215 2660 40
228 2618 377 2654 exstat.

286 2669 395 2712 Ibid.
428 2669 457 2712 l.
481 2683 549 2727 29.
581 2671 871 2715 existimabant
904 2687 1071 2730 magum
1107 2672 1159 2714 de
1193 2671 1358 2714 licentia
1387 2671 1623 2729 potestatis]

227 2726 411 2769 Positum
439 2734 502 2771 est
532 2729 708 2772 licentia
730 2731 960 2786 potestatis
989 2744 1066 2786 pro
1096 2744 1145 2772 eo
1172 2730 1284 2786 quod
1313 2734 1377 2771 est
1402 2729 1630 2786 amplitudo

226 2783 326 2841 ejus.
367 2785 659 2836 Tertullianus,
676 2801 764 2844 cap.
784 2801 839 2832 20
860 2787 1131 2845 Apologetici‚
1149 2794 1159 2810 ‘
1177 2787 1311 2838 Quem
1331 2786 1460 2843 igitur
1480 2787 1630 2830 solum-

227 2848 237 2865 ‘
259 2842 380 2884 modo
401 2843 607 2886 hominem
637 2851 999 2902 praesumpserant
1029 2845 1080 2887 de
1110 2844 1356 2894 humilitate,
1378 2845 1629 2902 sequebatur

283 2913 377 2942 von.
400 2914 427 2942 1.
1077 2916 1100 2944 z
