1950 3210
337 231 365 270 8
863 232 1209 275 PRAEFATIO.

336 335 446 377 dicto
487 335 738 386 Florentino,
780 337 894 379 nulla
932 337 1175 395 interposita
1214 338 1487 388 distinctione,
1520 338 1584 380 vel
1623 339 1740 381 adhi-

337 404 422 446 bito
442 404 613 447 alterius
644 405 752 447 tituli
772 405 1018 456 discrimine,
1039 407 1282 462 posteriora,
1304 408 1476 464 perinde
1506 422 1554 449 ac
1584 407 1738 464 priora,

337 473 567 530 Polycarpo
588 474 840 524 tribuuntur,
862 474 958 517 hinc
982 482 1118 518 ortum
1146 482 1222 526 est,
1243 482 1289 518 ut
1309 482 1439 519 totum
1461 476 1584 525 istud,
1606 476 1740 518 diver-

336 556 475 583 sorum
507 542 602 584 licet
631 550 861 592 auctorum,
883 543 1061 587 ediderit
1087 544 1131 586 in
1154 545 1290 587 Variis
1311 544 1448 587 Sacris
1477 545 1738 601 conjunctim,

335 624 444 651 anno
470 611 549 652 168
550 625 577 666 5
599 611 750 667 publici
767 611 874 668 juris
893 611 1024 661 factis,
1048 613 1284 669 Stephanus
1304 614 1527 670 Lemoyne,
1549 613 1666 669 quasi
1687 628 1738 655 ex
1752 626 1775 664 5
1804 635 1810 641 -

336 678 496 720 ratione
526 680 703 735 quadam
735 694 782 722 ac
813 687 927 722 certo
957 681 1137 732 consilio,
1169 688 1215 724 ut
1244 681 1332 738 ipse
1371 682 1443 734 ait,
1474 682 1582 724 idem
1612 681 1740 724 fuerit

336 746 610 802 conjunctum.
672 748 803 789 Porro
833 749 978 790 statuit
1007 748 1050 790 in
1082 750 1391 807 Prolegomenis
1425 750 1508 792 suis
1537 750 1600 791 vir
1629 749 1739 792 idem

335 814 535 864 eruditus,
556 821 690 857 totum
717 816 841 868 istud,
863 832 934 859 seu
962 823 1182 874 utramque
1203 818 1443 875 Epistolam,
1465 818 1591 861 tribui
1621 833 1739 875 posse

337 884 596 940 Polycarpo;
629 899 752 940 quam
774 885 940 941 quidem
967 887 1214 928 sententiam
1244 901 1359 929 suam
1383 887 1472 929 aliis
1491 887 1590 930 viris
1610 887 1740 930 doctis

334 952 501 994 minime
531 952 736 1008 probavit.
800 953 1035 1005 Quinimmo
1065 955 1224 997 tollitur
1254 956 1357 997 haec
1386 956 1536 1012 opinio,
1557 971 1610 998 ne
1639 956 1739 1013 quid
1757 970 1804 994 10

334 1020 445 1062 ultra
486 1034 723 1068 memorem,
759 1021 1060 1078 subscriptione
1101 1023 1263 1065 Codicis
1302 1022 1524 1074 Vaticani3
1574 1023 1618 1065 in
1657 1038 1739 1080 quo

334 1088 500 1144 quidem
545 1089 772 1145 colophone
816 1090 1047 1146 posteriora
1091 1090 1150 1132 illi
1196 1091 1420 1148 Epistolae,
1461 1106 1567 1148 quae
1605 1092 1740 1135 fertur

335 1157 568 1206 Barnabae,
583 1157 857 1200 vindicantur.
916 1159 1014 1201 Jam
1035 1174 1134 1202 vero
1154 1159 1269 1202 licuit
1288 1160 1388 1202 mihi
1411 1160 1619 1217 Opuscula
1639 1162 1741 1204 haec

334 1226 470 1267 denuo
491 1225 718 1282 proferenti
747 1226 942 1269 lectorem
970 1227 1186 1270 certiorem
1207 1228 1358 1278 facere,
1379 1243 1497 1270 usum
1517 1228 1643 1271 fuisse
1663 1229 1741 1272 hoc

335 1294 613 1351 manuscripto
644 1301 820 1345 vetusto,
851 1295 1024 1352 perinde
1061 1311 1109 1338 ac
1141 1296 1380 1340 Florentino
1419 1297 1501 1347 illo,
1533 1304 1575 1341 et
1607 1298 1739 1342 altero
1757 1313 1803 1350 15

338 1362 577 1412 Parisionsi,
612 1363 682 1420 qui
714 1370 779 1406 est
816 1364 957 1406 Codex
989 1364 1209 1413 recentior,
1242 1365 1285 1407 in
1315 1366 1740 1410 adornandaeditione

335 1447 410 1475 sua
440 1432 611 1474 Patrum
650 1432 977 1488 Apostolicorum
1009 1434 1058 1476 el.
1084 1434 1376 1484 Jacobsonum,
1408 1435 1451 1477 in
1481 1450 1564 1493 qua
1603 1442 1740 1480 exstat

338 1500 592 1557 Polycarpus
615 1500 690 1543 SS.
715 1501 918 1544 Clementi
939 1508 1065 1558 atque
1086 1502 1250 1559 Ignatio
1270 1503 1500 1560 adjunctus.
