2034 3204
507 230 589 271 DE
632 230 1210 273 PRAESCRIPTIONE
1250 232 1443 273 HAER.
1594 235 1677 277 147

274 333 455 373 tatum:
492 328 557 374 sic
595 329 721 374 enim
761 327 1016 388 Apostolos
1057 332 1175 376 solet
1222 331 1386 381 facere,
1428 333 1542 377 dare
1581 332 1675 377 illis
1691 348 1794 379 Marc.
1815 349 1880 378 xvi.

273 412 516 466 praeterea
539 407 765 453 virtutem
790 408 954 453 eadem
978 408 1117 470 signa
1140 410 1323 463 edendi,
1343 425 1466 469 quae
1490 417 1537 455 et
1561 410 1674 470 ipse.

273 483 396 530 Volo
432 484 583 546 igitur
622 492 670 532 et
710 486 913 532 virtutes
950 502 1111 532 eorum
1160 487 1376 547 proferri,
1418 488 1511 534 nisi
1548 490 1675 548 quod

271 576 474 622 agnosco
509 563 768 609 maximam
805 564 1030 610 virtutem
1067 580 1244 619 eorum,
1282 581 1378 625 qua
1421 566 1677 625 Apostolos

234 638 322 684 5in
346 654 621 699 perversum
650 643 981 696 aemulantum
1020 642 1091 688 illi
1115 642 1243 688 enim
1266 644 1325 688 de
1349 644 1552 688 mortuis
1576 660 1678 689 sus-

270 717 496 770 citabant,
521 718 604 765 isti
626 720 685 765 de
710 719 832 765 vivis
857 728 1069 766 mortuos
1093 720 1290 767 faciunt,

339 793 431 842 Sed
467 797 528 842 ab
558 812 751 843 excessu
786 804 998 844 revertar
1031 800 1090 845 ad
1124 798 1527 859 principalitatem
1558 800 1677 845 veri-
1733 812 1846 844 CAP.

272 872 376 926 tati,
417 880 465 919 et
509 874 835 934 posteritatem
882 876 1188 922 mendacitati
1234 878 1570 937 deputandam,
1618 893 1675 923 ex
1722 856 1861 888 XXXI'

271 950 400 996 illius
415 966 604 1011 quoque
621 953 874 1012 parabolae
891 954 1168 1013 patrocinio,
1184 969 1307 1014 quae
1322 955 1498 1001 bonum
1519 971 1677 1001 semen
1691 972 1792 1003 Μαι.
1812 972 1879 1003 xiii.

212 1027 501 1074 tofi-umenti
521 1045 549 1075 a
567 1029 775 1076 Domino
795 1030 1081 1077 seminatum
1106 1031 1155 1077 in
1182 1032 1390 1091 primore
1414 1033 1677 1086 constituit,
1695 1025 1809 1055 ΗΛΘ·

271 1122 531 1154 avenarum
556 1115 716 1154 autem
740 1109 915 1155 sterilis
940 1110 1066 1155 foeni
1090 1110 1379 1156 adulterium
1405 1112 1466 1156 ab
1484 1111 1679 1157 inimico

271 1184 460 1230 diabolo
479 1192 641 1244 postea
659 1187 948 1246 superducit.
991 1188 1189 1247 Proprie
1207 1188 1334 1233 enim
1353 1188 1678 1235 doctrinarum

271 1259 626 1307 distinctionem
659 1261 845 1323 figurat,
870 1262 983 1322 quia
1014 1271 1061 1308 et
1095 1263 1209 1308 alibi
1250 1263 1446 1308 verbum
1483 1263 1575 1309 Dei
1610 1280 1678 1309 se·
1692 1280 1773 1310 Luc.
1791 1280 1855 1310 viii.

272 1337 415 1383 minis
453 1335 606 1399 [fora.
646 1346 700 1384 ut
735 1337 851 1383 alibi
891 1338 1022 1384 verbi
1062 1338 1153 1384 Dei
1192 1338 1376 1400 semen]
1415 1333 1746 1386 similitudo¹¹'

211 1421 372 1469 15est;
411 1415 479 1461 ita
507 1431 565 1462 ex
594 1416 699 1475 ipso
730 1416 896 1462 ordine
927 1416 1274 1470 manifestatur,
1299 1417 1348 1462 id
1382 1432 1482 1462 esse
1514 1417 1681 1463 Domi-

271 1491 432 1538 nicum
457 1499 504 1538 et
528 1508 707 1546 verum,
731 1494 859 1553 quod
888 1493 952 1539 sit
984 1494 1119 1553 prius
1143 1495 1406 1548 traditum;
1445 1495 1493 1540 id
1517 1503 1679 1541 autem

270 1574 550 1616 extraneum
575 1576 623 1615 et
650 1569 838 1623 falsum,
862 1571 990 1630 quod
1026 1570 1089 1615 sit
1121 1570 1358 1630 posterius
1393 1570 1677 1616 immissum.

271 1644 348 1692 Ea
382 1647 618 1693 sententia
652 1648 864 1694 manebit
898 1649 1124 1694 adversus
1160 1648 1442 1708 posteriores
1465 1664 1680 1708 quasque

270 1724 516 1779 haereses;
558 1725 735 1785 quibus
781 1728 913 1771 nulla
969 1727 1237 1772 constantia
1281 1728 1340 1772 de
1391 1726 1679 1772 conscientia

207 1822 257 1847 20
269 1803 495 1862 competit
523 1804 584 1849 ad
612 1803 956 1850 defendendam
987 1804 1078 1850 sibi
1109 1804 1373 1850 veritatem.

338 1879 577 1934 Ceterum,
623 1881 664 1927 si
710 1897 833 1942 quae
878 1883 1057 1928 audent
1103 1882 1382 1928 interserere
1436 1899 1485 1928 se
1530 1883 1677 1928 aetati
1739 1901 1801 1932 CA
1813 1901 1851 1932 P.

271 1959 569 2018 apostolicae,
593 1966 650 2006 ut
679 1960 786 2006 ideo
818 1960 1070 2007 videantur
1099 1961 1161 2006 ab
1184 1961 1430 2020 Apostolis
1459 1961 1676 2014 traditae,
1714 1945 1875 1976 XXXH'

271 2036 386 2096 quia
417 2038 506 2083 sub
538 2038 784 2098 Apostolis
819 2038 1030 2092 fuerunt,
1055 2054 1308 2098 possumus
1340 2039 1510 2091 dicere,
1535 2041 1678 2085 edant

271 2129 385 2175 ergo
408 2115 616 2177 origines
636 2115 958 2162 Ecclesiarum
983 2131 1192 2169 suarum,
1217 2118 1440 2162 evolvant
1462 2117 1677 2162 ordinem

209 2191 622 2253 25Episcoporum
648 2209 858 2247 suorum,
883 2194 951 2240 ita
975 2209 1059 2253 per
1090 2195 1406 2240 successiones
1442 2195 1504 2240 ab
1540 2194 1679 2240 initio

272 2271 614 2327 decurrentem,
647 2278 703 2319 ut
739 2272 921 2333 primus
959 2272 1038 2319 ille
1071 2272 1338 2333 Episcopus
1374 2273 1583 2333 aliquem
1620 2289 1677 2318 ex

271 2346 518 2406 ApostolIS
542 2349 618 2394 vel
651 2348 922 2408 apostolicis
952 2349 1080 2401 viris,
1105 2349 1190 2409 qui
1220 2356 1380 2395 tamen
1412 2366 1521 2396 cum
1546 2351 1680 2410 Apo-

271 2425 405 2471 stolis
440 2426 824 2484 perseveraverit,
853 2427 1077 2472 habuerit
1111 2435 1351 2473 auctorem
1387 2435 1435 2473 et
1469 2435 1679 2473 anteces—

269 2517 436 2548 sorem.
490 2502 595 2549 Hoc
618 2503 746 2549 enim
770 2505 911 2550 modo
936 2504 1178 2550 Ecclesiae
1201 2505 1486 2564 apostolicae
1509 2520 1677 2551 census

205 2601 256 2636 30
269 2596 379 2626 suos
419 2581 666 2626 deferunt:
709 2581 833 2628 sicut
869 2581 1240 2643 Smyrnaeorum
1281 2583 1494 2629 Ecclesia
1534 2583 1678 2643 Poly-

269 2673 464 2718 carpum
499 2658 561 2703 ab
583 2658 614 2703 J
617 2673 769 2704 oanne
803 2660 1099 2706 conlocatum
1134 2661 1308 2715 refert3
1346 2660 1469 2706 sicut
1502 2659 1677 2706 Roma-

270 2751 454 2787 norum,
502 2735 793 2782 Clementem
852 2752 881 2781 a
940 2736 1084 2782 Petro
1141 2737 1416 2783 ordinatum
1476 2737 1673 2789 itidem;

268 2813 464 2872 perinde
489 2813 655 2872 utique
679 2820 726 2858 et
748 2819 929 2859 ceterae
947 2814 1186 2867 exhibent,
1207 2830 1326 2874 quos
1349 2816 1410 2860 ab
1428 2813 1675 2875 Apostolis

941 2904 968 2936 L
995 2895 1023 2936 2
