2034 3204
428 230 514 276 396

982 233 1283 277 CANONES

426 335 524 382 τῶν
561 328 846 396 σωζομένων
890 330 986 383 ἀπὸ
1029 334 1272 400 αἱρετικῶν
1309 331 1539 402 δεχόμεθα
1583 331 1703 385 κατὰ
1748 332 1836 399 τὴν

428 415 812 483 ὑποτεταγμένην
850 416 1139 468 ἀκολουθίαν
1176 419 1254 470 καὶ
1294 417 1564 484 συνήθειαν.

1644 418 1654 435 ’
1663 423 1832 486 Αρεια-

427 500 536 558 νοῦς
572 501 659 567 μὲν
696 501 775 552 καὶ
815 500 1200 558 Μακεδονιανοὺς
1238 505 1316 554 καὶ
1356 502 1722 566 Σαββατιανοῦς
1759 506 1852 561 καὶ

428 583 772 648 Ναυατιανοῦς,
811 582 922 639 τοῦς
965 585 1202 652 λέγοντας
1244 586 1436 644 ἑαυτοὺς
1479 587 1714 657 καθαροὺς
1758 589 1836 640 καὶ

426 672 794 741 καθαρωτέρους,
835 667 954 741 [Vid.
990 672 1154 746 notam]
1202 675 1279 726 καὶ
1322 673 1432 729 τοὺς
1469 677 1836 742 Τεσσαρεσκαι-
1849 696 1872 736 5

427 761 668 815 δεκατίτας
712 761 865 815 ε’ίτουν
903 761 1211 829 Τετραδίτας,
1254 761 1331 810 καὶ
1367 758 1833 827 Ἀπολλιναριστὰς,

426 844 656 914 δεχόμεθα
702 847 916 904 διδόντας
965 845 1244 910 λιβέλλους,
1287 846 1363 896 καὶ
1413 843 1837 911 ἀναθεματίζοντας

425 934 593 982 πᾶσαν
618 931 802 999 αἵρεσιν
839 931 905 998 μὴ
941 936 1224 1004 φρονοῦσαν
1259 932 1324 985 ὡς
1354 933 1525 1000 φρονεῖ
1547 929 1577 994 ἡ
1606 930 1720 996 ἁγία
1751 936 1836 983 τοῦ

427 1019 555 1068 Θεοῦ
579 1017 810 1084 καθολικὴ
833 1020 910 1071 καὶ
935 1014 1238 1081 ἀποστολικὴ
1257 1016 1542 1081 Ἐκκλησία·
1581 1018 1659 1068 καὶ
1673 1021 1837 1087 σφρα-

425 1099 698 1168 γιζομένους
741 1103 844 1168 ἤτοι
881 1102 1157 1173 χριομένους
1192 1105 1386 1169 πρῶτον
1422 1105 1490 1170 τῷ
1527 1101 1649 1172 ἁγίῳ
1686 1100 1835 1172 μύρῳ,
1854 1130 1902 1155 10

425 1185 480 1238 τό
520 1209 570 1239 τε
607 1187 828 1253 μέτωπον
866 1191 943 1241 καὶ
986 1187 1096 1244 τοὺς
1137 1184 1423 1256 ὀφθαλμοὺς
1461 1188 1538 1239 καὶ
1582 1185 1668 1242 τὰς
1704 1190 1838 1256 ῥῖνας

426 1274 502 1324 καὶ
533 1271 588 1325 τὸ
614 1271 777 1339 στόμα
806 1276 884 1326 καὶ
914 1273 976 1327 τὰ
999 1271 1116 1326 ὦτα·

1169 1274 1246 1324 καὶ
1273 1269 1621 1343 σφραγίζοντες
1646 1271 1833 1337 αὐτοὺς,

426 1358 648 1425 λέγομεν,
678 1367 692 1389 ‘
710 1362 932 1430 Σφραγῖς
952 1362 1129 1428 δωρεᾶς
1149 1357 1428 1423 Πνεύματος
1442 1356 1639 1423 Ἀγίου.’
1681 1359 1833 1418 Εὐνο-

424 1442 620 1507 μιανοὺς
667 1445 756 1509 μέν
798 1468 872 1497 τοι
922 1443 1032 1500 τοὺς
1082 1447 1145 1500 εἱς
1194 1443 1308 1508 μίαν
1352 1441 1614 1496 κατάδυσιν
1662 1448 1838 1505 βαπτι-

426 1526 660 1594 ζομένους,
689 1532 766 1582 καὶ
795 1528 1139 1585 Μοντανιστὰς
1171 1527 1281 1584 τοὺς
1315 1530 1517 1581 ἐνταῦθα
1551 1529 1837 1595 λεγομένους
1854 1557 1901 1595 15

427 1613 643 1682 Φρύγας,
681 1617 759 1668 καὶ
795 1612 1156 1676 Σαβελλιανοῦς
1193 1614 1303 1670 τοὺς
1340 1615 1665 1682 Υὶοπατορίαν
1703 1613 1832 1667 διδά-

426 1718 650 1765 σκοντας,
683 1703 758 1753 καὶ
798 1699 931 1769 ἑτεροῖ
968 1723 1074 1752 τινα
1111 1698 1302 1769 χαλεπὰ
1338 1705 1609 1763 ποιοῦντας,
1638 1701 1716 1751 καὶ
1751 1699 1838 1757 τὰς

425 1784 586 1842 ἄλλας
616 1784 781 1841 πάσας
817 1785 1034 1853 αἱρέσεις,
1062 1783 1218 1850 ἐπειδὴ
1251 1786 1437 1837 πολλοί
1464 1788 1585 1837 εἰσιν
1617 1786 1834 1851 ἐνταῦθα,

426 1869 647 1935 μάλιστα
673 1875 716 1923 οἱ
747 1870 843 1924 ἀπὸ
869 1873 954 1936 τῆς
980 1874 1220 1923 Γαλατῶν
1244 1869 1404 1940 χώρας
1429 1870 1688 1940 ἐρχόμενοι,
1716 1869 1838 1924 ποίν-

425 1977 512 2010 τας·
535 1953 646 2011 τοὺς
671 1955 751 2009 ἀπ’
780 1957 936 2008 αὐτῶν
962 1955 1191 2011 θέλοντας
1221 1955 1568 2024 προστίθεσθαι
1600 1957 1659 2024 τῇ
1695 1957 1833 2022 ὀρθο-
1853 1979 1902 2005 20

425 2110 626 2149 haereticis
654 2116 866 2158 servantur,
886 2111 1102 2162 recipimus,

424 2165 634 2203 secundum
672 2165 883 2216 subjectam
921 2165 982 2204 hic
1016 2179 1103 2204 con-

424 2219 662 2270 sequentiam
700 2225 739 2258 et
776 2220 1101 2258 consuetudinem.

426 2273 592 2312 Arianos
622 2273 788 2324 quidem,
818 2279 857 2312 et
886 2274 1104 2313 Macedoni—

425 2341 528 2374 anos,
558 2333 598 2366 et
628 2328 890 2374 sabbatianos,
911 2333 949 2367 et
974 2329 1103 2367 Nova-

426 2382 561 2429 tianos,
593 2382 659 2433 qui
692 2382 826 2421 dicunt
856 2382 1000 2433 scipsos
1032 2383 1102 2422 Ca-

426 2436 557 2475 tharos
582 2442 621 2475 et
642 2435 847 2482 Aris-steros,
868 2442 906 2475 et
927 2437 1102 2475 'sessura-

426 2491 611 2530 ‹lccatitas
637 2491 716 2530 sive
741 2491 969 2538 'retr-aditus,
990 2498 1028 2530 et
1048 2491 1102 2529 A·

427 2545 694 2595 ponium-istas,
725 2545 940 2596 recipimus,
969 2546 1103 2585 «lantes

426 2599 581 2650 quidem
603 2599 760 2646 libellos,
782 2606 820 2638 et
839 2613 991 2638 omnem
1018 2600 1104 2639 hac-

428 2653 540 2691 rosim
587 2653 963 2701 unstltcnmtizantcs,
1006 2668 1103 2706 quae

427 2721 500 2745 non
523 2708 640 2746 sentit
663 2714 707 2747 ut
733 2714 863 2747 minc-tu
884 2709 953 2746 Dei
975 2709 1102 2748 eutho—

429 2761 497 2798 licn
527 2768 565 2800 ot
593 2762 801 2812 apostolica
831 2762 1026 2811 Ecclesium·
1065 2770 1103 2802 ct

426 2816 607 2862 nimmtou,
646 2817 724 2854 nive
763 2822 897 2855 unctos
938 2818 1100 2867 primum

428 2877 557 2906 <stlido
598 2871 810 2911 vin-iumento.
848 2878 878 2907 vi
926 2873 1100 2912 srnnivln.

1159 2115 1199 2150 et
1236 2111 1376 2156 oculos,
1409 2115 1447 2149 et
1484 2123 1605 2158 nares,
1637 2115 1676 2150 et
1713 2124 1766 2159 OS,
1798 2116 1837 2150 et

1158 2178 1296 2213 aures5
1338 2170 1378 2204 et
1415 2178 1480 2204 eos
1517 2165 1712 2215 signantes
1745 2165 1837 2204 dici-

1159 2233 1255 2267 mus,
1275 2219 1533 2270 Siynaculum
1551 2220 1646 2258 doni
1663 2219 1838 2270 Spiritus

1159 2274 1304 2312 Sancti.
1347 2274 1470 2325 Atqui
1484 2274 1756 2322 Eunomianos‚
1770 2275 1835 2325 qui

1159 2328 1197 2366 in
1235 2341 1351 2366 unam
1390 2328 1673 2367 immersionem
1710 2329 1836 2379 bapti-

1158 2387 1305 2429 zantur,
1326 2388 1365 2421 ot
1391 2382 1658 2430 Montanistas,
1679 2383 1744 2433 qui
1775 2383 1836 2421 hic

1158 2437 1339 2475 dicuntur
1378 2437 1557 2487 Phryges,
1596 2443 1635 2476 et
1678 2437 1835 2476 Sabelli-

1157 2505 1250 2529 nnos
1275 2491 1339 2542 qui
1370 2492 1547 2530 cumdem
1576 2505 1656 2530 esse
1682 2492 1833 2530 Putrem

1160 2550 1199 2584 et
1220 2545 1361 2583 Filium
1391 2546 1607 2596 opinantur,
1628 2550 1835 2597 utrumque

1160 2600 1272 2638 simul
1294 2600 1579 2649 confundentes,
1600 2605 1638 2639 ot
1657 2600 1731 2639 alia
1750 2614 1834 2651 gra-

1159 2654 1220 2692 via
1249 2659 1287 2693 ot
1316 2654 1474 2703 indigna
1502 2654 1656 2702 faciunt,
1676 2659 1714 2693 et
1742 2654 1834 2693 alias

1159 2722 1291 2747 omncs
1329 2709 1510 2755 haereses,
1550 2709 1731 2760 quoniam
1773 2709 1834 2747 hic

1161 2763 1269 2802 multi
1291 2769 1381 2802 sunt
1402 2764 1591 2809 haeretici,
1609 2769 1646 2802 ct
1667 2763 1832 2801 maxim(-

1159 2818 1222 2868 qui
1256 2831 1300 2854 ox
1334 2818 1556 2856 (inlaturum
1590 2818 1742 2866 regione.
1772 2830 1831 2855 vo-

1161 2872 1280 2912 niunt.
1302 2873 1530 2923 qui‹·1n¹1qu‹·
1552 2886 1595 2909 vx
1626 2872 1682 2909 his
1709 2877 1832 2909 roc-tm·
