1950 3210
337 243 364 282 4
695 238 982 281 VETERUM
1015 233 1381 279 TESTIMONIA

729 353 927 400 Eusebius,
948 352 1050 390 Hist.
1073 351 1173 390 Eccl.
1195 362 1260 388 111.
1281 351 1346 398 8⁶·

399 419 475 461 Καὶ
505 421 526 459 ὁ
558 419 823 471 Πολύκαρπος
851 419 894 459 δὲ
928 417 1076 458 τούτων
1106 416 1234 457 αὐτῶν
1267 417 1546 472 [Epistularum
1577 413 1737 468 Ignatii]

337 487 531 540 μέμνηται
558 488 604 528 ἐν
629 488 677 538 τῇ
704 485 906 542 φερομένῃ
933 485 1051 526 αὐτοῦ
1078 485 1176 536 πρὸς
1196 483 1488 535 Φιλιππησίους
1509 481 1739 537 Ἐπιστολῇ·

338 554 507 609 φάσκων
528 554 660 597 αὐτοῖς
677 553 838 608 ῥήμασι,
862 555 1090 606 Παρακαλῶ
1110 552 1181 594 οὖν
1200 551 1349 595 πάντας
1368 553 1467 603 ὑμᾶς
1486 556 1552 593 duc.
1574 553 1670 607 [cap.
1685 551 1739 606 9]

640 635 644 637 “
693 644 849 682 Eusebii
868 648 979 682 vetus
998 643 1196 694 Interpres
1216 642 1387 681 Rufinus.
1756 648 1779 686 5

394 712 471 751 Sed
518 716 557 749 et
604 709 836 760 Polycarpus
875 709 1014 746 horum
1069 721 1139 759 per
1191 707 1294 755 haec,
1351 707 1555 758 Deprecor,
1606 705 1744 756 inquit,

338 766 565 805 memoriam
609 764 701 802 facit
743 763 784 800 in
828 762 1013 813 Epistola,
1070 775 1202 800 omnes
1229 775 1298 799 vos
1325 762 1392 800 dvc.

339 834 455 871 quam
491 820 540 858 ad
574 818 836 869 Philippenses
871 816 1015 863 scribit,

560 906 602 944 S.
618 905 891 955 Hieronymus,
912 904 972 942 De
991 903 1096 941 Viris
1114 903 1347 949 Illustribus,
1367 914 1447 952 cap.
1467 911 1525 950 17.

396 972 639 1022 Polycarpus‚
667 970 692 1008 J
695 969 829 1008 oannis
856 968 1036 1020 Apostoli
1068 967 1287 1018 discipulus,
1318 972 1357 1005 et
1393 967 1442 1004 ab
1479 979 1524 1004 eo
1563 965 1747 1016 Smyrnae
1764 977 1810 1002 10

341 1038 555 1089 Episcopus
584 1035 794 1082 ordinatus,
818 1034 940 1073 totius
966 1032 1082 1071 Asiae
1108 1032 1286 1084 princeps
1313 1029 1672 1081 fuit—Scripsit
1698 1029 1748 1067 ad

341 1103 606 1153 Philippenses
624 1100 735 1138 valde
759 1099 896 1138 utilem
915 1099 1142 1150 Epistolam,
1162 1111 1259 1150 quae
1283 1110 1404 1148 usque
1428 1096 1542 1135 hodie
1566 1096 1607 1134 in
1633 1095 1749 1134 Asiae

342 1173 534 1207 conventu
553 1166 706 1219 legitur.

538 1249 651 1287 Idem
670 1247 944 1298 Hieronymus,
965 1246 1088 1297 Epist.
1107 1257 1256 1284 xxvm.
1277 1245 1326 1283 ad
1346 1243 1563 1282 Lucinium.

398 1315 518 1354 Porro
537 1315 562 1352 J
565 1313 697 1365 osephi
725 1313 855 1360 libros,
875 1317 914 1351 et
942 1317 1162 1351 sanctorum
1185 1310 1324 1362 Papiae
1352 1315 1391 1348 et
1417 1308 1616 1360 Polycarpi
1644 1308 1750 1347 volu·
1767 1315 1814 1354 15

343 1381 459 1428 mina,
478 1380 595 1418 salsus
619 1379 668 1417 ad
687 1384 727 1417 te
745 1391 879 1416 rumor
903 1376 1075 1428 pertulit,
1095 1390 1118 1414 a
1135 1389 1198 1414 me
1223 1389 1304 1414 esse
1325 1374 1511 1414 translata
1530 1389 1538 1412 :
1567 1374 1658 1425 quia
1682 1386 1752 1412 nec

343 1446 413 1485 otii
442 1445 529 1494 mei,
558 1458 628 1483 nec
655 1444 797 1482 virium
825 1448 894 1490 est,
919 1448 1046 1481 tantas
1074 1455 1135 1480 res
1163 1441 1296 1480 eadem
1324 1441 1364 1478 in
1392 1440 1551 1479 alteram
1580 1439 1751 1490 linguam

343 1512 559 1563 exprimere
578 1524 666 1549 cum
684 1513 897 1548 venustate.

509 1599 620 1637 Idem
635 1597 915 1647 Hieronymus,
932 1595 1050 1633 Libro
1069 1595 1152 1633 adv.
1177 1593 1416 1642 Helvidium,
1434 1606 1514 1644 cap.
1529 1603 1588 1641 17.

401 1663 604 1715 Numquid
629 1676 707 1701 non
732 1674 889 1713 possum
914 1660 987 1699 tibi
1011 1665 1137 1699 totam
1155 1664 1330 1698 veterum
1350 1658 1591 1709 Scriptorum
1616 1657 1753 1696 seriem
1769 1668 1818 1693 20

346 1741 598 1775 commovere,
637 1726 848 1778 Ignatium‚
887 1723 1267 1770 POLYOARPUM,
1302 1723 1516 1771 Irenaeum,
1554 1722 1579 1760 J
1581 1722 1753 1761 ustinum

347 1796 573 1846 Martyrem,
587 1792 806 1843 multosque
824 1791 918 1829 alios
937 1789 1168 1841 apostolicos
1187 1794 1226 1828 et
1240 1788 1460 1839 eloquentes
1474 1787 1587 1836 viros,
1603 1787 1668 1839 qui
1688 1788 1753 1826 ad-

347 1874 479 1900 versus
505 1859 706 1906 Ebionem,
726 1862 766 1896 et
790 1856 1034 1895 Theodotum
1060 1854 1303 1906 Byzantium,
1323 1859 1362 1892 et
1382 1853 1642 1901 Valentinum,
1661 1853 1754 1892 haec

348 1925 482 1965 eadem
500 1923 718 1970 sentientes,
738 1922 851 1974 plena
869 1920 1077 1973 sapientiae
1095 1919 1291 1959 volumina
1309 1918 1615 1970 conscripserunt
1631 1919 1645 1956 'l

352 2022 557 2070 Maximus,
586 2021 625 2060 in
656 2020 818 2060 Scholiis
845 2020 894 2059 ad
923 2019 1138 2071 Epistolam
1167 2030 1243 2057 vn.
1274 2017 1629 2069 Pseudo-Dionysii,
1658 2031 1755 2070 quae
1773 2026 1820 2065 25

850 2090 908 2123 est
927 2084 975 2123 ad
995 2084 1258 2135 Polycarpum.

408 2151 460 2194 'O
481 2151 592 2205 ἅγιος
622 2151 734 2194 οὗτος
762 2150 1041 2202 Πολύκαρπος,
1063 2148 1241 2202 Σμύρνης
1266 2150 1333 2199 τῆς
1364 2149 1409 2189 ἐν
1437 2147 1557 2203 Ἀσίᾳ
1587 2148 1758 2202 γέγονεν

352 2221 607 2269 Ἐπίσκοπος,
627 2218 816 2273 ἀκροατὴς
837 2218 1051 2272 γενόμενος
1071 2220 1140 2258 τοῦ
1161 2215 1478 2270 ἅγίουῚωάννου
1497 2219 1566 2258 τοῦ
1583 2217 1757 2270 Εὐαγγε-

354 2292 509 2338 λιστοῦ,
532 2289 584 2331 ὥς
608 2293 734 2341 φησιν
757 2288 965 2340 Εἰρηναῖος
993 2286 1037 2327 ἐν
1065 2287 1117 2341 τῷ
1145 2285 1260 2341 τρίτῳ
1287 2286 1439 2340 βιβλίῳ
1466 2288 1544 2326 τῶν
1570 2286 1666 2326 κατὰ
1691 2287 1759 2336 τῆς

354 2358 616 2412 ψευδωνύμου
651 2356 847 2410 γνώσεως·
891 2355 954 2395 καὶ
988 2354 1181 2409 μαρτυρίῳ
1218 2355 1259 2395 δὲ
1291 2354 1501 2406 ἐτελειώθη
1531 2355 1595 2395 διὰ
1624 2354 1754 2406 πυρός.
1773 2370 1824 2407 3ο

351 2426 471 2481 Ἔχει
500 2427 542 2467 δὲ
570 2426 632 2467 καὶ
661 2425 876 2466 ἐπιστολὰς
900 2423 921 2464 ὁ
945 2422 1061 2466 αὐτὸς
1085 2425 1189 2466 θεῖος
1212 2422 1472 2475 Πολύκαρπος
1499 2421 1596 2474 πρὸς
1616 2425 1758 2463 Φιλιπ-

357 2495 535 2547 πησίους.
598 2497 670 2549 Op.
695 2495 867 2542 Maximi,
887 2502 981 2534 tom.
1005 2506 1030 2533 ι.
1051 2508 1086 2546 p.
1111 2507 1174 2544 93.
1194 2494 1255 2534 ed.
1277 2493 1462 2533 Corderii.

414 2584 650 2624 Sanetushie
664 2582 1031 2635 PolycamusSmyr·
1087 2579 1200 2620 minis
1225 2581 1422 2621 scientiam
1439 2595 1449 2629 3
1483 2586 1522 2620 et
1546 2594 1635 2619 vero
1661 2594 1759 2619 mar-

360 2653 429 2679 nae
459 2639 497 2678 in
528 2638 622 2677 Asia
648 2638 722 2677 suit
742 2637 965 2689 Episcopus,
993 2642 1032 2675 et
1087 2635 1189 2687 tyrio
1219 2648 1287 2687 per
1319 2636 1447 2687 ignem
1475 2640 1760 2674 consummatus

359 2693 513 2732 auditor
532 2692 683 2732 exstitit
707 2690 827 2731 sancti
846 2690 869 2730 J
874 2690 1034 2729 ohannis
1088 2695 1158 2729 est.
1220 2689 1348 2729 Habet
1366 2702 1518 2741 quoque
1537 2689 1638 2728 idem
1664 2688 1759 2727 divi·
1775 2697 1824 2736 35

365 2747 640 2797 Evangeliatao,
656 2752 700 2786 ut
718 2745 774 2785 ait
795 2745 975 2784 Irenaeus
994 2744 1032 2783 in
1089 2757 1160 2783 nus
1181 2743 1409 2795 Polycarpus
1435 2743 1582 2783 litteras
1606 2743 1654 2781 ad
1675 2742 1761 2781 Phi·

362 2802 477 2841 tertio
511 2801 608 2839 libro
640 2801 820 2839 adver-nun
853 2798 934 2838 falsi
969 2812 1034 2838 no·
1089 2798 1289 2850 lippcuses.
