2034 3204
615 255 696 296 DE
738 254 902 296 ZELO
944 253 1024 294 ET
1067 251 1327 293 LlVORE.
1588 250 1669 289 3⁶21

270 365 403 412 Mala
439 373 594 412 cetera
629 366 805 411 habent
845 364 1121 416 terminum,
1157 369 1204 408 et
1241 362 1559 422 quodcunque
1593 362 1672 406 de-

268 442 506 503 linquitur
544 443 704 489 delicti
745 441 1151 488 consummatione
1188 439 1367 485 finitur.
1440 438 1497 483 In
1537 438 1672 483 adul-

268 526 366 566 tero
389 527 540 566 cessat
563 520 748 566 facinus
771 525 1044 580 perpetrato
1067 525 1248 578 stupro,
1274 517 1325 562 in
1353 517 1536 561 latrone
1560 529 1672 560 con-

265 596 469 657 quiescit
492 599 640 643 scelus
666 596 924 643 homicidio
952 595 1175 649 admisso,
1199 600 1248 640 et
1272 592 1501 654 praedoni
1535 606 1673 651 rapa-

230 674 458 724 scitatem
493 674 664 720 statuit
698 675 874 734 praeda
908 687 1139 733 possessa,
1163 678 1212 717 et
1245 670 1441 717 falsario
1477 669 1671 715 modum

264 751 400 811 ponit
424 751 619 811 impleta
645 751 848 798 fallacia.
918 750 1059 796 Zelus
1092 748 1351 795 terminum
1387 763 1481 793 non
1514 746 1670 798 habet,

263 844 544 888 permanens
576 828 764 891 jugiter
800 830 981 874 malum
1022 835 1070 872 et
1105 827 1207 872 sine
1249 826 1342 872 fine
1387 830 1668 885 peccatum3

263 911 538 965 quantoque
574 905 653 950 ille
687 905 766 951 cui
804 905 1047 951 invidetur
1081 918 1298 950 successu
1335 902 1528 948 meliore
1566 917 1672 962 pro-

262 982 440 1037 fecerit,
465 988 600 1028 tanto
626 982 819 1028 invidus
842 982 893 1028 in
918 982 1075 1043 majus
1099 981 1372 1044 incendium
1406 980 1569 1026 livoris
1602 980 1673 1042 ig-

204 1058 406 1104 Ionibus
423 1059 693 1105 inardescit.
734 1059 863 1105 Hinc
883 1061 1044 1104 vultus
1063 1058 1240 1111 minax,
1258 1064 1422 1103 torvus
1438 1063 1671 1117 aspectus,

263 1137 418 1195 pallor
452 1136 503 1182 in
528 1136 660 1190 facie,
685 1136 736 1182 in
768 1136 910 1182 labiis
942 1143 1134 1189 tremor,
1159 1135 1336 1181 stridor
1360 1136 1409 1180 in
1434 1134 1670 1187 dentibus,

264 1214 408 1259 verba
442 1213 624 1268 rabida,
661 1213 924 1260 effraenata
958 1213 1187 1267 convicia,
1212 1228 1384 1259 manus
1421 1213 1481 1258 ad
1514 1211 1671 1258 caedis

263 1289 540 1336 violentiam
564 1298 802 1351 prompta,
826 1291 1012 1337 etiamsi
1038 1306 1067 1336 a
1095 1290 1258 1352 gladio
1287 1290 1480 1336 interim
1508 1305 1670 1342 vacua,

261 1367 371 1413 odio
416 1374 576 1414 tamen
623 1368 831 1413 furiatae
886 1368 1059 1414 mentis
1108 1374 1309 1413 armata.
1380 1368 1447 1414 Et
1495 1368 1671 1414 idcirco

202 1461 248 1497 15
262 1444 468 1504 Spiritus
504 1445 706 1491 Sanctus
741 1445 859 1491 dicit
894 1446 944 1491 in
983 1446 1201 1499 PsalmiS‚
1235 1444 1348 1491 Noli
1380 1444 1531 1491 zelare
1565 1444 1671 1492 bene
1683 1460 1889 1494 Pualxxxvi.

260 1520 558 1568 ambulantem
592 1522 643 1568 in
672 1522 751 1568 via
781 1538 879 1569 sua.
951 1523 1020 1569 Et
1055 1523 1243 1577 iterum,
1271 1521 1536 1570 observabit
1563 1516 1714 1586 pec-⁷·

262 1605 390 1646 cator
397 1599 591 1661 sustam,
617 1606 659 1647 et
681 1599 891 1647 stridebit
915 1599 979 1646 ad
999 1616 1100 1647 eum
1130 1599 1340 1647 dentibus
1373 1601 1484 1647 suis.
1544 1600 1674 1649 Deus

263 1683 411 1724 autem
450 1677 664 1725 irridebit
704 1694 820 1732 eum,
862 1678 1080 1740 quoniam
1121 1677 1335 1740 providet
1376 1679 1486 1742 quia
1528 1681 1673 1726 veniet

263 1753 361 1801 dies
396 1754 503 1816 epus.
576 1756 680 1802 Hos
722 1756 890 1802 beatus
928 1755 1192 1816 Apostolus
1235 1756 1415 1803 Paulus
1452 1757 1673 1819 designat

198 1851 247 1877 20
263 1838 312 1878 et
362 1834 572 1886 denotat,
620 1833 795 1885 dicens,
856 1831 1084 1879 Venenum
1139 1832 1353 1895 aspidum
1411 1833 1492 1880 sub
1537 1833 1669 1881 labiis
1686 1851 1891 1892 Romam.

263 1924 432 1964 eorum,
469 1915 510 1956 et
539 1924 589 1956 os
620 1925 776 1956 eorum
816 1908 1134 1957 maledictione
1167 1917 1209 1957 et
1239 1911 1552 1958 amaritudine
1576 1911 1673 1974 ple-

263 2002 371 2032 num
407 1992 485 2033 est.
569 1985 747 2034 Veloces
782 1986 845 2034 ad
877 1986 1196 2051 effundendum
1232 1989 1500 2054 sanquinem
1531 1989 1674 2052 pede-s·

262 2078 431 2119 eorum,
461 2064 676 2111 contritio
710 2070 753 2111 et
784 2063 1022 2111 calamitas
1054 2066 1105 2112 in
1135 2067 1224 2113 viis
1255 2082 1411 2114 eorum
1436 2068 1517 2130 qui
1550 2068 1670 2115 viam

258 2141 389 2203 pacis
422 2157 515 2187 non
544 2148 836 2206 ayneverunt,
873 2158 954 2189 nee
990 2150 1055 2190 est
1085 2144 1227 2190 timor
1258 2143 1354 2191 Dei
1390 2152 1494 2192 ante
1522 2145 1673 2193 oculos

195 2230 244 2273 25
261 2233 430 2264 eorum.
502 2219 662 2266 Multo
703 2222 882 2266 malum
930 2221 1082 2266 levius
1119 2228 1166 2267 et
1206 2222 1470 2282 periculum
1513 2224 1672 2270 minus

261 2302 334 2342 est
355 2311 505 2356 quum
530 2297 744 2343 membra
766 2298 928 2360 gladio
955 2300 1278 2345 vulnerantur.
1352 2301 1529 2347 Facilis
1558 2317 1672 2348 cura

261 2379 333 2418 est
368 2373 452 2419 ubi
493 2375 637 2436 plaga
676 2374 928 2434 perspicua
967 2382 1053 2430 est,
1091 2384 1140 2422 et
1177 2377 1273 2423 cito
1311 2380 1371 2424 ad
1413 2379 1668 2425 sanitatem

262 2452 445 2496 medela
479 2452 790 2498 subveniente
824 2454 1103 2512 perducitur
1133 2458 1260 2515 quod
1298 2457 1498 2503 videtur.
1568 2458 1669 2503 Zeli

267 2528 459 2573 vulnera
503 2528 723 2575 abstrusa
769 2537 883 2576 sunt
927 2538 976 2577 et
1016 2534 1230 2587 occulta;
1274 2549 1359 2579 nec
1405 2534 1667 2580 remedium

196 2621 247 2658 30
262 2620 402 2651 curae
426 2606 659 2652 medentis
691 2607 955 2654 admittunt
979 2624 1100 2669 quae
1123 2626 1173 2656 se
1203 2611 1334 2656 intra
1356 2612 1671 2658 conscientiae

263 2682 468 2728 latebras
523 2698 661 2729 caeco
713 2685 874 2730 dolore
931 2687 1218 2732 clauserunt.
1290 2687 1575 2748 Quicunque
1620 2706 1669 2735 es

264 2758 454 2805 invidus
478 2766 526 2805 et
550 2760 800 2822 malignus,
827 2761 1001 2808 videris
1025 2778 1169 2823 quam
1203 2764 1268 2810 sis
1293 2764 1361 2811 eis
1384 2781 1501 2825 quos
1526 2767 1667 2813 odisti

261 2835 533 2891 insidiosus,
552 2837 859 2896 perniciosus,
880 2839 1095 2887 infestus,
1137 2841 1331 2888 Nullius
1351 2844 1504 2906 magis
1523 2859 1668 2904 quam

321 2925 413 2953 VOL.
435 2926 462 2953 1.
1002 2930 1028 2956 Y

1829 1558 1878 1581 12.
