2034 3204
430 197 518 237 288
939 196 983 239 S.
1016 195 1341 239 CYPRIANI

431 305 650 351 animum
687 306 861 359 deesse,
903 306 1034 352 aliud
1076 306 1237 351 animo
1278 305 1485 351 defuisse
1531 304 1834 365 martyrium.

432 382 633 436 Qualem
667 388 714 428 te
742 383 928 429 invenit
952 383 1191 429 Dominus
1223 398 1373 442 quum
1405 388 1554 435 vocat,
1580 383 1723 427 talem
1755 397 1837 441 pa-

210 468 319 510 Apoe-
329 467 419 508 ii·23-
432 460 550 506 riter
583 467 632 506 et
659 461 861 522 judicat,
903 462 1097 520 quando
1131 460 1234 519 ipse
1270 465 1472 505 testetur
1505 467 1553 505 et
1592 459 1733 514 dicat,
1774 457 1840 504 Et

429 538 573 584 scient
596 554 747 584 omnes
772 536 1008 584 Ecclesiae
1032 537 1142 599 quia
1165 552 1244 601 eqo
1267 553 1366 583 sum
1391 541 1620 583 scrutator
1649 536 1775 582 ‘renis
1799 541 1840 582 et

430 615 598 662 cordis.
669 616 769 662 Nec
785 616 912 662 enim
939 615 1221 678 sanguinem
1241 621 1460 661 nostrum
1483 614 1672 675 quaerit
1690 614 1838 668 DeuS,
1852 626 1876 666 5

431 695 512 740 sed
538 694 692 739 fidem.
763 693 891 738 Nam
914 709 1000 739 nec
1023 693 1289 747 Abraham,
1307 708 1392 738 nec
1417 692 1564 744 Isaac,
1586 707 1671 737 nec
1691 691 1840 738 Jacob

431 771 574 817 occisi
606 777 731 824 sunt,
756 776 804 816 et
832 777 993 816 tamen
1018 770 1127 816 fidei
1152 785 1205 816 ac
1229 769 1450 832 justitiae
1480 768 1664 814 meritis
1693 769 1842 814 hono-

431 849 525 894 rati
554 848 679 893 inter
705 848 1002 907 patriarchas
1025 847 1170 908 primi
1194 864 1294 894 esse
1324 853 1614 900 meruerunt,
1639 847 1699 892 ad
1725 861 1842 907 quo-

431 942 537 971 rum
563 925 833 972 convivium
853 932 1171 988 congregatur
1193 925 1412 986 quisquis
1436 923 1589 971 fidelis
1613 930 1661 970 et
1677 925 1841 986 justus

432 1009 480 1049 et
502 1003 759 1049 laudabilis
778 1003 1037 1049 invenitur.
1858 1019 1905 1044 10

213 1089 256 1120 Id
271 1099 376 1140 qnam
500 1080 620 1126 XII.
663 1080 943 1127 Meminisse
990 1081 1216 1127 debemus
1263 1082 1560 1127 voluntatem
1601 1095 1702 1135 nos,
1744 1095 1841 1126 non

212 1133 409 1227 ἒιῗιζῗῑῗύι
435 1165 659 1214 nostram,
684 1160 766 1205 sed
790 1159 884 1204 Dei
908 1159 1062 1205 facere
1093 1159 1275 1211 debere,
1301 1159 1563 1204 secundum
1595 1158 1723 1218 quod
1755 1173 1842 1203 nos

212 1220 405 1295 {¹113sssssp
433 1236 670 1282 Dominus
694 1236 908 1296 quotidie
926 1235 1074 1297 jussit
1099 1252 1248 1282 orare.
1305 1236 1463 1290 Quam
1482 1241 1842 1295 praeposterum

213 1318 420 1382 ζζξῃξιζωΡΟ
433 1320 506 1360 est
542 1329 783 1374 quamque
822 1329 1098 1374 perversum
1135 1320 1191 1359 ut
1228 1329 1379 1374 quum
1416 1313 1505 1359 Dei
1545 1314 1841 1359 voluntatem

212 1405 317 1438 Μαι.
335 1406 402 1438 viii.
433 1391 537 1438 fieri
572 1393 882 1452 postulemus,
918 1392 1112 1451 quando
1146 1397 1312 1438 evocat
1346 1406 1431 1437 nos
1467 1396 1514 1436 et
1550 1389 1747 1436 accersit
1783 1391 1842 1436 de
1858 1404 1905 1443 15

216 1459 266 1481 ¹¹·
433 1469 522 1515 hoc
562 1469 742 1528 mundo
778 1468 926 1523 Deus,
961 1484 1056 1514 non
1101 1468 1263 1514 statim
1306 1467 1569 1513 voluntatis
1606 1468 1710 1528 ejus
1753 1466 1843 1512 im-

431 1544 564 1604 perio
586 1559 837 1604 pareamus
857 1543 865 1590 !
902 1543 1183 1590 Obnitimur
1206 1550 1254 1589 et
1281 1545 1587 1598 reluctamur,
1611 1549 1660 1589 et
1687 1543 1842 1603 pervi-

430 1622 614 1669 cacium
640 1637 770 1667 more
802 1636 1046 1667 servorum
1082 1622 1142 1667 ad
1170 1627 1473 1681 conspectum
1501 1621 1700 1667 Domini
1731 1637 1839 1667 cum

432 1699 631 1746 tristitia
663 1705 710 1744 et
738 1714 950 1744 moerore
985 1698 1306 1759 perducimur,
1335 1706 1561 1744 exeuntes
1593 1698 1734 1744 istinc
1762 1714 1842 1744 ne-

430 1776 665 1824 cessitatis
690 1776 892 1831 vinculo,
928 1791 1022 1821 non
1049 1775 1277 1836 obsequio
1305 1775 1567 1821 voluntatis
1590 1794 1601 1826 ;
1638 1782 1686 1821 et
1709 1776 1842 1821 volu·
1857 1795 1907 1821 20

434 1870 539 1901 mus
575 1854 636 1900 ab
670 1869 726 1900 eo
760 1853 986 1913 praemiis
1018 1853 1298 1899 coelestibus
1335 1852 1570 1907 honorari,
1600 1853 1661 1898 ad
1698 1867 1842 1912 quem

432 1932 650 1978 venimus
684 1931 843 1977 inviti.
913 1930 1043 1984 Quid
1079 1946 1192 1993 ergo
1227 1946 1418 1976 oramus
1454 1936 1501 1976 et
1541 1930 1749 1990 petimus
1787 1935 1843 1976 ut

431 2009 657 2055 adveniat
680 2024 882 2071 regnum
912 2009 1166 2063 coelorum,
1191 2008 1232 2053 si
1263 2008 1514 2068 captivitas
1547 2015 1735 2054 terrena
1762 2008 1843 2053 de-

432 2089 575 2134 lectat
590 2089 612 2133 t>
668 2087 794 2141 Quid
833 2086 1052 2147 precibus
1087 2086 1362 2146 frequenter
1395 2085 1581 2132 iteratis
1617 2100 1842 2148 rogamus

432 2172 480 2211 et
511 2164 749 2225 poscimus
782 2170 837 2211 ut
867 2165 1092 2210 acceleret
1123 2163 1224 2209 dies
1259 2163 1409 2224 regni,
1435 2163 1476 2210 si
1501 2164 1685 2225 maj0ra
1717 2162 1842 2209 desi·
1857 2182 1906 2222 25

432 2240 566 2287 deria
588 2247 635 2287 et
659 2247 771 2286 vota
800 2240 985 2300 potiora
1012 2247 1123 2286 sunt
1150 2239 1325 2286 servire
1350 2239 1457 2285 istic
1481 2239 1672 2285 diabolo
1695 2253 1841 2299 quam

434 2334 633 2381 regnare
656 2334 764 2365 cum
790 2317 1021 2364 Christo?

214 2408 382 2460 maurgin„
501 2395 651 2442 XIII.
690 2395 909 2455 Denique
946 2401 1001 2441 ut
1032 2393 1334 2440 manifestius
1366 2393 1558 2440 divinae
1590 2393 1842 2453 providen—

214 2453 398 2527 ξζζῖζῑᾟυ.
434 2473 529 2519 tiae
571 2472 749 2519 indicia
790 2474 1112 2526 clarescerent,
1154 2472 1279 2532 quod
1323 2470 1561 2517 Dominus
1602 2470 1842 2530 praescius

208 2540 378 2626 ἦζέιζζᾞῗμ
435 2551 704 2598 futurorum
725 2550 824 2597 suis
842 2550 1058 2597 consulat
1076 2549 1135 2595 ad
1156 2564 1315 2595 veram
1335 2549 1552 2602 salutem,
1568 2563 1715 2608 quum
1736 2547 1842 2608 qui·
1854 2572 1906 2609 30

436 2629 544 2674 dam
570 2629 629 2674 de
646 2627 838 2689 collegis
862 2634 909 2673 et
926 2626 1342 2673 consacerdotibus
1363 2625 1537 2671 nostris
1562 2625 1840 2671 infirmitate

432 2706 643 2752 defessus
674 2711 723 2752 et
750 2706 809 2752 de
844 2704 1257 2766 appropinquante
1285 2704 1389 2765 jam
1427 2709 1578 2749 morte
1609 2702 1838 2749 sollicitus

430 2789 745 2830 commeatum
789 2782 880 2829 sibi
925 2789 1210 2843 precaretur,
1247 2780 1435 2827 adstitit
1475 2779 1746 2840 deprecanti
1790 2788 1838 2826 et
