2034 3204
397 231 480 273 156
858 232 1323 275 TERTULLIANI

395 342 620 386 adversus
646 341 953 395 Creatorem3
992 348 1091 396 aut,
1112 341 1152 386 si
1180 341 1374 387 unicum
1390 340 1665 386 Creatorem
1692 355 1803 384 con-

395 418 604 471 fitentur,
642 419 783 464 aliter
828 435 936 464 eum
979 419 1220 465 disserunt
1266 435 1410 478 quam
1458 419 1508 463 in
1557 434 1667 463 vero
1714 423 1798 462 est.

398 497 567 556 Itaque
609 511 747 541 omne
787 497 1085 542 mendacium
1127 498 1184 542 de
1221 497 1326 542 Deo
1360 498 1431 542 vel
1474 496 1606 542 natio
1648 494 1799 557 [fors.

397 573 538 630 ratio]
569 575 920 633 quodammodo
944 589 1100 626 sexus,
1126 581 1196 619 est
1220 573 1530 619 idololatriae.

221 653 334 728 cii}
466 651 577 697 Non
612 651 833 696 omittam
868 651 1020 710 ipsius
1055 652 1200 696 etiam
1234 651 1607 697 conversationis
1639 652 1842 698 haere-5

399 729 520 774 ticae
566 728 948 788 descriptionem,
995 744 1139 787 quam
1186 727 1357 783 futilis,
1405 743 1549 787 quam
1597 734 1801 781 terrena,

397 823 538 867 quam
579 807 788 852 humana
825 806 901 859 sit,
937 806 1040 851 sine
1074 805 1326 867 gravitate,
1365 805 1468 850 sine
1503 805 1802 858 auctoritate,

397 885 500 930 sine
528 884 794 943 disciplina,
820 889 876 928 ut
904 882 1014 928 fidei
1045 898 1158 928 suae
1193 896 1473 943 congruens.
1547 882 1600 927 In
1637 882 1803 942 primis

398 963 506 1022 quis
531 962 910 1014 catechumenus,
930 961 1039 1021 quis
1063 961 1228 1014 fidelis,
1250 960 1479 1006 incertum
1506 967 1599 1005 est:
1627 960 1806 1019 pariter

400 1042 593 1096 adeunt,
618 1040 799 1100 pariter
822 1041 1040 1093 audiunt,
1068 1039 1248 1098 pariter
1271 1046 1430 1084 orant:
1456 1038 1601 1083 etiam
1625 1037 1804 1083 ethnici
1823 1053 1870 1078 10

179 1129 340 1160 Matt.vii.
355 1128 385 1161 6.
400 1119 442 1164 si
477 1118 850 1178 supervenerint,
881 1123 1087 1163 sanctum
1126 1115 1328 1169 canibus,
1362 1121 1402 1161 et
1433 1116 1588 1177 porcis
1626 1130 1806 1177 marya-

400 1197 529 1249 ritas,
579 1195 687 1241 licet
738 1211 834 1241 non
882 1211 1034 1250 veras,
1075 1195 1342 1256 jactabunt.
1436 1193 1805 1252 Simplicitatem

402 1276 566 1320 volunt
602 1289 700 1319 esse
742 1272 1110 1333 prostrationem
1149 1272 1440 1332 disciplinae,
1484 1272 1620 1332 cujus
1663 1286 1807 1331 penes

399 1368 484 1398 nos
503 1368 666 1398 curam
693 1351 978 1397 lenocinium
1004 1359 1201 1403 vocant;
1228 1366 1388 1410 pacem
1413 1365 1603 1410 quoque
1627 1349 1806 1409 passim

400 1446 509 1476 ‹um
552 1429 774 1475 omnibus
815 1429 1030 1475 miscent.
1103 1428 1242 1473 Nihil
1285 1428 1412 1473 enim
1454 1427 1653 1473 interest
1694 1426 1871 1480 illis,15

399 1508 509 1553 licet
550 1507 741 1552 diversa
775 1506 1109 1559 tractantibus,
1146 1507 1259 1551 dum
1299 1507 1358 1551 ad
1401 1505 1543 1550 unius
1586 1504 1806 1550 veritatis

401 1584 803 1647 expugnationem
840 1584 1126 1646 conspirent.
1198 1584 1378 1630 Omnes
1414 1590 1616 1636 tument,
1643 1597 1806 1628 omnes

401 1662 653 1709 scientiam
684 1662 982 1722 pollicentur.
1055 1662 1186 1707 Ante
1217 1669 1330 1708 sunt
1358 1662 1554 1721 perfecti
1589 1661 1809 1707 catechu-

402 1741 544 1795 meni,
564 1756 708 1801 quam
734 1740 899 1786 edocti.
951 1740 1088 1799 Ipsae
1122 1740 1343 1785 mulieres
1370 1739 1637 1785 haereticae
1662 1754 1804 1799 quain

403 1819 646 1879 procaces!
700 1834 822 1878 quae
869 1819 1079 1863 audeant
1119 1819 1302 1864 docere.
1339 1818 1637 1870 contendere,
1674 1832 1806 1862 exor-
1824 1831 1874 1856 20

402 1896 574 1941 cismos
607 1909 760 1956 agere,
787 1892 1055 1939 curationes
1089 1892 1432 1952 repromittere,
1464 1892 1724 1938 fortassean
1761 1897 1810 1938 et

403 1973 598 2035 tingere.
671 1970 1013 2017 Ordinationes
1048 1986 1212 2016 eorum
1250 1969 1544 2019 temerariae.
1568 1972 1708 2023 leves,
1735 1970 1809 2016 in-

402 2057 671 2097 constantes
693 2064 705 2104 3
744 2064 869 2095 nunc
895 2048 1161 2108 neophytos
1184 2049 1444 2097 conlocant.
1472 2063 1598 2093 nunc
1622 2050 1810 2094 saeculo

402 2128 668 2179 obstrictos,
718 2143 844 2173 nunc
890 2133 1133 2187 apostatas
1182 2131 1383 2178 nostros,
1431 2131 1488 2171 ut
1532 2125 1685 2188 gloria
1730 2141 1809 2172 eos

402 2207 630 2268 obligent,
654 2206 770 2267 quia
794 2205 992 2251 veritate
1017 2220 1111 2250 non
1136 2210 1348 2264 possunt.
1422 2203 1675 2263 Nusquam
1696 2204 1810 2250 faci-
1825 2219 1874 2257 25

402 2284 495 2330 lius
520 2283 779 2344 proficitur,
805 2299 949 2343 quam
976 2282 1024 2328 in
1051 2282 1220 2328 castris
1245 2281 1514 2335 rebellimm
1543 2281 1624 2327 ubi
1649 2281 1807 2341 ipsum

402 2378 502 2408 esse
545 2362 654 2415 illic,
699 2361 955 2421 promereri
992 2367 1077 2406 est.
1151 2359 1320 2419 Itaque
1363 2359 1485 2405 alius
1530 2359 1671 2405 hodie
1712 2358 1811 2419 epi-

403 2455 587 2500 scopus,
613 2455 717 2485 cras
753 2438 902 2491 alius;
939 2437 1080 2483 hodie
1114 2437 1357 2490 diaconus,
1381 2436 1465 2496 qui
1500 2452 1603 2482 cras
1640 2438 1807 2492 lect0r3

406 2517 545 2563 hodie
589 2517 850 2577 presbyter,
893 2515 976 2575 qui
1019 2531 1121 2561 cras
1164 2514 1323 2560 laicuS.
1416 2512 1545 2560 Nam
1587 2521 1636 2560 et
1677 2514 1809 2560 laicis

403 2594 717 2641 sacerdotalia
743 2609 939 2640 munera
965 2593 1241 2655 injungunt.
1822 2611 1874 2648 30

227 2694 290 2724 «Α
307 2692 338 2723 v,
475 2672 545 2718 De
561 2672 687 2718 verbi
705 2679 865 2719 autem
885 2670 1298 2718 administratione
1314 2670 1428 2731 quid
1445 2670 1597 2716 dicam
1610 2670 1632 2715 ἶ)
1657 2684 1805 2730 quum

230 2735 343 2767 '‘¹⁴¹''
408 2750 492 2795 lio(-
518 2749 579 2795 sit
611 2749 853 2810 negotium
891 2748 1000 2803 illis,
1030 2764 1122 2794 non
1148 2748 1361 2794 ethnicos
1385 2746 1700 2800 convertendi,
1725 2747 1805 2791 sed

406 2834 589 2872 nostros
623 2827 878 2872 evertendi.
956 2826 1092 2871 Hanc
1128 2826 1278 2886 magis
1307 2825 1506 2887 gloriam
1535 2830 1740 2884 captant.
1767 2822 1805 2867 si
