2034 3204
485 232 565 272 DE
604 230 1180 272 PRAESCRIPTIONE
1217 228 1404 270 IIAER.
1567 227 1650 268 155

246 341 336 387 Dei
362 341 607 386 voluntate
638 338 893 398 dispositas
927 345 981 384 ut
1011 337 1260 384 haereticis
1293 335 1517 381 materias
1542 335 1652 380 sub-

246 418 591 471 ministrarent,
625 431 775 476 quum
812 418 982 477 legam,
1023 420 1239 474 oportere
1280 413 1495 459 haereses
1536 427 1652 464 esse,

246 511 368 556 quae
391 494 492 541 sine
517 493 778 553 Scripturis
802 509 904 539 esse
928 509 1022 539 non
1047 500 1260 552 possunt.

314 572 407 619 Sed
462 571 727 632 quaeritur,
773 587 801 617 a
853 587 949 632 quo
995 571 1263 616 intellectus
1310 568 1654 614 intervertatur
1665 579 1730 610 CA
1741 578 1778 609 P.
1794 577 1871 610 XL.

210 660 232 698 5
247 666 423 702 eorum,
448 665 571 709 quae
595 650 656 695 ad
680 649 895 695 haereses
920 648 1099 695 faciant
1115 648 1137 693 ἶ)
1173 646 1222 692 A
1246 644 1436 692 diabolo
1459 644 1654 695 scilicet,

247 730 383 790 cujus
415 733 530 773 sunt
562 733 720 787 partes
751 725 1094 772 intervertendi
1120 724 1385 776 veritatem,
1410 722 1495 782 qui
1527 722 1655 781 ipsas

248 821 436 866 quoque
470 821 546 851 res
581 811 986 850 sacramentoriun
1022 803 1295 849 divinorum
1332 801 1383 847 in
1419 800 1655 846 idolorum

251 882 494 944 mysteriis
512 884 794 928 aemulatur.
844 882 1016 944 Tingit
1034 888 1078 927 et
1101 880 1202 940 ipse
1225 880 1473 939 quosdam,
1491 878 1658 937 utique

249 962 491 1007 credentes
523 968 569 1006 et
605 961 764 1005 fideles
799 973 938 1005 suos:
991 957 1339 1019 expositionem
1374 956 1657 1001 delictorum

189 1054 236 1079 10
250 1040 307 1084 de
342 1040 530 1083 lavacro
566 1037 885 1096 repromittit;
922 1045 968 1082 et
1001 1037 1042 1082 si
1078 1037 1233 1081 adhuc
1268 1034 1431 1080 initiat
1459 1033 1657 1082 Mithra,

249 1115 411 1177 signat
451 1115 550 1160 illic
591 1114 641 1160 in
683 1115 922 1160 frontibus
965 1114 1142 1160 milites
1183 1127 1321 1158 suos:
1363 1112 1571 1157 celebrat
1611 1118 1659 1156 et

250 1194 387 1253 panis
427 1193 750 1247 oblationem3
805 1201 851 1238 et
890 1192 1149 1254 imaginem
1189 1189 1549 1236 resurrectionis
1587 1188 1659 1234 in-

251 1272 399 1323 ducit,
425 1278 472 1317 et
507 1271 596 1316 sub
631 1269 791 1331 gladio
826 1270 1019 1316 redimit
1053 1283 1290 1314 coronam.
1362 1266 1506 1320 Quid,
1531 1266 1659 1325 quod

251 1355 299 1394 et
344 1363 582 1394 summum
631 1347 900 1407 pontificem
950 1347 999 1392 in
1054 1346 1163 1392 unis
1214 1344 1395 1404 nuptiis
1446 1343 1617 1389 statuit
1636 1344 1658 1388 ζ)

191 1442 236 1479 15
256 1426 414 1472 Habet
445 1433 492 1494 et
517 1425 753 1486 virgines;
791 1425 934 1470 habet
969 1432 1018 1470 et
1049 1423 1361 1469 continentes.
1433 1422 1656 1466 Ceterum

250 1504 291 1550 si
334 1503 524 1550 Numae
571 1502 799 1562 Pompilii
845 1501 1210 1562 superstitiones
1257 1501 1570 1552 revolvamus,
1618 1498 1658 1543 si

251 1581 562 1628 sacerdotalia
595 1579 762 1634 officia,
789 1580 999 1643 insignia
1033 1587 1080 1626 et
1114 1578 1383 1640 privilegia,
1408 1577 1448 1622 si
1484 1576 1662 1622 sacrifi-

251 1659 463 1706 cantium
496 1658 777 1712 ministeria‚
801 1666 851 1704 et
879 1659 1199 1704 instrumenta
1229 1664 1279 1702 et
1304 1671 1415 1701 vasa
1447 1656 1660 1714 ipsorum

253 1737 606 1790 sacrificiorum,
632 1752 686 1782 ac
717 1737 1015 1796 piaculorum
1040 1743 1087 1781 et
1112 1742 1334 1780 votorum
1359 1732 1661 1779 curiositates

191 1834 240 1859 20
253 1815 615 1868 cousideremns
671 1829 828 1860 nonne
884 1813 1135 1859 manifeste
1185 1811 1404 1857 diabolus
1462 1807 1662 1854 morosi-
1708 1804 1710 1806 ’

254 1899 402 1938 tatem
437 1891 568 1937 illam
592 1891 623 1936 J
627 1891 825 1937 udaicae
851 1891 996 1952 Legis
1021 1890 1239 1936 imitatus
1263 1897 1335 1934 est
1354 1888 1376 1933 ἶ)
1413 1887 1511 1941 Qui
1547 1901 1661 1947 ergo

255 1970 383 2030 ipsas
408 1985 496 2023 res,
516 1970 577 2014 de
600 1969 776 2028 quibus
801 1975 1095 2015 sacramenta
1115 1966 1298 2013 Christi
1323 1964 1663 2011 administran-

255 2053 348 2100 tur,
367 2053 465 2092 tam
492 2047 790 2092 aemulanter
815 2045 1057 2092 affectavit
1081 2044 1360 2104 exprimere,
1381 2043 1431 2088 in
1457 2039 1662 2103 negotiis

256 2124 566 2177 idololatriae,
591 2123 760 2184 utique
783 2131 828 2169 et
856 2124 983 2169 idem
1007 2132 1054 2168 et
1077 2123 1239 2168 eodem
1268 2120 1461 2183 ingenio
1482 2117 1662 2180 gestiit,

194 2217 242 2255 25
257 2209 304 2248 et
338 2202 498 2263 potuit
532 2201 851 2247 instrumenta
884 2216 1076 2261 quoque
1111 2199 1382 2245 divinarum
1418 2212 1579 2243 rerum
1615 2203 1663 2241 et

256 2286 529 2327 sanctorum
561 2278 666 2339 [Al.
692 2286 1111 2325 sacramentorum.
1159 2275 1261 2322 Vid.
1287 2274 1405 2336 not]
1429 2274 1665 2321 Christia-
1739 2266 1745 2271 ’

254 2372 443 2410 norum,
472 2372 663 2402 sensum
700 2358 758 2402 de
793 2357 1025 2410 sensibus,
1059 2355 1200 2401 verba
1235 2355 1294 2400 de
1329 2352 1501 2406 verbis,
1525 2367 1664 2411 para-

258 2436 388 2481 bolas
416 2436 474 2480 de
503 2435 755 2494 parabolis,
780 2434 1007 2494 profanae
1031 2439 1079 2479 et
1110 2433 1325 2478 aemulae
1349 2430 1457 2476 fidei
1493 2436 1665 2475 attem-

258 2528 439 2573 perare.
523 2512 592 2558 Et
636 2513 756 2565 ideo,
794 2528 946 2572 neque
992 2527 1021 2557 a
1067 2511 1256 2556 diabolo
1301 2508 1517 2554 immissa
1563 2521 1664 2553 esse

195 2590 495 2650 30spiritalia
536 2590 793 2649 nequitiae,
829 2605 887 2635 ex
929 2588 1104 2649 quibus
1144 2587 1289 2633 etiam
1332 2586 1546 2631 haereses
1584 2600 1662 2630 ve·
1676 2602 1796 2644 Ephes.
1815 2602 1861 2633 vi.

259 2668 414 2721 niunt,
451 2667 672 2714 dubitare
711 2667 820 2727 quis
861 2668 1030 2721 debet;
1086 2680 1239 2725 neque
1286 2664 1348 2709 ab
1394 2657 1729 2709 idololatria¹²'

259 2747 437 2793 distare
463 2747 697 2798 haereseS‚
721 2761 872 2805 quum
898 2752 944 2789 et
969 2743 1175 2790 auctoris
1200 2749 1248 2788 et
1272 2741 1428 2802 operis
1452 2742 1662 2802 eJusdem

262 2824 373 2878 sint,
399 2826 534 2886 cnjus
565 2833 608 2870 et
641 2823 925 2870 idohilatria.
998 2823 1152 2867 Deum
1188 2828 1272 2866 ant
1297 2819 1485 2882 fingunt
1518 2820 1666 2865 alium
