<?xml version="1.0" encoding="UTF-8"?>
<!DOCTYPE html PUBLIC "-//W3C//DTD XHTML 1.0 Transitional//EN"
    "http://www.w3.org/TR/xhtml1/DTD/xhtml1-transitional.dtd">
<html xmlns="http://www.w3.org/1999/xhtml" xml:lang="en" lang="en">
 <head>
  <title>
</title>
<meta http-equiv="Content-Type" content="text/html;charset=utf-8" />
  <meta name='ocr-system' content='tesseract 3.04.00' />
  <meta name='ocr-capabilities' content='ocr_page ocr_carea ocr_par ocr_line ocrx_word'/>
</head>
<body>
  <div class='ocr_page' id='page_1' title='image "./scriptorumeccles01rout_0022.png"; bbox 0 0 1950 3210; ppageno 0'>
   <div class='ocr_carea' id='block_1_1' title="bbox 360 967 1716 1034">
    <p class='ocr_par' dir='ltr' id='par_1_1' title="bbox 360 967 1716 1034">
     <span class='ocr_line' id='line_1_1' title="bbox 360 967 1716 1034; baseline 0.007 -19"><span class='ocrx_word' id='word_1_1' title='bbox 360 967 449 1015; x_wconf 91' lang='lat' dir='ltr'><strong>EX</strong></span> <span class='ocrx_word' id='word_1_2' title='bbox 486 969 952 1021; x_wconf 87' lang='lat' dir='ltr'><strong>PRAEFATIONE</strong></span> <span class='ocrx_word' id='word_1_3' title='bbox 987 973 1263 1024; x_wconf 93' lang='lat' dir='ltr'><strong>THOMAE</strong></span> <span class='ocrx_word' id='word_1_4' title='bbox 1300 976 1516 1034; x_wconf 88' lang='lat' dir='ltr'>SMITH,</span> <span class='ocrx_word' id='word_1_5' title='bbox 1542 977 1598 1025; x_wconf 93' lang='lat' dir='ltr'><strong>V.</strong></span> <span class='ocrx_word' id='word_1_6' title='bbox 1624 978 1716 1026; x_wconf 88' lang='lat' dir='ltr'><strong>CL.</strong></span> 
     </span>
    </p>
   </div>
   <div class='ocr_carea' id='block_1_2' title="bbox 687 1143 1390 1190">
    <p class='ocr_par' dir='ltr' id='par_1_2' title="bbox 687 1143 1390 1190">
     <span class='ocr_line' id='line_1_2' title="bbox 687 1143 1390 1190; baseline 0.011 -10"><span class='ocrx_word' id='word_1_7' title='bbox 687 1143 748 1180; x_wconf 94' lang='lat' dir='ltr'><strong>IN</strong></span> <span class='ocrx_word' id='word_1_8' title='bbox 779 1144 819 1181; x_wconf 89' lang='lat' dir='ltr'><strong>S.</strong></span> <span class='ocrx_word' id='word_1_9' title='bbox 846 1144 1056 1183; x_wconf 90' lang='lat' dir='ltr'>IGNATII</span> <span class='ocrx_word' id='word_1_10' title='bbox 1088 1146 1390 1190; x_wconf 88' lang='lat' dir='ltr'><strong>EPISTOLAS,</strong></span> 
     </span>
    </p>
   </div>
   <div class='ocr_carea' id='block_1_3' title="bbox 658 1286 1413 1323">
    <p class='ocr_par' dir='ltr' id='par_1_3' title="bbox 658 1286 1413 1323">
     <span class='ocr_line' id='line_1_3' title="bbox 658 1286 1413 1323; baseline 0.009 -6"><span class='ocrx_word' id='word_1_11' title='bbox 658 1286 831 1318; x_wconf 85' lang='lat' dir='ltr'>OXONII</span> <span class='ocrx_word' id='word_1_12' title='bbox 855 1287 1031 1321; x_wconf 82' lang='lat' dir='ltr'><strong>EDITAS</strong></span> <span class='ocrx_word' id='word_1_13' title='bbox 1053 1290 1191 1322; x_wconf 87' lang='lat' dir='ltr'>ANNO</span> <span class='ocrx_word' id='word_1_14' title='bbox 1214 1290 1413 1323; x_wconf 87' lang='lat' dir='ltr'>MDCCIX.</span> 
     </span>
    </p>
   </div>
   <div class='ocr_carea' id='block_1_4' title="bbox 333 1557 1805 2946">
    <p class='ocr_par' dir='ltr' id='par_1_4' title="bbox 333 1557 1805 2946">
     <span class='ocr_line' id='line_1_4' title="bbox 333 1557 1741 1639; baseline 0.004 -19"><span class='ocrx_word' id='word_1_15' title='bbox 333 1565 345 1583; x_wconf 74' lang='lat'><strong>⁶</strong></span> <span class='ocrx_word' id='word_1_16' title='bbox 360 1557 727 1622; x_wconf 83' lang='lat' dir='ltr'><strong>EPISTOLAM</strong></span> <span class='ocrx_word' id='word_1_17' title='bbox 775 1580 819 1623; x_wconf 81' lang='lat' dir='ltr'><strong>S.</strong></span> <span class='ocrx_word' id='word_1_18' title='bbox 861 1580 1085 1638; x_wconf 82' lang='lat' dir='ltr'><strong>Polycarpi</strong></span> <span class='ocrx_word' id='word_1_19' title='bbox 1128 1581 1183 1624; x_wconf 81' lang='lat' dir='ltr'><strong>ad</strong></span> <span class='ocrx_word' id='word_1_20' title='bbox 1223 1581 1518 1639; x_wconf 83' lang='lat' dir='ltr'><strong>Philippenses,</strong></span> <span class='ocrx_word' id='word_1_21' title='bbox 1559 1582 1624 1624; x_wconf 89' lang='lat' dir='ltr'><strong>cui</strong></span> <span class='ocrx_word' id='word_1_22' title='bbox 1672 1583 1741 1626; x_wconf 90' lang='lat' dir='ltr'><strong>ille</strong></span> 
     </span>
     <span class='ocr_line' id='line_1_5' title="bbox 335 1649 1776 1709; baseline 0.002 -17"><span class='ocrx_word' id='word_1_23' title='bbox 335 1656 345 1672; x_wconf 82' lang='lat'><strong>¹</strong></span> <span class='ocrx_word' id='word_1_24' title='bbox 367 1649 642 1707; x_wconf 84' lang='lat' dir='ltr'><strong>genuinarum</strong></span> <span class='ocrx_word' id='word_1_25' title='bbox 679 1649 722 1692; x_wconf 84' lang='lat' dir='ltr'><strong>S.</strong></span> <span class='ocrx_word' id='word_1_26' title='bbox 746 1649 899 1707; x_wconf 88' lang='lat' dir='ltr'><strong>Ignatii</strong></span> <span class='ocrx_word' id='word_1_27' title='bbox 928 1650 1205 1707; x_wconf 76' lang='lat' dir='ltr'><strong>Epistularum</strong></span> <span class='ocrx_word' id='word_1_28' title='bbox 1236 1651 1426 1708; x_wconf 78' lang='lat' dir='ltr'><strong>syllogen</strong></span> <span class='ocrx_word' id='word_1_29' title='bbox 1455 1651 1776 1709; x_wconf 85' lang='lat' dir='ltr'><strong>subjunxerat‚5</strong></span> 
     </span>
     <span class='ocr_line' id='line_1_6' title="bbox 335 1718 1741 1777; baseline 0.003 -17"><span class='ocrx_word' id='word_1_30' title='bbox 335 1725 345 1741; x_wconf 92' lang='lat'><em>‘</em></span> <span class='ocrx_word' id='word_1_31' title='bbox 368 1718 525 1775; x_wconf 86' lang='lat' dir='ltr'><strong>primus</strong></span> <span class='ocrx_word' id='word_1_32' title='bbox 562 1718 723 1762; x_wconf 86' lang='lat' dir='ltr'><strong>Graece</strong></span> <span class='ocrx_word' id='word_1_33' title='bbox 754 1719 904 1761; x_wconf 85' lang='lat' dir='ltr'><strong>Petrus</strong></span> <span class='ocrx_word' id='word_1_34' title='bbox 936 1719 1104 1762; x_wconf 84' lang='lat' dir='ltr'><strong>Halloix</strong></span> <span class='ocrx_word' id='word_1_35' title='bbox 1137 1720 1179 1763; x_wconf 84' lang='lat' dir='ltr'><strong>S.</strong></span> <span class='ocrx_word' id='word_1_36' title='bbox 1201 1720 1244 1762; x_wconf 85' lang='lat' dir='ltr'><strong>J.</strong></span> <span class='ocrx_word' id='word_1_37' title='bbox 1279 1734 1331 1762; x_wconf 85' lang='lat' dir='ltr'><strong>ex</strong></span> <span class='ocrx_word' id='word_1_38' title='bbox 1361 1721 1604 1777; x_wconf 85' lang='lat' dir='ltr'><strong>apographo</strong></span> <span class='ocrx_word' id='word_1_39' title='bbox 1635 1721 1741 1764; x_wconf 87' lang='lat' dir='ltr'><strong>Tur-</strong></span> 
     </span>
     <span class='ocr_line' id='line_1_7' title="bbox 335 1787 1741 1840; baseline 0.002 -11"><span class='ocrx_word' id='word_1_40' title='bbox 335 1794 344 1810; x_wconf 83' lang='lat'><strong><em>⁴</em></strong></span> <span class='ocrx_word' id='word_1_41' title='bbox 367 1787 474 1829; x_wconf 88' lang='lat' dir='ltr'><strong>riani</strong></span> <span class='ocrx_word' id='word_1_42' title='bbox 504 1788 559 1830; x_wconf 90' lang='lat' dir='ltr'><strong>ad</strong></span> <span class='ocrx_word' id='word_1_43' title='bbox 594 1787 708 1830; x_wconf 90' lang='lat' dir='ltr'><strong>illum</strong></span> <span class='ocrx_word' id='word_1_44' title='bbox 738 1802 764 1830; x_wconf 89' lang='lat' dir='ltr'><strong>a</strong></span> <span class='ocrx_word' id='word_1_45' title='bbox 793 1787 1026 1831; x_wconf 87' lang='lat' dir='ltr'><strong>doctissimo</strong></span> <span class='ocrx_word' id='word_1_46' title='bbox 1057 1788 1161 1840; x_wconf 87' lang='lat' dir='ltr'><strong>viro,</strong></span> <span class='ocrx_word' id='word_1_47' title='bbox 1191 1788 1350 1831; x_wconf 87' lang='lat' dir='ltr'><strong>Jacobo</strong></span> <span class='ocrx_word' id='word_1_48' title='bbox 1382 1788 1614 1839; x_wconf 88' lang='lat' dir='ltr'><strong>Sirmondo,</strong></span> <span class='ocrx_word' id='word_1_49' title='bbox 1651 1789 1741 1832; x_wconf 90' lang='lat' dir='ltr'><strong>dili-</strong></span> 
     </span>
     <span class='ocr_line' id='line_1_8' title="bbox 336 1856 1740 1913; baseline 0.001 -15"><span class='ocrx_word' id='word_1_50' title='bbox 336 1859 346 1874; x_wconf 88' lang='lat'>‘</span> <span class='ocrx_word' id='word_1_51' title='bbox 368 1856 607 1913; x_wconf 87' lang='lat' dir='ltr'><strong>gentissimo</strong></span> <span class='ocrx_word' id='word_1_52' title='bbox 650 1871 699 1899; x_wconf 90' lang='lat' dir='ltr'><strong>ac</strong></span> <span class='ocrx_word' id='word_1_53' title='bbox 744 1856 975 1899; x_wconf 85' lang='lat' dir='ltr'><strong>felicissimo</strong></span> <span class='ocrx_word' id='word_1_54' title='bbox 1029 1856 1323 1913; x_wconf 85' lang='lat' dir='ltr'><strong>antiquitatum</strong></span> <span class='ocrx_word' id='word_1_55' title='bbox 1375 1856 1740 1900; x_wconf 85' lang='lat' dir='ltr'><strong>ecclesiasticarum</strong></span> 
     </span>
     <span class='ocr_line' id='line_1_9' title="bbox 339 1924 1742 1982; baseline 0.001 -15"><span class='ocrx_word' id='word_1_56' title='bbox 339 1932 349 1948; x_wconf 83' lang='lat'><strong><em>⁴</em></strong></span> <span class='ocrx_word' id='word_1_57' title='bbox 372 1924 681 1982; x_wconf 85' lang='lat' dir='ltr'><strong>investigatore,</strong></span> <span class='ocrx_word' id='word_1_58' title='bbox 718 1924 959 1967; x_wconf 87' lang='lat' dir='ltr'><strong>transmisso</strong></span> <span class='ocrx_word' id='word_1_59' title='bbox 1004 1924 1134 1968; x_wconf 82' lang='lat' dir='ltr'><strong>edidit</strong></span> <span class='ocrx_word' id='word_1_60' title='bbox 1179 1924 1222 1967; x_wconf 92' lang='lat' dir='ltr'><strong>in</strong></span> <span class='ocrx_word' id='word_1_61' title='bbox 1262 1924 1491 1968; x_wconf 84' lang='lat' dir='ltr'><strong>Illustrium</strong></span> <span class='ocrx_word' id='word_1_62' title='bbox 1531 1925 1742 1968; x_wconf 77' lang='lat' dir='ltr'><strong>Ecclesiae</strong></span> 
     </span>
     <span class='ocr_line' id='line_1_10' title="bbox 338 1993 1804 2052; baseline 0.001 -15"><span class='ocrx_word' id='word_1_63' title='bbox 338 2001 347 2016; x_wconf 81' lang='lat'><em>⁴</em></span> <span class='ocrx_word' id='word_1_64' title='bbox 370 1994 644 2037; x_wconf 82' lang='lat' dir='ltr'><strong>Orientalium</strong></span> <span class='ocrx_word' id='word_1_65' title='bbox 688 1994 946 2052; x_wconf 77' lang='lat' dir='ltr'><strong>Scriptorum</strong></span> <span class='ocrx_word' id='word_1_66' title='bbox 987 1993 1100 2037; x_wconf 88' lang='lat' dir='ltr'><strong>Vitis</strong></span> <span class='ocrx_word' id='word_1_67' title='bbox 1145 2000 1189 2037; x_wconf 90' lang='lat' dir='ltr'><strong>et</strong></span> <span class='ocrx_word' id='word_1_68' title='bbox 1234 1993 1514 2037; x_wconf 88' lang='lat' dir='ltr'><strong>Documentis.</strong></span> <span class='ocrx_word' id='word_1_69' title='bbox 1597 1995 1739 2046; x_wconf 85' lang='lat' dir='ltr'><strong>Duaci‚</strong></span> <span class='ocrx_word' id='word_1_70' title='bbox 1757 2013 1804 2039; x_wconf 91' lang='lat'><strong>10</strong></span> 
     </span>
     <span class='ocr_line' id='line_1_11' title="bbox 335 2062 1741 2121; baseline -0.001 -15"><span class='ocrx_word' id='word_1_71' title='bbox 335 2071 344 2087; x_wconf 81' lang='lat'><em>⁴</em></span> <span class='ocrx_word' id='word_1_72' title='bbox 373 2065 498 2120; x_wconf 87' lang='lat'><strong>1633.</strong></span> <span class='ocrx_word' id='word_1_73' title='bbox 529 2070 628 2107; x_wconf 91' lang='lat' dir='ltr'><strong>tom.</strong></span> <span class='ocrx_word' id='word_1_74' title='bbox 652 2064 686 2107; x_wconf 92' lang='grc' dir='ltr'><strong>Ι.</strong></span> <span class='ocrx_word' id='word_1_75' title='bbox 715 2079 754 2121; x_wconf 93' lang='lat' dir='ltr'><strong>p.</strong></span> <span class='ocrx_word' id='word_1_76' title='bbox 775 2076 875 2121; x_wconf 86' lang='lat'><strong><em>525.</em></strong></span> <span class='ocrx_word' id='word_1_77' title='bbox 945 2064 1137 2108; x_wconf 89' lang='lat' dir='ltr'><strong>Genuina</strong></span> <span class='ocrx_word' id='word_1_78' title='bbox 1166 2070 1279 2106; x_wconf 86' lang='lat' dir='ltr'><strong>certe</strong></span> <span class='ocrx_word' id='word_1_79' title='bbox 1305 2062 1494 2120; x_wconf 81' lang='lat' dir='ltr'><strong>Epistola</strong></span> <span class='ocrx_word' id='word_1_80' title='bbox 1523 2069 1599 2112; x_wconf 88' lang='lat' dir='ltr'><strong>est,</strong></span> <span class='ocrx_word' id='word_1_81' title='bbox 1626 2070 1669 2105; x_wconf 86' lang='lat' dir='ltr'><strong>ct</strong></span> <span class='ocrx_word' id='word_1_82' title='bbox 1698 2063 1741 2105; x_wconf 87' lang='lat' dir='ltr'><strong>in</strong></span> 
     </span>
     <span class='ocr_line' id='line_1_12' title="bbox 336 2131 1742 2190; baseline -0.001 -14"><span class='ocrx_word' id='word_1_83' title='bbox 336 2140 345 2156; x_wconf 91' lang='lat'>‘</span> <span class='ocrx_word' id='word_1_84' title='bbox 369 2132 547 2175; x_wconf 88' lang='lat' dir='ltr'><strong>maximo</strong></span> <span class='ocrx_word' id='word_1_85' title='bbox 573 2133 686 2190; x_wconf 88' lang='lat' dir='ltr'><strong>apud</strong></span> <span class='ocrx_word' id='word_1_86' title='bbox 712 2132 970 2176; x_wconf 81' lang='lat' dir='ltr'><strong>Christianos</strong></span> <span class='ocrx_word' id='word_1_87' title='bbox 995 2132 1223 2190; x_wconf 90' lang='lat' dir='ltr'><strong>primorum</strong></span> <span class='ocrx_word' id='word_1_88' title='bbox 1252 2132 1507 2175; x_wconf 87' lang='lat' dir='ltr'><strong>saeculorum</strong></span> <span class='ocrx_word' id='word_1_89' title='bbox 1537 2131 1671 2188; x_wconf 88' lang='lat' dir='ltr'><strong>pretio</strong></span> <span class='ocrx_word' id='word_1_90' title='bbox 1699 2138 1742 2174; x_wconf 87' lang='lat' dir='ltr'><strong>et</strong></span> 
     </span>
     <span class='ocr_line' id='line_1_13' title="bbox 336 2199 1742 2259; baseline -0.001 -16"><span class='ocrx_word' id='word_1_91' title='bbox 336 2209 347 2225; x_wconf 81' lang='lat'>‘</span> <span class='ocrx_word' id='word_1_92' title='bbox 367 2202 524 2245; x_wconf 86' lang='lat' dir='ltr'><strong>honore</strong></span> <span class='ocrx_word' id='word_1_93' title='bbox 552 2202 708 2253; x_wconf 85' lang='lat' dir='ltr'><strong>habita,</strong></span> <span class='ocrx_word' id='word_1_94' title='bbox 737 2202 780 2244; x_wconf 91' lang='lat' dir='ltr'><strong>in</strong></span> <span class='ocrx_word' id='word_1_95' title='bbox 805 2217 981 2259; x_wconf 90' lang='lat' dir='ltr'><strong>quorum</strong></span> <span class='ocrx_word' id='word_1_96' title='bbox 1009 2202 1244 2245; x_wconf 83' lang='lat' dir='ltr'><strong>solennibus</strong></span> <span class='ocrx_word' id='word_1_97' title='bbox 1270 2199 1539 2243; x_wconf 85' lang='lat' dir='ltr'><strong>conventibus</strong></span> <span class='ocrx_word' id='word_1_98' title='bbox 1567 2199 1650 2257; x_wconf 83' lang='lat' dir='ltr'><strong>legi</strong></span> <span class='ocrx_word' id='word_1_99' title='bbox 1679 2214 1742 2242; x_wconf 88' lang='lat' dir='ltr'><strong>so-</strong></span> 
     </span>
     <span class='ocr_line' id='line_1_14' title="bbox 335 2267 1742 2328; baseline -0.002 -15"><span class='ocrx_word' id='word_1_100' title='bbox 335 2278 345 2294; x_wconf 85' lang='lat'>‘</span> <span class='ocrx_word' id='word_1_101' title='bbox 369 2271 492 2319; x_wconf 84' lang='lat' dir='ltr'><strong>lebat.</strong></span> <span class='ocrx_word' id='word_1_102' title='bbox 521 2277 564 2313; x_wconf 89' lang='lat' dir='ltr'><strong>et</strong></span> <span class='ocrx_word' id='word_1_103' title='bbox 590 2286 641 2313; x_wconf 87' lang='lat' dir='ltr'><strong>ex</strong></span> <span class='ocrx_word' id='word_1_104' title='bbox 670 2285 753 2328; x_wconf 90' lang='lat' dir='ltr'><strong>qua</strong></span> <span class='ocrx_word' id='word_1_105' title='bbox 773 2270 975 2313; x_wconf 86' lang='lat' dir='ltr'><strong>Eusebius</strong></span> <span class='ocrx_word' id='word_1_106' title='bbox 1005 2270 1115 2321; x_wconf 84' lang='lat' dir='ltr'><strong>dicit,</strong></span> <span class='ocrx_word' id='word_1_107' title='bbox 1145 2270 1254 2313; x_wconf 89' lang='lat' dir='ltr'><strong>inter</strong></span> <span class='ocrx_word' id='word_1_108' title='bbox 1281 2269 1374 2319; x_wconf 82' lang='lat' dir='ltr'><strong>alia,</strong></span> <span class='ocrx_word' id='word_1_109' title='bbox 1396 2268 1597 2325; x_wconf 79' lang='lat' dir='ltr'><strong>quaedam</strong></span> <span class='ocrx_word' id='word_1_110' title='bbox 1629 2267 1742 2310; x_wconf 87' lang='lat' dir='ltr'><strong>testi-</strong></span> 
     </span>
     <span class='ocr_line' id='line_1_15' title="bbox 335 2336 1803 2397; baseline -0.002 -16"><span class='ocrx_word' id='word_1_111' title='bbox 335 2347 345 2362; x_wconf 87' lang='lat'>‘</span> <span class='ocrx_word' id='word_1_112' title='bbox 369 2339 505 2381; x_wconf 81' lang='lat' dir='ltr'><strong>monia</strong></span> <span class='ocrx_word' id='word_1_113' title='bbox 539 2354 590 2382; x_wconf 89' lang='lat' dir='ltr'><strong>cx</strong></span> <span class='ocrx_word' id='word_1_114' title='bbox 627 2339 755 2397; x_wconf 86' lang='lat' dir='ltr'><strong>priori</strong></span> <span class='ocrx_word' id='word_1_115' title='bbox 794 2340 837 2382; x_wconf 82' lang='lat' dir='ltr'><strong>S.</strong></span> <span class='ocrx_word' id='word_1_116' title='bbox 869 2338 983 2382; x_wconf 89' lang='lat' dir='ltr'><strong>Petri</strong></span> <span class='ocrx_word' id='word_1_117' title='bbox 1016 2338 1204 2396; x_wconf 79' lang='lat' dir='ltr'><strong>Epistola</strong></span> <span class='ocrx_word' id='word_1_118' title='bbox 1238 2338 1456 2394; x_wconf 82' lang='lat' dir='ltr'><strong>desumpta</strong></span> <span class='ocrx_word' id='word_1_119' title='bbox 1495 2350 1598 2388; x_wconf 87' lang='lat' dir='ltr'><strong>esse,</strong></span> <span class='ocrx_word' id='word_1_120' title='bbox 1629 2336 1740 2392; x_wconf 89' lang='lat' dir='ltr'><strong>quod</strong></span> <span class='ocrx_word' id='word_1_121' title='bbox 1758 2350 1803 2389; x_wconf 88' lang='lat'><strong>15</strong></span> 
     </span>
     <span class='ocr_line' id='line_1_16' title="bbox 336 2405 1740 2465; baseline -0.004 -14"><span class='ocrx_word' id='word_1_122' title='bbox 336 2415 345 2431; x_wconf 85' lang='lat'>⁸</span> <span class='ocrx_word' id='word_1_123' title='bbox 370 2408 522 2465; x_wconf 82' lang='lat' dir='ltr'><strong>legenti</strong></span> <span class='ocrx_word' id='word_1_124' title='bbox 550 2408 714 2451; x_wconf 87' lang='lat' dir='ltr'><strong>abunde</strong></span> <span class='ocrx_word' id='word_1_125' title='bbox 742 2407 972 2451; x_wconf 79' lang='lat' dir='ltr'><strong>constabit:</strong></span> <span class='ocrx_word' id='word_1_126' title='bbox 1013 2422 1088 2450; x_wconf 88' lang='lat' dir='ltr'><strong>nec</strong></span> <span class='ocrx_word' id='word_1_127' title='bbox 1115 2406 1250 2449; x_wconf 83' lang='lat' dir='ltr'><strong>minus</strong></span> <span class='ocrx_word' id='word_1_128' title='bbox 1276 2405 1552 2448; x_wconf 84' lang='lat' dir='ltr'><strong>sanctissimus</strong></span> <span class='ocrx_word' id='word_1_129' title='bbox 1574 2405 1740 2461; x_wconf 83' lang='lat' dir='ltr'><strong>Martyr</strong></span> 
     </span>
     <span class='ocr_line' id='line_1_17' title="bbox 335 2473 1740 2534; baseline -0.003 -15"><span class='ocrx_word' id='word_1_130' title='bbox 335 2484 345 2500; x_wconf 80' lang='lat'><strong><em>⁴</em></strong></span> <span class='ocrx_word' id='word_1_131' title='bbox 368 2477 409 2519; x_wconf 85' lang='lat' dir='ltr'><strong>in</strong></span> <span class='ocrx_word' id='word_1_132' title='bbox 448 2476 633 2534; x_wconf 86' lang='lat' dir='ltr'><strong>Epistola</strong></span> <span class='ocrx_word' id='word_1_133' title='bbox 665 2476 708 2520; x_wconf 83' lang='lat' dir='ltr'><strong>S.</strong></span> <span class='ocrx_word' id='word_1_134' title='bbox 741 2475 964 2519; x_wconf 83' lang='lat' dir='ltr'><strong>Clementis</strong></span> <span class='ocrx_word' id='word_1_135' title='bbox 997 2474 1171 2518; x_wconf 83' lang='lat' dir='ltr'><strong>Romani</strong></span> <span class='ocrx_word' id='word_1_136' title='bbox 1202 2474 1256 2517; x_wconf 85' lang='lat' dir='ltr'><strong>ad</strong></span> <span class='ocrx_word' id='word_1_137' title='bbox 1288 2473 1524 2517; x_wconf 82' lang='lat' dir='ltr'><strong>Corinthios</strong></span> <span class='ocrx_word' id='word_1_138' title='bbox 1555 2480 1740 2516; x_wconf 84' lang='lat' dir='ltr'><strong>versatus</strong></span> 
     </span>
     <span class='ocr_line' id='line_1_18' title="bbox 336 2541 1738 2602; baseline -0.004 -14"><span class='ocrx_word' id='word_1_139' title='bbox 336 2545 468 2588; x_wconf 81' lang='lat' dir='ltr'><strong>‘mihi</strong></span> <span class='ocrx_word' id='word_1_140' title='bbox 505 2545 680 2595; x_wconf 81' lang='lat' dir='ltr'><strong>videtur,</strong></span> <span class='ocrx_word' id='word_1_141' title='bbox 713 2544 828 2602; x_wconf 88' lang='lat' dir='ltr'><strong>cujus</strong></span> <span class='ocrx_word' id='word_1_142' title='bbox 864 2544 992 2587; x_wconf 84' lang='lat' dir='ltr'><strong>verba</strong></span> <span class='ocrx_word' id='word_1_143' title='bbox 1026 2558 1190 2601; x_wconf 85' lang='lat' dir='ltr'><strong>quoque</strong></span> <span class='ocrx_word' id='word_1_144' title='bbox 1237 2555 1534 2600; x_wconf 80' lang='lat' dir='ltr'><strong>saepenumero</strong></span> <span class='ocrx_word' id='word_1_145' title='bbox 1575 2541 1738 2584; x_wconf 88' lang='lat' dir='ltr'><strong>retinet.</strong></span> 
     </span>
     <span class='ocr_line' id='line_1_19' title="bbox 336 2609 1739 2671; baseline -0.004 -14"><span class='ocrx_word' id='word_1_146' title='bbox 336 2622 344 2637; x_wconf 83' lang='lat'>⁸</span> <span class='ocrx_word' id='word_1_147' title='bbox 372 2613 548 2658; x_wconf 87' lang='lat' dir='ltr'><strong>Unicum</strong></span> <span class='ocrx_word' id='word_1_148' title='bbox 580 2613 681 2657; x_wconf 87' lang='lat' dir='ltr'><strong>illud</strong></span> <span class='ocrx_word' id='word_1_149' title='bbox 711 2612 923 2671; x_wconf 86' lang='lat' dir='ltr'><strong>exemplar</strong></span> <span class='ocrx_word' id='word_1_150' title='bbox 944 2612 1108 2656; x_wconf 87' lang='lat' dir='ltr'><strong>videtur</strong></span> <span class='ocrx_word' id='word_1_151' title='bbox 1134 2611 1177 2654; x_wconf 90' lang='lat' dir='ltr'><strong>in</strong></span> <span class='ocrx_word' id='word_1_152' title='bbox 1206 2610 1443 2655; x_wconf 83' lang='lat' dir='ltr'><strong>Christiano</strong></span> <span class='ocrx_word' id='word_1_153' title='bbox 1473 2610 1574 2653; x_wconf 86' lang='lat' dir='ltr'><strong>orbe</strong></span> <span class='ocrx_word' id='word_1_154' title='bbox 1603 2609 1739 2653; x_wconf 87' lang='lat' dir='ltr'><strong>adhuc</strong></span> 
     </span>
     <span class='ocr_line' id='line_1_20' title="bbox 336 2681 1805 2740; baseline -0.004 -14"><span class='ocrx_word' id='word_1_155' title='bbox 336 2691 344 2706; x_wconf 82' lang='lat'><strong>¹</strong></span> <span class='ocrx_word' id='word_1_156' title='bbox 369 2690 595 2739; x_wconf 84' lang='lat' dir='ltr'><strong>repertum,</strong></span> <span class='ocrx_word' id='word_1_157' title='bbox 626 2697 708 2740; x_wconf 92' lang='lat' dir='ltr'><strong>quo</strong></span> <span class='ocrx_word' id='word_1_158' title='bbox 745 2696 842 2725; x_wconf 83' lang='lat' dir='ltr'><strong>usus</strong></span> <span class='ocrx_word' id='word_1_159' title='bbox 876 2688 939 2724; x_wconf 88' lang='lat' dir='ltr'><strong>est</strong></span> <span class='ocrx_word' id='word_1_160' title='bbox 962 2681 1211 2729; x_wconf 54' lang='lat' dir='ltr'><strong>‘Turrianum</strong></span> <span class='ocrx_word' id='word_1_161' title='bbox 1243 2694 1295 2723; x_wconf 85' lang='lat' dir='ltr'><strong>ex</strong></span> <span class='ocrx_word' id='word_1_162' title='bbox 1325 2694 1407 2736; x_wconf 91' lang='lat' dir='ltr'><strong>quo</strong></span> <span class='ocrx_word' id='word_1_163' title='bbox 1438 2685 1604 2722; x_wconf 80' lang='lat' dir='ltr'><strong>caetera</strong></span> <span class='ocrx_word' id='word_1_164' title='bbox 1640 2692 1738 2735; x_wconf 86' lang='lat' dir='ltr'><strong>apo·</strong></span> <span class='ocrx_word' id='word_1_165' title='bbox 1757 2694 1805 2720; x_wconf 85' lang='lat'><strong>20</strong></span> 
     </span>
     <span class='ocr_line' id='line_1_21' title="bbox 337 2747 1738 2810; baseline -0.005 -15"><span class='ocrx_word' id='word_1_166' title='bbox 337 2761 344 2775; x_wconf 90' lang='grc'>·</span> <span class='ocrx_word' id='word_1_167' title='bbox 369 2752 533 2810; x_wconf 75' lang='lat' dir='ltr'><strong>grapha</strong></span> <span class='ocrx_word' id='word_1_168' title='bbox 559 2752 813 2795; x_wconf 83' lang='lat' dir='ltr'><strong>derivantur.</strong></span> <span class='ocrx_word' id='word_1_169' title='bbox 879 2750 1047 2794; x_wconf 85' lang='lat' dir='ltr'><strong>Utinam</strong></span> <span class='ocrx_word' id='word_1_170' title='bbox 1071 2764 1168 2793; x_wconf 86' lang='lat' dir='ltr'><strong>vero</strong></span> <span class='ocrx_word' id='word_1_171' title='bbox 1199 2748 1270 2792; x_wconf 84' lang='lat' dir='ltr'><strong>illa</strong></span> <span class='ocrx_word' id='word_1_172' title='bbox 1290 2748 1451 2792; x_wconf 84' lang='lat' dir='ltr'><strong>Graece</strong></span> <span class='ocrx_word' id='word_1_173' title='bbox 1478 2747 1642 2805; x_wconf 82' lang='lat' dir='ltr'><strong>integra</strong></span> <span class='ocrx_word' id='word_1_174' title='bbox 1669 2762 1738 2788; x_wconf 86' lang='lat' dir='ltr'><strong>ex-</strong></span> 
     </span>
     <span class='ocr_line' id='line_1_22' title="bbox 337 2817 1739 2875; baseline -0.004 -12"><span class='ocrx_word' id='word_1_175' title='bbox 337 2830 345 2844; x_wconf 90' lang='lat'><strong>·</strong></span> <span class='ocrx_word' id='word_1_176' title='bbox 370 2821 540 2864; x_wconf 66' lang='lat' dir='ltr'><strong>stitisset</strong></span> <span class='ocrx_word' id='word_1_177' title='bbox 565 2820 575 2863; x_wconf 75' lang='lat' dir='ltr'><strong>l</strong></span> <span class='ocrx_word' id='word_1_178' title='bbox 643 2819 872 2862; x_wconf 79' lang='lat' dir='ltr'><strong>nolendum</strong></span> <span class='ocrx_word' id='word_1_179' title='bbox 901 2818 1008 2862; x_wconf 84' lang='lat' dir='ltr'><strong>enim</strong></span> <span class='ocrx_word' id='word_1_180' title='bbox 1037 2825 1113 2869; x_wconf 82' lang='lat' dir='ltr'><strong>est,</strong></span> <span class='ocrx_word' id='word_1_181' title='bbox 1136 2817 1405 2875; x_wconf 83' lang='lat' dir='ltr'><strong>posteriorem</strong></span> <span class='ocrx_word' id='word_1_182' title='bbox 1435 2822 1609 2874; x_wconf 79' lang='lat' dir='ltr'><strong>partem,</strong></span> <span class='ocrx_word' id='word_1_183' title='bbox 1633 2830 1739 2872; x_wconf 76' lang='lat' dir='ltr'><strong>quae</strong></span> 
     </span>
     <span class='ocr_line' id='line_1_23' title="bbox 338 2884 1738 2946; baseline -0.005 -13"><span class='ocrx_word' id='word_1_184' title='bbox 338 2890 543 2933; x_wconf 78' lang='lat' dir='ltr'><strong>·enn‹1‹·m</strong></span> <span class='ocrx_word' id='word_1_185' title='bbox 577 2896 784 2933; x_wconf 81' lang='lat' dir='ltr'><strong>auctorem</strong></span> <span class='ocrx_word' id='word_1_186' title='bbox 823 2889 944 2946; x_wconf 76' lang='lat' dir='ltr'><strong>plane</strong></span> <span class='ocrx_word' id='word_1_187' title='bbox 980 2887 1121 2938; x_wconf 80' lang='lat' dir='ltr'><strong>habet,</strong></span> <span class='ocrx_word' id='word_1_188' title='bbox 1152 2886 1206 2930; x_wconf 87' lang='lat' dir='ltr'><strong>ibi</strong></span> <span class='ocrx_word' id='word_1_189' title='bbox 1240 2886 1413 2935; x_wconf 78' lang='lat' dir='ltr'><strong>deesse3</strong></span> <span class='ocrx_word' id='word_1_190' title='bbox 1466 2885 1538 2927; x_wconf 74' lang='lat' dir='ltr'><strong>sed</strong></span> <span class='ocrx_word' id='word_1_191' title='bbox 1574 2884 1738 2928; x_wconf 87' lang='lat' dir='ltr'><strong>interim</strong></span> 
     </span>
    </p>
   </div>
  </div>
 </body>
</html>
