1988 3216
487 241 550 282 IN
583 240 624 283 S.
655 241 985 283 POLYCARPI
1019 241 1367 284 EPISTOLAM.
1574 246 1626 285 31

224 359 322 386 num
352 345 508 402 aliquot
539 346 772 404 Polycarpi,
795 353 931 389 exstet
961 349 1009 389 in
1031 356 1300 403 praesentem
1333 350 1445 390 diem
1478 364 1553 405 pro
1584 353 1632 392 in

217 406 452 460 praesenti,
485 404 591 447 idem
628 404 830 446 revocavi.
891 405 1083 447 Fortasse
1114 405 1221 446 enim
1253 405 1476 462 scripserat
1508 407 1632 464 Poly-

225 476 388 518 carpus,
417 461 465 503 ὃν
493 461 611 516 μέχρι
638 465 706 503 τοῦ
733 463 926 515 παρόντος
952 464 1045 515 ὑμῖν
1073 463 1307 514 συνέστηκα,
1333 464 1395 504 καὶ
1425 467 1494 505 νῦν
1523 466 1632 506 συνί-

226 535 356 572 στημι.
419 520 502 561 Sed
531 525 742 576 comparet
771 519 813 561 in
842 520 965 562 MSto
993 526 1134 562 nostro
1156 520 1470 576 Magdalenensi
1499 521 1633 564 altera

186 582 209 621 5
226 576 357 627 lectio,
370 578 419 618 in
431 579 682 633 praesenti;
714 583 962 634 vertuntque
982 577 1164 619 Wakius
1179 584 1221 619 et
1239 577 1570 631 Clementsonus,
1589 587 1632 622 et

226 633 534 684 Chevallierius‚
557 636 604 676 in
633 635 700 677 the
721 643 894 690 present
920 650 944 677 e
972 636 1080 684 istle,
1102 637 1149 677 in
1169 637 1392 691 praesenti
1419 638 1602 692 epistola
1617 654 1630 678 .·

223 691 374 734 rectius
394 697 547 743 autem,
569 692 611 733 ni
631 692 765 741 fallor,
784 693 909 736 habet
963 692 1078 734 avius
1098 693 1296 742 hitherto,
1311 708 1442 749 usque
1462 696 1630 737 adhuc.-

223 748 350 791 vertit
380 749 572 792 Elborow
589 751 819 805 formerly,
851 751 966 792 olim.
1037 750 1205 792 Habere
1235 765 1334 792 vero
1365 751 1464 794 MS.
1499 752 1632 794 Medi-

223 806 443 848 ceo-Laur.
476 807 717 850 versionem
752 808 843 850 Lat..
876 807 1139 850 exhibentem
1179 810 1228 850 in
1250 811 1476 864 praesenti
1502 810 1634 852 refert

163 863 272 906 1001.
306 864 577 917 Jacobsonus,
614 864 684 921 qui
718 871 858 907 tamen
893 880 1027 908 meam
1061 865 1279 908 lectionem
1314 866 1357 908 in
1393 874 1632 910 contextum

222 936 318 964 rece
348 921 393 964 it.

282 937 387 1022 Iblid.
416 979 442 1021 l.
464 992 527 1034 13.
559 980 683 1022 credo
712 980 809 1036 quia
840 986 882 1023 et
919 980 1126 1023 vobiscum
1158 980 1362 1035 similiter]
1397 982 1508 1038 Apte
1538 997 1634 1024 con-

222 1036 306 1080 fert
325 1037 596 1090 JaeobsonuS‚
628 1051 641 1079 1
671 1038 760 1080 Pet.
785 1054 819 1080 v.
844 1052 908 1088 10,
932 1040 1012 1080 Διὰ
1033 1041 1257 1080 Σιλουανοῦ
1276 1040 1367 1091 ὑμῖν
1392 1043 1463 1081 τοῦ
1491 1044 1635 1082 πιστοῦ

224 1095 416 1148 ἀδελφοῦ,
439 1095 488 1139 ὡς
508 1095 726 1149 λογίζομαι.

165 1164 210 1203 15
283 1152 388 1195 Ibid.
412 1152 440 1194 l.
465 1163 528 1209 15.
557 1153 786 1194 Incolumes
813 1159 946 1195 estote
973 1152 1015 1194 in
1045 1152 1222 1194 Domino
1249 1154 1353 1196 Jesu
1383 1154 1563 1204 Christo,
1591 1155 1634 1197 in

224 1209 375 1266 gratia,
397 1224 487 1252 cum
517 1210 704 1252 omnibus
725 1210 890 1267 vestris]
923 1211 972 1252 In
994 1210 1145 1252 Latino
1171 1211 1310 1254 codice
1331 1212 1384 1253 D.
1403 1212 1633 1254 Alexandri

225 1267 384 1310 Petavii
418 1274 506 1310 tota
537 1267 724 1324 Epistola
754 1267 812 1310 ita
842 1267 1127 1310 concluditur:
1159 1270 1398 1312 Incolumes
1428 1278 1554 1312 estote
1586 1272 1634 1312 in

224 1326 410 1368 Domino
429 1326 534 1368 Jesu
559 1325 729 1368 Christo
744 1341 759 1374 ‚·
781 1334 821 1368 et
837 1326 992 1381 qratia
1013 1327 1153 1381 ipsius
1173 1341 1268 1368 eum
1288 1328 1483 1370 omnibus
1502 1328 1632 1371 vobis.

226 1382 428 1425 USSER.
503 1383 696 1425 Fortasse
729 1383 889 1426 Graece
919 1382 1228 1425 constituendus
1259 1383 1300 1425 in
1330 1384 1438 1426 hunc
1467 1385 1634 1427 modum

163 1459 212 1485 20
224 1445 336 1483 totus
360 1439 473 1482 locus
499 1446 590 1491 est;
616 1440 824 1494 Ἔῤῥωσθε
846 1442 892 1483 ἐν
914 1443 1043 1496 Κυρίῳ
1063 1439 1199 1493 Ἰησοῦ
1220 1443 1393 1498 Χριστῷ,
1419 1444 1464 1484 ἐν
1487 1443 1633 1497 χάριτι,

223 1500 324 1550 μετὰ
343 1496 501 1540 πάντων
530 1501 609 1539 τῶν
632 1497 842 1551 ὑμετέρων.
904 1498 1089 1540 Verbum
1111 1498 1219 1540 enim
1242 1499 1415 1552 ἔῤῥωσθε
1435 1500 1489 1541 ab
1512 1500 1531 1542 I
1564 1515 1636 1542 na-

224 1555 282 1598 tio
311 1554 352 1597 in
380 1555 462 1597 fine
483 1555 762 1612 Epistolarum
792 1570 916 1612 saepe
943 1555 1120 1612 positum
1150 1562 1241 1605 est;
1274 1563 1316 1599 et
1345 1556 1516 1600 Glossae
1533 1515 1635 1600 zet.

224 1612 395 1664 habent,
415 1611 676 1666 Ἐῥρωμένος,
697 1614 885 1664 validus,
907 1613 1141 1656 incolumis:
1177 1620 1220 1656 et
1248 1615 1495 1664 Incolumis,
1518 1618 1635 1669 ἐῤῥω-

223 1669 354 1723 μένος,
389 1670 513 1724 ὑγιὴς,
549 1671 735 1723 ἆκαίριος,
773 1675 886 1718 σῶος,
924 1672 1067 1724 ἄρτιος.
1145 1671 1335 1728 Denique
1370 1687 1447 1728 pro
1482 1675 1636 1716 vestris

164 1739 212 1779 25
226 1727 358 1770 minus
377 1734 475 1784 apte
495 1728 622 1770 habet
641 1730 801 1771 nostris
822 1729 912 1770 MS.
937 1728 1122 1786 Magdal.
1184 1730 1300 1771 Haec
1320 1730 1632 1772 adnotaveram.

226 1786 348 1828 Nunc
387 1800 487 1827 vero
531 1785 642 1828 delet
681 1785 926 1842 particulam
967 1787 1015 1828 in
1054 1793 1152 1828 ante
1192 1802 1331 1829 vocem
1378 1789 1542 1831 Gratia
1583 1789 1633 1830 cl.

225 1843 494 1895 Jacobsonus‚
516 1842 914 1900 imprimendumque
939 1843 1112 1894 curavit,
1139 1845 1302 1887 Gratia
1323 1860 1418 1887 cum
1440 1848 1636 1888 omnibus

225 1903 388 1945 vestris.
462 1901 660 1944 Attamen
696 1915 773 1958 ego
807 1901 973 1944 Veteris
1009 1902 1102 1943 Inte
1156 1902 1256 1944 retis
1293 1903 1553 1953 auctoritate,
1588 1910 1635 1946 ut

225 1958 268 2001 in
308 1957 514 2001 sententia
553 1965 748 2016 perstem,
788 1958 992 2010 inductus,
1033 1959 1123 2001 simi
1141 1959 1221 2002 iter
1262 1960 1508 2003 scribentem
1543 1961 1635 2018 jam

162 2033 214 2071 30
227 2016 346 2060 video
383 2017 625 2082 Apostolum
661 2016 715 2058 ad
756 2016 1031 2066 Timotheum,
1070 2018 1287 2069 ἐνδυναμοῦ
1322 2019 1366 2059 ἐν
1405 2019 1452 2075 τῇ
1489 2020 1635 2073 χάριτι,

229 2086 253 2117 2
289 2074 395 2116 Tim.
427 2073 469 2116 1i.
498 2087 530 2115 1.
608 2074 750 2116 Habet
786 2074 974 2131 Ignatius
1008 2088 1172 2130 quoque
1206 2074 1287 2116 fine
1328 2075 1540 2131 Epistolae
1579 2076 1637 2118 ad

228 2132 492 2189 Smyrnaeos,
512 2129 719 2186 Ἕῤῥωσθε
750 2132 795 2172 ἐν
820 2131 962 2186 χάριτι.
1024 2131 1116 2173 Ηοο
1143 2131 1321 2188 denique
1349 2133 1401 2175 de
1428 2133 1636 2190 interpre-

226 2189 382 2232 tatione
415 2188 578 2231 Graeca
611 2188 741 2235 verbi,
771 2189 1007 2231 Incolumes
1041 2197 1179 2238 estote,
1210 2189 1375 2242 addam,
1406 2192 1517 2247 quod
1552 2206 1635 2248 quo

226 2247 315 2290 loco
346 2245 556 2302 Epistolae
587 2246 690 2288 falso
721 2245 855 2288 dictae
887 2246 1038 2302 Ignatii
1069 2246 1432 2290 ad'Antiochenos
1468 2255 1636 2292 exstant

165 2318 215 2359 35
227 2305 320 2354 ista,
336 2303 543 2358 Ἔρῤωσθε
573 2304 665 2370 Θεῷ
695 2304 756 2345 καὶ
785 2304 955 2360 Χριστῷ,
977 2305 1274 2358 πεφωτισμένοι
1302 2306 1355 2363 τῷ
1383 2308 1482 2362 ἁγίῳ
1505 2308 1634 2349 slva?-

226 2379 335 2416 ματι,
355 2377 404 2404 eo
426 2361 589 2404 demum
618 2376 675 2403 Sic
695 2361 821 2404 vertit
844 2362 973 2404 Vetus
995 2362 1224 2419 Interpres,
1245 2364 1483 2407 Incolumes
1508 2372 1637 2408 estote

228 2421 318 2464 Deo
337 2428 376 2463 et
401 2420 582 2468 Christo,
604 2419 847 2462 illuminati
866 2419 1040 2476 Spiritu
1060 2420 1232 2463 Sancto.
1255 2423 1286 2477 ξ.
1309 2421 1384 2464 ult.
