1988 3216
386 514 881 570 lssssOATTO'r
940 510 1437 566 EIIIEKOHOT

294 666 407 715 ΕΙΣ
446 666 598 716 ΤΗΝ
640 663 921 714 ΑῙΡΕΣΙΝ
964 661 1265 712 ΝΟΗΤΟΥ
1302 661 1539 711 ΤΙΝΟΣ.

498 816 922 871 HIPPOLYTI
986 813 1333 868 EPISCOPI

270 939 534 988 CONTRA
573 937 919 987 HAERESIM
956 936 1151 985 ΝΟΕΤΙ
1187 905 1554 986 CUJUSDAM.

175 1096 198 1133 5
890 1094 994 1130 slve,

430 1189 690 1228 EXTREMA
731 1188 867 1227 PARS
906 1187 1058 1226 LIBRI
1099 1185 1396 1224 DEPERDITI

466 1275 779 1318 ADVERSUS
811 1274 1012 1317 OMNES
1044 1272 1365 1315 HAERESES.

212 1518 270 1574 α’.
311 1508 579 1573 ΕΤΕΡΟῙ
632 1542 750 1576 τινες
808 1519 969 1587 ἑτέραν
1021 1520 1338 1570 διδασκαλίαν
1390 1517 1619 1586 παρεισά-

212 1629 403 1673 γουσιν,
433 1606 678 1673 γενόμενοί
712 1628 838 1660 τινος
877 1604 1071 1670 Νοήτου
1107 1606 1331 1669 μαθηταὶ,
1363 1603 1414 1659 ὃς
1451 1604 1506 1656 τὸ
1536 1604 1623 1669 μὲν

152 1719 200 1745 10
213 1690 348 1759 γένος
389 1689 448 1756 ἦν
488 1694 771 1758 Σμυρναῖος,
811 1691 866 1741 οὐ
905 1688 1001 1758 πρὸ
1039 1695 1234 1741 πολλοῦ
1271 1687 1446 1759 χρόνου
1486 1690 1621 1756 γενό-

210 1799 363 1842 μενος.
447 1776 607 1832 Οὗτος
632 1777 889 1847 φυσιωθεὶς
921 1779 984 1830 εἰς
1016 1774 1276 1843 ἐπῃρμένον
1303 1775 1444 1844 ἤχθη,
1475 1774 1625 1841 οἰήσει

210 1860 477 1927 πνεύματος
501 1861 764 1929 ἀλλοτρίου
788 1861 1004 1930 ἐπαχθείς
1036 1860 1154 1934 [fors.
1181 1859 1441 1932 ἐπαρθείς]
1485 1858 1625 1929 Ἔφη

210 1945 295 1999 τὸν
321 1946 540 2015 Χριστὸν
565 1945 710 1999 αὐτὸν
743 1943 857 1998 εἶναι
895 1945 980 1998 τὸν
1021 1946 1228 2014 Πατέρα,
1260 1947 1336 1997 καὶ
1368 1944 1513 1997 αὐτὸν
1541 1945 1625 1998 τὸν

214 2030 408 2100 Πατέρα
445 2034 759 2099 γεγεννῆσθαι
803 2034 880 2083 καὶ
918 2031 1198 2084 πεπονθέναι
1243 2033 1319 2083 καὶ
1361 2032 1621 2096 ἀποτεθνη-

152 2136 198 2174 15
213 2115 356 2168 κε’ναι.
435 2117 630 2185 Ὁρᾶτε,
668 2116 788 2168 ὅσον
826 2117 1015 2183 ἔπαρμα
1048 2116 1242 2184 καρδίας
1280 2117 1357 2167 καὶ
1393 2117 1625 2185 φυσίωμα

211 2199 478 2266 πνεύματος
503 2202 765 2271 ἀλλοτρίου
792 2203 1079 2266 ὑπεισῆλθεν
1098 2204 1161 2256 εἰς
1187 2200 1346 2253 αὐτόν.
1382 2199 1518 2266 Ἠδη
1537 2200 1624 2265 μὲν

213 2286 297 2338 οὖν
319 2287 370 2338 ἐκ
403 2291 500 2338 τῶν
524 2286 692 2354 ἑτέρων
716 2284 939 2354 πράξεων
964 2289 1028 2342 εὶς
1061 2292 1201 2338 τοῦτο
1224 2285 1410 2355 φέρεται
1438 2288 1463 2337 ὁ
1489 2286 1624 2352 ἔλεγ-

211 2393 298 2440 χος·
322 2371 494 2435 αὐτῶν,
520 2371 591 2424 ὅτι
615 2370 682 2437 μὴ
714 2373 906 2441 καθαρῷ
937 2370 1167 2437 πνεύματι
1204 2370 1478 2441 ἐφθέγγετο,
1559 2372 1623 2422 ‘O

577 2495 787 2532 Francisco
810 2494 1010 2532 Twrriano
1030 2495 1251 2545 Imm-prete.

267 2558 300 2596 1.
323 2557 421 2596 Anu
441 2560 599 2610 quidam
618 2560 733 2598 aliam
748 2559 889 2598 doctri·
945 2561 1109 2598 eundem
1131 2560 1295 2607 Patrem,
1326 2560 1528 2610 ipsumque
1555 2560 1622 2598 Pa-

211 2626 301 2651 nam
333 2613 668 2661 subintroducunt,
698 2614 788 2653 facti
813 2613 890 2651 dis·
946 2619 1045 2652 trem
1073 2614 1247 2665 genitum
1279 2628 1360 2652 esse
1390 2619 1429 2652 et
1455 2628 1619 2664 passum.

211 2666 328 2718 cipuli
351 2667 551 2717 cujusdam
579 2668 711 2716 Noeffi,
731 2668 797 2719 qui
826 2681 890 2719 ge·
947 2667 1086 2707 Videte
1115 2673 1259 2719 quanta
1285 2668 1400 2706 elatio
1427 2668 1552 2706 cordis
1583 2675 1622 2707 et

210 2734 301 2760 nere
341 2721 498 2772 quidem
545 2722 777 2773 Smyrnaeus
813 2722 888 2760 fuit
943 2722 1091 2761 inflatio
1119 2723 1278 2773 spiritus
1308 2723 1422 2761 alieni
1460 2723 1500 2760 in
1532 2736 1620 2761 eum

211 2789 288 2814 non
311 2776 434 2814 multo
462 2781 561 2815 ante.
621 2776 699 2814 Hie
732 2776 888 2815 inflatus
942 2777 1070 2815 subiit.
1109 2777 1134 2814 J
1137 2790 1199 2814 am
1219 2777 1340 2827 igitur
1358 2790 1406 2816 ex
1425 2777 1510 2815 aliis
1529 2778 1620 2816 acti-

211 2829 251 2868 in
270 2831 475 2870 elationem
503 2836 707 2881 provectus
730 2836 799 2878 est,
819 2830 887 2868 ali·
942 2831 1014 2868 bus
1066 2832 1344 2882 deprehensum
1398 2837 1468 2873 est.
1517 2833 1621 2882 quod

211 2884 271 2922 eni
303 2884 461 2936 spiritus
492 2885 776 2924 existimatione
813 2885 887 2923 ela·
944 2898 1021 2923 non
1049 2886 1278 2936 loquebatur
1295 2886 1434 2936 spiritu
1463 2887 1617 2924 mundo.

211 2943 284 2976 tus.
345 2939 456 2978 Dixit
482 2940 543 2978 hic
575 2939 773 2978 Christum
807 2953 886 2978 esse
944 2940 1020 2988 Qui
1041 2941 1142 2978 enim
1167 2940 1206 2978 in
1237 2940 1425 2991 Spiritum
1444 2947 1619 2980 sanctum

271 3007 361 3034 von.
388 3007 414 3033 1.
990 3007 1012 3034 Β
