2034 3204
388 218 452 262 IN
482 218 769 262 TERTULL.
800 218 878 261 DE
911 217 1287 262 PRAESCRIPT.
1316 217 1492 259 HAER.
1559 217 1644 262 199

243 324 284 366 S.
299 324 414 368 Petri
442 324 762 382 reprehensione
791 323 1045 367 doctissimos
1074 324 1183 365 inter
1206 322 1297 365 illos
1326 328 1468 379 patres
1497 326 1645 364 exorta

243 381 352 425 circa
370 396 523 424 annum
540 381 697 425 Christi
717 395 874 425 cccclv.
927 380 1091 424 Videsis
1110 388 1154 423 et
1171 379 1396 422 Baronium
1416 380 1470 422 ad
1491 394 1644 421 annum

243 439 426 496 vulgaris
455 454 579 482 aerae
606 453 648 481 m
675 454 752 496 pro
782 439 942 482 Hieron
974 453 1040 481 mo
1069 445 1216 481 contra
1237 437 1515 495 Augustinum
1545 436 1645 478 scri-

242 496 432 547 bentem;
469 502 512 539 et
540 496 732 539 Natalem
763 497 926 539 Alexan
980 511 1062 548 um,
1089 495 1159 552 qui
1190 495 1414 537 Baronium
1445 509 1496 536 ea
1525 493 1567 535 in
1597 508 1643 536 re

206 569 228 608 5
243 554 439 596 refutavit
459 554 615 596 Disser.
638 568 669 595 x
689 555 743 596 ad
763 555 971 597 saeculum
993 553 1198 597 Ecclesiae
1219 553 1408 610 primum.
1469 552 1644 594 Tuom-

242 625 350 654 sum
369 617 508 654 textus
528 611 675 661 editor,
697 612 747 655 cl.
763 613 954 654 Vnzzosl.

299 669 346 711 P.
369 683 460 722 141.
481 669 510 711 l.
527 684 567 720 4.
591 669 820 712 doctrinam
851 668 1122 726 superiorem]
1165 668 1300 720 Quam
1330 666 1644 725 praedicaverat

243 727 405 778 Petrus,
426 732 473 769 ut
492 732 652 770 constat
672 741 723 769 ex
738 727 826 783 jam
847 741 974 784 supra
993 726 1124 769 dictis.

300 784 406 826 Ibid.
427 784 453 826 l.
471 798 511 841 9.
533 784 576 826 in
595 799 702 841 quae
722 791 765 826 et
783 782 1249 841 ipsi—committebant]
1284 782 1481 826 Similiter
1501 781 1644 824 scribit

183 856 230 881 10
244 841 466 898 Septimius
486 857 574 899 cap.
596 856 625 895 4
645 842 916 899 Apologeffici,
938 847 950 866 ‘
965 842 1014 883 In
1036 856 1176 884 verum
1199 840 1468 883 committitur
1489 839 1644 882 crimen

243 906 253 922 ‘
270 898 586 956 irreligiositatis
606 903 774 941 errore!
832 899 939 941 Dein
961 914 1049 956 cap.
1068 912 1134 954 29,
1158 906 1167 922 ‘
1184 899 1284 941 Ideo
1304 913 1407 955 ergo
1428 896 1644 940 committi-

243 963 251 980 ‘
270 971 360 998 mus
380 956 421 998 in
443 956 700 1013 majestatem
722 957 1045 1013 imperatorum.'

300 1014 404 1056 Ibid.
425 1014 452 1056 l.
477 1026 543 1056 20.
575 1015 710 1056 nescio
739 1014 840 1070 quid
868 1014 986 1068 illud]
1023 1013 1208 1070 Respicit
1237 1013 1412 1055 fortasse
1439 1013 1490 1064 Q.
1509 1012 1645 1069 Septi-

240 1071 345 1113 mius
364 1071 419 1114 ad
439 1071 559 1114 Pauli
579 1071 883 1128 Apocalypsim,
897 1071 1198 1114 haereticorum
1220 1071 1476 1128 figmentum,
1490 1070 1542 1112 de
1562 1085 1644 1127 quo

181 1138 227 1176 15
241 1129 350 1171 inter
370 1135 529 1171 ceteros
551 1129 680 1171 videri
708 1129 862 1185 poterit
881 1129 1150 1187 Augustinu8‚
1171 1135 1354 1171 tractatu
1374 1129 1428 1184 98
1452 1128 1492 1170 in
1513 1128 1643 1170 Joan-

241 1201 347 1228 nem.
409 1186 524 1228 Idem
548 1186 744 1229 Vnzzosn

299 1243 404 1286 lbid.
426 1244 451 1285 l.
471 1257 536 1299 25.
559 1250 606 1286 ut
625 1243 818 1297 diximus]
852 1243 998 1301 Capite
1023 1256 1089 1285 22.
1151 1244 1251 1286 Post
1270 1243 1372 1285 alios
1392 1242 1541 1284 reduxi
1562 1249 1643 1285 vet.

240 1301 333 1343 lect.
350 1302 424 1344 sed
443 1316 527 1344 non
547 1303 707 1351 omnia,
729 1315 805 1358 pro
823 1316 908 1344 non
933 1310 1074 1344 tamen
1094 1303 1253 1343 onznia.
1316 1300 1588 1356 Inferiusque,
1609 1300 1644 1342 si

240 1358 339 1414 quid
359 1358 402 1400 id
421 1358 564 1406 refert,
588 1360 838 1413 testificatus
857 1367 918 1401 est
936 1373 1015 1424 pro
1037 1367 1215 1401 testatus
1234 1366 1308 1401 esc.

179 1429 228 1454 20
299 1415 403 1458 Ibid.
425 1416 451 1458 l.
473 1429 542 1472 32.
578 1415 689 1467 Quid
708 1416 786 1457 hoc
805 1416 1035 1472 depoffltum
1057 1422 1121 1458 cst
1140 1423 1223 1458 tam
1245 1416 1451 1463 idoneum,
1474 1421 1519 1457 ut
1539 1415 1636 1470 δια]

241 1472 309 1515 Sic
336 1472 430 1515 edd.
454 1473 645 1515 Rhenani
671 1479 714 1516 et
734 1473 867 1515 Paris.
888 1473 1035 1530 prima.
1096 1474 1317 1516 Praestant
1342 1481 1433 1515 tam
1462 1474 1644 1515 tacitum

239 1545 316 1586 pro
352 1538 442 1573 tam
477 1532 688 1580 idoneum,
723 1530 817 1573 cdd.
850 1531 981 1574 Paris.
1018 1531 1127 1573 2nda
1165 1538 1208 1573 et
1245 1531 1424 1572 Franek.
1502 1530 1644 1572 Posuit

240 1589 421 1630 tacitum
447 1588 533 1630 sine
562 1596 652 1630 tam
677 1594 751 1630 aut
778 1590 977 1631 idoneum
998 1588 1219 1646 Rigaltius.
1285 1588 1390 1630 Mihi
1421 1588 1643 1643 legendum

239 1645 415 1695 videtur,
451 1651 461 1669 ‘
478 1645 588 1696 Quid
625 1646 701 1688 hoc
734 1646 964 1702 depositum
1000 1652 1064 1688 est
1098 1652 1182 1688 tam
1220 1648 1401 1688 tacitum
1435 1645 1642 1697 idoneum,

178 1710 249 1760 ²5⁴
268 1706 324 1745 ut'
346 1703 422 1744 &c.
482 1703 583 1744 Mox
610 1703 682 1754 ait,
712 1709 722 1726 ‘
739 1703 943 1759 quomodo
971 1703 1072 1745 nihil
1101 1706 1282 1746 tacitum
1308 1703 1462 1751 fuerit,'
1482 1709 1525 1745 et
1551 1717 1640 1760 cap.

242 1761 309 1809 26,
332 1763 345 1783 ‘
357 1760 444 1802 sine
466 1760 550 1803 ulla
569 1760 866 1817 significatione
886 1761 1057 1818 alicujus
1079 1763 1205 1804 taciti
1225 1761 1497 1803 sacramenti?

301 1818 348 1859 P.
371 1818 599 1872 142.l.14.
638 1832 713 1860 nec
748 1818 845 1874 quia
878 1818 991 1860 illum
1027 1819 1186 1875 monet]
1235 1818 1302 1861 Sic
1337 1819 1402 1861 ed.
1434 1818 1638 1875 princepS.

240 1873 312 1916 Ait
340 1874 561 1924 Pamelius,
594 1875 735 1932 ‘Lego
769 1884 919 1925 monet,
953 1890 1100 1932 nempe
1133 1876 1298 1926 Paulus,
1335 1890 1412 1932 pro
1447 1890 1496 1917 eo
1530 1876 1643 1932 quod

240 1938 249 1955 ‘
267 1931 391 1989 vulgo
421 1932 639 1990 legebatur
668 1934 814 1976 volunt
845 1932 921 1988 [sic
949 1934 1014 1976 ed.
1045 1933 1173 1976 Paris.
1200 1935 1324 1989 1566,
1346 1940 1389 1975 et
1414 1947 1547 1998 marg.
1575 1933 1642 1975 ed.

175 1998 249 2046 30‘
269 1989 398 2031 Paris.
428 1992 565 2045 1545]
598 1996 682 2032 tam
715 2005 767 2032 ex
801 1991 893 2034 MS.
924 1991 1015 2033 cod.
1038 1990 1252 2039 Vaticano,
1284 2006 1407 2047 quam
1443 1991 1643 2042 Qumtino

240 2052 250 2070 ‘
272 2047 359 2103 [qui
391 2047 498 2089 hunc
528 2047 676 2089 librum
704 2048 770 2090 De
796 2048 983 2091 Praescr.
1005 2048 1135 2091 edidit
1161 2048 1290 2091 Paris.
1317 2063 1326 2089 ι
1336 2049 1456 2103 561.]
1481 2055 1524 2091 et
1551 2049 1643 2090 Ma-

240 2111 249 2127 ‘
267 2119 386 2146 cereo
400 2104 574 2161 [Gallico
595 2105 716 2147 hu'us
736 2105 830 2147 libri
849 2106 1079 2162 interprete
1099 2106 1189 2149 eod.
1203 2121 1269 2148 an.
1284 2112 1326 2149 et
1347 2106 1480 2162 loco].'
1521 2105 1642 2148 Haec

239 2162 457 2205 Pamelius.
511 2162 620 2204 Hinc
669 2168 699 2210 t,
716 2169 763 2205 ut
783 2169 919 2206 exstet
935 2164 1105 2206 verbum
1126 2172 1263 2207 monet
1283 2163 1326 2205 in
1345 2163 1444 2206 edit.
1459 2163 1642 2206 Franek.

237 2233 344 2275 quae
375 2235 427 2262 ex
459 2219 638 2262 editione
670 2220 841 2262 Pamelii
877 2221 1058 2278 repetita
1088 2228 1164 2264 est.
1228 2221 1292 2264 Ibi
1324 2228 1463 2264 tamen
1495 2222 1642 2264 volunt

174 2290 224 2330 35
238 2277 423 2333 praefert
453 2277 616 2329 Junius,
648 2282 696 2320 ut
730 2292 781 2319 ex
818 2278 981 2335 optimis
1011 2293 1174 2335 quoque
1209 2279 1515 2336 exemplaribus
1546 2293 1642 2335 pro-

237 2334 402 2376 fectum.
459 2335 609 2377 Melius
630 2335 756 2378 habet
775 2337 910 2379 voluit
932 2336 1153 2394 Rigaltius.
1213 2337 1297 2379 Sed
1318 2336 1509 2380 editionis
1530 2338 1642 2393 prin-

238 2391 338 2448 cipis
358 2392 571 2434 lectionem
592 2393 794 2435 revocavi.

298 2449 402 2492 Ibid.
423 2450 451 2492 l.
477 2463 537 2506 ¹9·
567 2450 679 2507 apud
709 2450 1014 2508 conscientiam]
1043 2452 1084 2494 h.
1104 2466 1140 2494 e.
1162 2452 1371 2508 dogmata,
1394 2466 1500 2508 quae
1530 2451 1643 2508 apud

239 2521 282 2549 sc
302 2506 408 2549 solos
429 2507 650 2550 habebant.

175 2580 225 2613 40
300 2563 401 2606 Ibid.
429 2564 456 2606 1.
480 2566 546 2607 26.
576 2565 691 2608 taciti
725 2566 987 2622 sacramenti]
1025 2566 1092 2609 Sic
1123 2566 1239 2609 editt.
1273 2572 1371 2607 ante
1398 2566 1640 2623 Rigaltium‚

238 2620 309 2677 qui
330 2623 430 2664 tecti
449 2621 670 2664 substituit.
733 2623 871 2674 Quum
892 2638 991 2665 vero
1015 2623 1126 2665 istud
1146 2624 1232 2680 jam
1262 2638 1307 2665 su
1340 2638 1388 2666 ra
1412 2623 1642 2680 scripsisset

237 2684 395 2730 auctor,
419 2679 606 2735 ‘quando
633 2679 735 2721 nihil
763 2682 945 2723 tacitum
970 2681 1110 2730 fuerit,
1131 2681 1242 2737 quod
1269 2695 1316 2723 su
1365 2681 1505 2724 multis
1523 2681 1639 2724 testi-

239 2743 248 2759 *
267 2736 342 2778 bus
372 2737 691 2793 proferebatur,’
712 2751 850 2780 vocem
882 2739 1150 2781 revocabam:
1181 2738 1223 2781 id
1247 2738 1358 2795 quod
1387 2753 1496 2781 nunc
1520 2738 1641 2786 video

237 2793 382 2836 fecisse
404 2794 664 2836 Cardinalem
687 2795 965 2837 Thomasium.

177 2859 225 2897 45
298 2851 344 2892 Ρ.
364 2865 456 2907 143·
479 2852 504 2893 l.
529 2866 588 2902 ¹4·
610 2867 732 2908 quam
759 2853 956 2895 catholice
978 2854 1019 2895 in
1042 2854 1217 2896 medium
1248 2854 1530 2910 proferebant]
1564 2855 1641 2897 Po-
