2034 3204
447 228 754 272 EPISTOLA
794 231 875 272 Al)
916 232 1385 275 S.CY1’R1ANUM.
1536 237 1619 276 245
1664 271 1667 273 ,

218 337 318 381 sola
342 338 497 383 valere
533 353 667 397 posse
701 354 871 387 nomen
897 340 1094 394 Christi,
1118 343 1194 388 cui
1228 342 1311 389 uni
1336 344 1620 389 concesserit

219 413 442 459 Christus
467 416 680 462 coelestis
703 417 887 478 gratiae
911 424 1207 478 potestatem.

287 490 433 536 XIII.
477 491 617 545 Quod
664 500 821 540 autem
871 495 1076 554 pertinet
1121 497 1181 542 ad
1229 498 1619 543 consuetudinem
1635 511 1769 541 veritas

219 567 534 622 refutandam,
569 586 714 629 quam
752 571 973 618 videntur
1002 588 1238 633 opponere
1274 574 1478 628 veritati,
1513 574 1623 635 quis
1634 557 1811 638 35:1¹?ssssss-

183 661 206 699 5
222 652 318 692 tam
344 661 495 692 vanus
529 648 593 693 sit
627 657 680 695 ut
704 650 897 696 veritati
929 652 1316 698 consuetudinem
1347 653 1620 712 praeferat?
1635 641 1781 672 s⁶re¹¹dffi

220 730 317 775 aut,
353 725 437 784 qui
471 735 716 786 perspecta
753 730 855 774 luce
893 730 1110 776 tenebras
1149 745 1242 776 non
1283 730 1622 790 derelinquat?

222 801 332 848 Nisi
367 802 406 848 si
442 809 490 848 et
513 802 722 850 Judaeos
755 804 949 851 Christo
979 807 1280 861 adventante,
1311 807 1358 853 id
1391 814 1477 860 est,
1502 807 1625 852 veri·

222 886 333 933 tate,
379 881 579 941 adjuvat
625 881 675 927 in
726 882 888 942 aliquo
937 883 1273 943 antiquissima
1319 886 1625 937 consuetudo,

220 958 347 1015 quod
388 957 553 1003 relicta
590 957 744 1019 [sm-s,
786 959 984 1022 rejecta]
1025 976 1147 1006 nova
1195 961 1411 1006 veritatis
1458 961 1536 1007 via
1577 962 1627 1006 in

159 1053 208 1079 ιο
223 1040 456 1080 vetustate
514 1036 874 1094 permanserint.
946 1036 1086 1090 Quod
1150 1038 1344 1097 quidem
1402 1039 1629 1084 adversus

222 1111 520 1171 Stephanum
547 1128 628 1158 vos
651 1113 806 1159 dicere
831 1114 940 1159 Afri
978 1115 1190 1174 potestis,
1214 1115 1406 1177 cognita
1432 1115 1630 1161 veritate

220 1204 428 1235 errorem
453 1205 534 1235 vos
562 1191 919 1237 consuetudinis
953 1192 1212 1251 reliquisse,
1285 1193 1508 1239 Ceterum
1543 1208 1629 1239 nos

222 1267 412 1313 veritati
437 1274 484 1313 et
507 1269 898 1314 consuetudinem
928 1270 1196 1330 jungimus,
1221 1277 1267 1316 et
1295 1270 1629 1316 consuetudini

225 1345 553 1391 Romanorum
594 1348 999 1396 consuetudinem,
1042 1348 1122 1393 sed
1166 1348 1395 1400 veritatiS,
1432 1347 1631 1407 opponi-

160 1439 209 1478 15
223 1438 344 1476 mus,
381 1422 442 1468 ab
477 1422 616 1468 initio
655 1424 743 1469 hoc
781 1430 994 1470 tenentes
1026 1426 1153 1484 quod
1190 1441 1217 1470 a
1253 1424 1448 1470 Christo
1485 1432 1532 1470 et
1570 1425 1630 1470 ab

222 1498 469 1559 Apostolis
495 1502 726 1546 traditum
750 1508 836 1546 est.
906 1501 1006 1547 Nec
1038 1502 1342 1548 meminimus
1379 1504 1467 1548 hoc
1501 1503 1627 1562 apud

223 1592 308 1623 nos
343 1576 602 1637 aliquando
631 1578 851 1637 coepisse,
876 1594 1024 1638 quum
1055 1595 1240 1639 semper
1271 1579 1377 1625 istic
1410 1581 1628 1625 observa-

224 1662 327 1702 tum
351 1655 429 1708 sit,
452 1662 508 1702 ut
532 1672 626 1702 non
651 1656 743 1702 nisi
781 1673 925 1703 unam
957 1657 1049 1703 Dei
1080 1657 1343 1704 Ecclesiam
1370 1674 1627 1711 nossemus,

225 1739 272 1779 et
317 1739 535 1779 sanctum
583 1734 821 1794 baptisma
866 1750 961 1781 non
1008 1735 1100 1781 nisi
1150 1742 1341 1781 sanctae
1389 1736 1629 1781 Ecclesiae

159 1820 211 1845 20
224 1816 622 1869 computaremus.
694 1810 843 1857 Plane
874 1812 1101 1871 quoniam
1140 1812 1336 1872 quidam
1373 1814 1433 1858 de
1467 1828 1630 1858 eorum

227 1886 463 1946 baptismo
487 1888 786 1942 dubitabant,
810 1890 894 1949 qui
929 1898 977 1936 et
1012 1890 1053 1936 si
1089 1906 1235 1936 novos
1271 1891 1527 1950 prophetas
1563 1906 1632 1935 re-

222 1963 423 2024 cipiunt,
449 1966 634 2010 eosdem
662 1972 822 2012 tamen
855 1967 1047 2013 Patrem
1079 1974 1127 2013 et
1160 1967 1341 2013 Filium
1378 1983 1515 2012 nosse
1550 1983 1633 2012 no-

226 2041 405 2087 biscum
433 2043 669 2097 videntur,
696 2045 892 2103 plurimi
928 2045 1071 2091 simul
1095 2044 1430 2091 convenientes
1455 2044 1502 2089 in
1532 2044 1632 2090 Ico-

225 2120 307 2165 nio
330 2120 696 2182 diligentissime
721 2123 1046 2176 tractavimus,
1070 2130 1118 2168 et
1141 2121 1526 2168 confirmavimus
1562 2138 1633 2167 re-

162 2212 211 2250 25
226 2195 522 2257 pudiandum
560 2215 660 2245 esse
698 2215 836 2246 omne
873 2201 1068 2246 omnino
1110 2200 1361 2260 baptisma,
1402 2201 1530 2258 quod
1567 2200 1630 2245 sit

225 2280 361 2320 extra
391 2275 654 2321 Ecclesiam
686 2276 1014 2323 constitutum.

292 2352 433 2399 XIV.
467 2352 544 2398 Ad
571 2353 688 2400 illud
714 2362 875 2400 autem
899 2356 1026 2414 quod
1052 2370 1136 2414 pro
1155 2354 1405 2400 haereticis
1431 2360 1628 2413 ponunt,
1642 2367 1797 2409 Apostoli

226 2440 274 2479 et
319 2429 455 2476 aiunt
495 2429 783 2490 Apostolmn
824 2432 1015 2485 dixisse,
1056 2430 1167 2478 Sive
1206 2446 1293 2492 per
1336 2431 1628 2483 occasionem,
1641 2411 1770 2486 ἶῗίἷῑιῖῗξ,
1790 2456 1837 2490 ,8,

227 2510 321 2556 sive
348 2524 435 2570 per
469 2508 717 2560 veritatem,
745 2507 964 2556 Christus
999 2508 1316 2561 annuncietur,
1346 2514 1402 2553 ut
1436 2523 1631 2567 respon-
1644 2498 1807 2573 ffif'idan'

88 2642 99 2652 ·
162 2607 214 2643 30
228 2588 440 2638 deamus,
467 2585 684 2644 ineptum
714 2594 812 2641 est;
847 2587 1039 2646 quando
1067 2585 1375 2631 manifestum
1399 2585 1476 2638 sit,
1502 2584 1634 2644 Apo-

229 2666 404 2711 stolum
439 2663 490 2709 in
522 2663 723 2723 epistola
757 2678 845 2709 sua
872 2679 966 2722 qua
1000 2663 1090 2709 hoc
1121 2662 1259 2713 dixit.
1284 2678 1437 2722 neque
1472 2663 1635 2708 haere-

228 2742 445 2794 ficorum,
478 2755 630 2800 neque
666 2740 893 2799 baptismi
930 2756 1093 2786 eorum
1132 2739 1421 2786 mentionem
1454 2740 1632 2792 fecisse,

228 2820 308 2865 sed
346 2820 554 2865 locutum
592 2833 692 2863 esse
726 2819 787 2862 de
818 2817 1046 2863 fratribus
1079 2824 1283 2870 tantum,
1318 2817 1418 2863 sive
1456 2817 1632 2877 perfide
