<?xml version="1.0" encoding="UTF-8"?>
<!DOCTYPE html PUBLIC "-//W3C//DTD XHTML 1.0 Transitional//EN"
    "http://www.w3.org/TR/xhtml1/DTD/xhtml1-transitional.dtd">
<html xmlns="http://www.w3.org/1999/xhtml" xml:lang="en" lang="en">
 <head>
  <title>
</title>
<meta http-equiv="Content-Type" content="text/html;charset=utf-8" />
  <meta name='ocr-system' content='tesseract 3.04.00' />
  <meta name='ocr-capabilities' content='ocr_page ocr_carea ocr_par ocr_line ocrx_word'/>
</head>
<body>
  <div class='ocr_page' id='page_1' title='image "./scriptorumeccles01rout_0265.png"; bbox 0 0 2034 3204; ppageno 0'>
   <div class='ocr_carea' id='block_1_1' title="bbox 453 225 1634 271">
    <p class='ocr_par' dir='ltr' id='par_1_1' title="bbox 453 225 1634 271">
     <span class='ocr_line' id='line_1_1' title="bbox 453 225 1634 271; baseline -0.003 0"><span class='ocrx_word' id='word_1_1' title='bbox 453 227 778 271; x_wconf 85' lang='lat' dir='ltr'><strong>EPISTOLA</strong></span> <span class='ocrx_word' id='word_1_2' title='bbox 819 227 903 268; x_wconf 90' lang='lat' dir='ltr'><strong>AD</strong></span> <span class='ocrx_word' id='word_1_3' title='bbox 947 226 989 268; x_wconf 92' lang='lat' dir='ltr'><strong>S.</strong></span> <span class='ocrx_word' id='word_1_4' title='bbox 1023 225 1428 268; x_wconf 84' lang='lat' dir='ltr'>CYPRIANUM.</span> <span class='ocrx_word' id='word_1_5' title='bbox 1549 225 1634 267; x_wconf 66' lang='lat'><strong>249</strong></span> 
     </span>
    </p>
   </div>
   <div class='ocr_carea' id='block_1_2' title="bbox 172 336 1858 1944">
    <p class='ocr_par' dir='ltr' id='par_1_2' title="bbox 172 336 1858 1944">
     <span class='ocr_line' id='line_1_2' title="bbox 224 336 1634 398; baseline -0.003 -14"><span class='ocrx_word' id='word_1_6' title='bbox 224 342 316 398; x_wconf 49' lang='lat' dir='ltr'><strong>sper</strong></span> <span class='ocrx_word' id='word_1_7' title='bbox 334 346 488 385; x_wconf 90' lang='lat' dir='ltr'><strong>totum</strong></span> <span class='ocrx_word' id='word_1_8' title='bbox 514 342 746 388; x_wconf 88' lang='lat' dir='ltr'><strong>mundum</strong></span> <span class='ocrx_word' id='word_1_9' title='bbox 770 338 1075 393; x_wconf 76' lang='lat' dir='ltr'><strong>dissensisse3</strong></span> <span class='ocrx_word' id='word_1_10' title='bbox 1111 352 1274 397; x_wconf 85' lang='lat' dir='ltr'><strong>pacem</strong></span> <span class='ocrx_word' id='word_1_11' title='bbox 1299 352 1407 382; x_wconf 89' lang='lat' dir='ltr'><strong>cum</strong></span> <span class='ocrx_word' id='word_1_12' title='bbox 1431 336 1634 397; x_wconf 83' lang='lat' dir='ltr'><strong>singulis</strong></span> 
     </span>
     <span class='ocr_line' id='line_1_3' title="bbox 234 412 1636 479; baseline -0.003 -18"><span class='ocrx_word' id='word_1_13' title='bbox 234 416 365 462; x_wconf 89' lang='lat' dir='ltr'><strong>vario</strong></span> <span class='ocrx_word' id='word_1_14' title='bbox 383 417 645 463; x_wconf 76' lang='lat' dir='ltr'><strong>discordiae</strong></span> <span class='ocrx_word' id='word_1_15' title='bbox 667 432 838 479; x_wconf 81' lang='lat' dir='ltr'><strong>genere</strong></span> <span class='ocrx_word' id='word_1_16' title='bbox 859 421 1176 474; x_wconf 82' lang='lat' dir='ltr'><strong>rumpentem,</strong></span> <span class='ocrx_word' id='word_1_17' title='bbox 1192 414 1333 459; x_wconf 90' lang='lat' dir='ltr'><strong>modo</strong></span> <span class='ocrx_word' id='word_1_18' title='bbox 1355 428 1462 459; x_wconf 87' lang='lat' dir='ltr'><strong>cum</strong></span> <span class='ocrx_word' id='word_1_19' title='bbox 1482 412 1636 458; x_wconf 87' lang='lat' dir='ltr'><strong>orien-</strong></span> 
     </span>
     <span class='ocr_line' id='line_1_4' title="bbox 234 484 1635 552; baseline -0.004 -14"><span class='ocrx_word' id='word_1_20' title='bbox 234 493 424 546; x_wconf 81' lang='lat' dir='ltr'><strong>talibuS‚</strong></span> <span class='ocrx_word' id='word_1_21' title='bbox 471 495 598 552; x_wconf 90' lang='lat' dir='ltr'><strong>quod</strong></span> <span class='ocrx_word' id='word_1_22' title='bbox 656 484 741 539; x_wconf 75' lang='lat' dir='ltr'><strong>nec</strong></span> <span class='ocrx_word' id='word_1_23' title='bbox 797 508 880 538; x_wconf 89' lang='lat' dir='ltr'><strong>vos</strong></span> <span class='ocrx_word' id='word_1_24' title='bbox 939 493 1084 538; x_wconf 88' lang='lat' dir='ltr'><strong>latere</strong></span> <span class='ocrx_word' id='word_1_25' title='bbox 1141 488 1436 542; x_wconf 89' lang='lat' dir='ltr'><strong>confidimus,</strong></span> <span class='ocrx_word' id='word_1_26' title='bbox 1494 489 1635 533; x_wconf 90' lang='lat' dir='ltr'><strong>modo</strong></span> 
     </span>
     <span class='ocr_line' id='line_1_5' title="bbox 234 567 1635 630; baseline -0.003 -16"><span class='ocrx_word' id='word_1_27' title='bbox 234 569 491 625; x_wconf 83' lang='lat' dir='ltr'><strong>vobiscum,</strong></span> <span class='ocrx_word' id='word_1_28' title='bbox 521 571 605 630; x_wconf 93' lang='lat' dir='ltr'><strong>qui</strong></span> <span class='ocrx_word' id='word_1_29' title='bbox 640 571 691 616; x_wconf 89' lang='lat' dir='ltr'><strong>in</strong></span> <span class='ocrx_word' id='word_1_30' title='bbox 725 570 922 616; x_wconf 87' lang='lat' dir='ltr'><strong>meridie</strong></span> <span class='ocrx_word' id='word_1_31' title='bbox 955 568 1069 615; x_wconf 82' lang='lat' dir='ltr'><strong>estis</strong></span> <span class='ocrx_word' id='word_1_32' title='bbox 1087 568 1109 613; x_wconf 74' lang='grc' dir='ltr'><strong>ἶ)</strong></span> <span class='ocrx_word' id='word_1_33' title='bbox 1166 568 1214 613; x_wconf 91' lang='grc' dir='ltr'>Α</span> <span class='ocrx_word' id='word_1_34' title='bbox 1243 567 1418 627; x_wconf 92' lang='lat' dir='ltr'><strong>quibus</strong></span> <span class='ocrx_word' id='word_1_35' title='bbox 1455 568 1635 627; x_wconf 86' lang='lat' dir='ltr'><strong>legatos</strong></span> 
     </span>
     <span class='ocr_line' id='line_1_6' title="bbox 195 643 1635 710; baseline -0.005 -16"><span class='ocrx_word' id='word_1_36' title='bbox 195 655 218 694; x_wconf 87' lang='lat'>5</span> <span class='ocrx_word' id='word_1_37' title='bbox 235 645 497 706; x_wconf 85' lang='lat' dir='ltr'><strong>Episcopos</strong></span> <span class='ocrx_word' id='word_1_38' title='bbox 533 648 768 710; x_wconf 71' lang='lat' dir='ltr'><strong>patienter</strong></span> <span class='ocrx_word' id='word_1_39' title='bbox 791 647 907 693; x_wconf 90' lang='lat' dir='ltr'><strong>satis</strong></span> <span class='ocrx_word' id='word_1_40' title='bbox 943 653 990 692; x_wconf 92' lang='lat' dir='ltr'><strong>et</strong></span> <span class='ocrx_word' id='word_1_41' title='bbox 1025 645 1194 692; x_wconf 89' lang='lat' dir='ltr'><strong>leniter</strong></span> <span class='ocrx_word' id='word_1_42' title='bbox 1220 643 1443 702; x_wconf 91' lang='lat' dir='ltr'><strong>suscepit,</strong></span> <span class='ocrx_word' id='word_1_43' title='bbox 1468 649 1523 688; x_wconf 94' lang='lat' dir='ltr'><strong>ut</strong></span> <span class='ocrx_word' id='word_1_44' title='bbox 1556 658 1635 687; x_wconf 86' lang='lat' dir='ltr'><strong>eos</strong></span> 
     </span>
     <span class='ocr_line' id='line_1_7' title="bbox 233 714 1637 782; baseline -0.002 -14"><span class='ocrx_word' id='word_1_45' title='bbox 233 738 318 768; x_wconf 89' lang='lat' dir='ltr'><strong>nec</strong></span> <span class='ocrx_word' id='word_1_46' title='bbox 341 725 398 769; x_wconf 85' lang='lat' dir='ltr'><strong>ad</strong></span> <span class='ocrx_word' id='word_1_47' title='bbox 425 714 689 770; x_wconf 85' lang='lat' dir='ltr'><strong>sermonem</strong></span> <span class='ocrx_word' id='word_1_48' title='bbox 722 726 889 770; x_wconf 87' lang='lat' dir='ltr'><strong>saltem</strong></span> <span class='ocrx_word' id='word_1_49' title='bbox 913 722 1135 782; x_wconf 85' lang='lat' dir='ltr'><strong>colloquii</strong></span> <span class='ocrx_word' id='word_1_50' title='bbox 1167 720 1432 767; x_wconf 90' lang='lat' dir='ltr'><strong>communis</strong></span> <span class='ocrx_word' id='word_1_51' title='bbox 1463 720 1637 766; x_wconf 90' lang='lat' dir='ltr'><strong>admit-</strong></span> 
     </span>
     <span class='ocr_line' id='line_1_8' title="bbox 233 798 1635 862; baseline -0.002 -17"><span class='ocrx_word' id='word_1_52' title='bbox 233 807 365 854; x_wconf 88' lang='lat' dir='ltr'><strong>teret,</strong></span> <span class='ocrx_word' id='word_1_53' title='bbox 401 803 557 848; x_wconf 86' lang='lat' dir='ltr'><strong>adhuc</strong></span> <span class='ocrx_word' id='word_1_54' title='bbox 592 798 788 862; x_wconf 79' lang='lat' dir='ltr'><strong>insuper</strong></span> <span class='ocrx_word' id='word_1_55' title='bbox 821 800 1087 847; x_wconf 82' lang='lat' dir='ltr'><strong>dilectionis</strong></span> <span class='ocrx_word' id='word_1_56' title='bbox 1122 805 1169 844; x_wconf 87' lang='lat' dir='ltr'><strong>et</strong></span> <span class='ocrx_word' id='word_1_57' title='bbox 1197 798 1411 844; x_wconf 86' lang='lat' dir='ltr'><strong>caritatis</strong></span> <span class='ocrx_word' id='word_1_58' title='bbox 1443 813 1635 848; x_wconf 85' lang='lat' dir='ltr'><strong>memor.</strong></span> 
     </span>
     <span class='ocr_line' id='line_1_9' title="bbox 232 875 1635 941; baseline -0.003 -17"><span class='ocrx_word' id='word_1_59' title='bbox 232 879 526 941; x_wconf 83' lang='lat' dir='ltr'><strong>praeciperet</strong></span> <span class='ocrx_word' id='word_1_60' title='bbox 567 879 855 925; x_wconf 85' lang='lat' dir='ltr'><strong>fraternitati</strong></span> <span class='ocrx_word' id='word_1_61' title='bbox 902 878 1164 929; x_wconf 84' lang='lat' dir='ltr'><strong>universae,</strong></span> <span class='ocrx_word' id='word_1_62' title='bbox 1207 892 1265 921; x_wconf 86' lang='lat' dir='ltr'><strong>ne</strong></span> <span class='ocrx_word' id='word_1_63' title='bbox 1305 876 1414 935; x_wconf 89' lang='lat' dir='ltr'><strong>quis</strong></span> <span class='ocrx_word' id='word_1_64' title='bbox 1460 891 1539 921; x_wconf 86' lang='lat' dir='ltr'><strong>eos</strong></span> <span class='ocrx_word' id='word_1_65' title='bbox 1587 875 1635 920; x_wconf 89' lang='lat' dir='ltr'><strong>in</strong></span> 
     </span>
     <span class='ocr_line' id='line_1_10' title="bbox 233 954 1636 1016; baseline -0.002 -14"><span class='ocrx_word' id='word_1_66' title='bbox 233 957 428 1002; x_wconf 89' lang='lat' dir='ltr'><strong>domum</strong></span> <span class='ocrx_word' id='word_1_67' title='bbox 464 972 599 1003; x_wconf 89' lang='lat' dir='ltr'><strong>suam</strong></span> <span class='ocrx_word' id='word_1_68' title='bbox 637 957 878 1016; x_wconf 80' lang='lat' dir='ltr'><strong>reciperet,</strong></span> <span class='ocrx_word' id='word_1_69' title='bbox 916 962 970 1001; x_wconf 93' lang='lat' dir='ltr'><strong>ut</strong></span> <span class='ocrx_word' id='word_1_70' title='bbox 1006 954 1306 1000; x_wconf 87' lang='lat' dir='ltr'><strong>venientibus</strong></span> <span class='ocrx_word' id='word_1_71' title='bbox 1348 969 1442 998; x_wconf 86' lang='lat' dir='ltr'><strong>nou</strong></span> <span class='ocrx_word' id='word_1_72' title='bbox 1482 955 1636 999; x_wconf 88' lang='lat' dir='ltr'><strong>solum</strong></span> 
     </span>
     <span class='ocr_line' id='line_1_11' title="bbox 172 1030 1641 1093; baseline -0.003 -14"><span class='ocrx_word' id='word_1_73' title='bbox 172 1049 219 1074; x_wconf 93' lang='lat'><strong>10</strong></span> <span class='ocrx_word' id='word_1_74' title='bbox 233 1049 327 1093; x_wconf 85' lang='lat' dir='ltr'><strong>pax</strong></span> <span class='ocrx_word' id='word_1_75' title='bbox 355 1040 403 1079; x_wconf 93' lang='lat' dir='ltr'><strong>et</strong></span> <span class='ocrx_word' id='word_1_76' title='bbox 425 1034 709 1087; x_wconf 86' lang='lat' dir='ltr'><strong>communio,</strong></span> <span class='ocrx_word' id='word_1_77' title='bbox 735 1035 815 1079; x_wconf 90' lang='lat' dir='ltr'><strong>sed</strong></span> <span class='ocrx_word' id='word_1_78' title='bbox 848 1040 894 1078; x_wconf 91' lang='lat' dir='ltr'><strong>et</strong></span> <span class='ocrx_word' id='word_1_79' title='bbox 920 1039 1096 1078; x_wconf 88' lang='lat' dir='ltr'><strong>tectum</strong></span> <span class='ocrx_word' id='word_1_80' title='bbox 1126 1038 1172 1076; x_wconf 90' lang='lat' dir='ltr'><strong>et</strong></span> <span class='ocrx_word' id='word_1_81' title='bbox 1204 1030 1465 1090; x_wconf 89' lang='lat' dir='ltr'><strong>hospitium</strong></span> <span class='ocrx_word' id='word_1_82' title='bbox 1496 1045 1641 1091; x_wconf 87' lang='lat' dir='ltr'><strong>nega-</strong></span> 
     </span>
     <span class='ocr_line' id='line_1_12' title="bbox 233 1107 1640 1168; baseline -0.004 -11"><span class='ocrx_word' id='word_1_83' title='bbox 233 1118 378 1157; x_wconf 87' lang='lat' dir='ltr'><strong>retur.</strong></span> <span class='ocrx_word' id='word_1_84' title='bbox 453 1112 558 1157; x_wconf 86' lang='lat' dir='ltr'><strong>Hoc</strong></span> <span class='ocrx_word' id='word_1_85' title='bbox 594 1118 665 1157; x_wconf 91' lang='lat' dir='ltr'><strong>est</strong></span> <span class='ocrx_word' id='word_1_86' title='bbox 700 1126 912 1157; x_wconf 85' lang='lat' dir='ltr'><strong>servasse</strong></span> <span class='ocrx_word' id='word_1_87' title='bbox 947 1109 1181 1155; x_wconf 87' lang='lat' dir='ltr'><strong>unitatem</strong></span> <span class='ocrx_word' id='word_1_88' title='bbox 1207 1108 1415 1168; x_wconf 82' lang='lat' dir='ltr'><strong>Spiritus</strong></span> <span class='ocrx_word' id='word_1_89' title='bbox 1452 1107 1500 1152; x_wconf 89' lang='lat' dir='ltr'><strong>in</strong></span> <span class='ocrx_word' id='word_1_90' title='bbox 1530 1123 1640 1153; x_wconf 88' lang='lat' dir='ltr'><strong>con-</strong></span> 
     </span>
     <span class='ocr_line' id='line_1_13' title="bbox 228 1185 1638 1250; baseline -0.004 -15"><span class='ocrx_word' id='word_1_91' title='bbox 228 1189 477 1250; x_wconf 89' lang='lat' dir='ltr'><strong>junctione</strong></span> <span class='ocrx_word' id='word_1_92' title='bbox 511 1189 657 1249; x_wconf 89' lang='lat' dir='ltr'><strong>pacis,</strong></span> <span class='ocrx_word' id='word_1_93' title='bbox 683 1188 959 1234; x_wconf 81' lang='lat' dir='ltr'><strong>abscindere</strong></span> <span class='ocrx_word' id='word_1_94' title='bbox 994 1202 1043 1231; x_wconf 91' lang='lat' dir='ltr'><strong>se</strong></span> <span class='ocrx_word' id='word_1_95' title='bbox 1067 1202 1096 1231; x_wconf 90' lang='lat' dir='ltr'><strong>a</strong></span> <span class='ocrx_word' id='word_1_96' title='bbox 1119 1185 1334 1231; x_wconf 86' lang='lat' dir='ltr'><strong>caritatis</strong></span> <span class='ocrx_word' id='word_1_97' title='bbox 1366 1186 1566 1238; x_wconf 89' lang='lat' dir='ltr'><strong>unitate,</strong></span> <span class='ocrx_word' id='word_1_98' title='bbox 1590 1191 1638 1230; x_wconf 87' lang='lat' dir='ltr'><strong>et</strong></span> 
     </span>
     <span class='ocr_line' id='line_1_14' title="bbox 234 1262 1639 1325; baseline -0.004 -14"><span class='ocrx_word' id='word_1_99' title='bbox 234 1265 442 1311; x_wconf 88' lang='lat' dir='ltr'><strong>alienum</strong></span> <span class='ocrx_word' id='word_1_100' title='bbox 482 1281 531 1311; x_wconf 92' lang='lat' dir='ltr'><strong>se</strong></span> <span class='ocrx_word' id='word_1_101' title='bbox 571 1281 657 1325; x_wconf 92' lang='lat' dir='ltr'><strong>per</strong></span> <span class='ocrx_word' id='word_1_102' title='bbox 695 1265 858 1310; x_wconf 89' lang='lat' dir='ltr'><strong>omnia</strong></span> <span class='ocrx_word' id='word_1_103' title='bbox 900 1263 1130 1309; x_wconf 88' lang='lat' dir='ltr'><strong>fratribus</strong></span> <span class='ocrx_word' id='word_1_104' title='bbox 1172 1262 1339 1314; x_wconf 86' lang='lat' dir='ltr'><strong>facere,</strong></span> <span class='ocrx_word' id='word_1_105' title='bbox 1380 1268 1427 1307; x_wconf 89' lang='lat' dir='ltr'><strong>et</strong></span> <span class='ocrx_word' id='word_1_106' title='bbox 1473 1267 1639 1306; x_wconf 84' lang='lat' dir='ltr'><strong>contra</strong></span> 
     </span>
     <span class='ocr_line' id='line_1_15' title="bbox 234 1338 1638 1390; baseline -0.004 -2"><span class='ocrx_word' id='word_1_107' title='bbox 234 1352 584 1390; x_wconf 88' lang='lat' dir='ltr'><strong>sacramentum</strong></span> <span class='ocrx_word' id='word_1_108' title='bbox 619 1350 667 1389; x_wconf 91' lang='lat' dir='ltr'><strong>et</strong></span> <span class='ocrx_word' id='word_1_109' title='bbox 690 1342 831 1388; x_wconf 87' lang='lat' dir='ltr'><strong>fidem</strong></span> <span class='ocrx_word' id='word_1_110' title='bbox 867 1340 1161 1387; x_wconf 84' lang='lat' dir='ltr'><strong>contumacis</strong></span> <span class='ocrx_word' id='word_1_111' title='bbox 1185 1339 1346 1384; x_wconf 89' lang='lat' dir='ltr'><strong>furore</strong></span> <span class='ocrx_word' id='word_1_112' title='bbox 1373 1338 1638 1384; x_wconf 88' lang='lat' dir='ltr'><strong>discordiae</strong></span> 
     </span>
     <span class='ocr_line' id='line_1_16' title="bbox 173 1421 1638 1480; baseline -0.005 -12"><span class='ocrx_word' id='word_1_113' title='bbox 173 1434 220 1473; x_wconf 92' lang='lat'><strong>15</strong></span> <span class='ocrx_word' id='word_1_114' title='bbox 235 1422 472 1468; x_wconf 85' lang='lat' dir='ltr'><strong>rebellare.</strong></span> <span class='ocrx_word' id='word_1_115' title='bbox 544 1421 686 1480; x_wconf 86' lang='lat' dir='ltr'><strong>Apud</strong></span> <span class='ocrx_word' id='word_1_116' title='bbox 713 1421 854 1465; x_wconf 89' lang='lat' dir='ltr'><strong>talem</strong></span> <span class='ocrx_word' id='word_1_117' title='bbox 895 1424 1050 1478; x_wconf 85' lang='lat' dir='ltr'><strong>potest</strong></span> <span class='ocrx_word' id='word_1_118' title='bbox 1086 1432 1186 1462; x_wconf 91' lang='lat' dir='ltr'><strong>esse</strong></span> <span class='ocrx_word' id='word_1_119' title='bbox 1222 1432 1371 1462; x_wconf 90' lang='lat' dir='ltr'><strong>unum</strong></span> <span class='ocrx_word' id='word_1_120' title='bbox 1395 1432 1567 1475; x_wconf 84' lang='lat' dir='ltr'><strong>corpus</strong></span> <span class='ocrx_word' id='word_1_121' title='bbox 1591 1422 1638 1461; x_wconf 89' lang='lat' dir='ltr'><strong>et</strong></span> 
     </span>
     <span class='ocr_line' id='line_1_17' title="bbox 234 1494 1638 1558; baseline -0.005 -13"><span class='ocrx_word' id='word_1_122' title='bbox 234 1515 358 1546; x_wconf 92' lang='lat' dir='ltr'><strong>unus</strong></span> <span class='ocrx_word' id='word_1_123' title='bbox 382 1498 609 1558; x_wconf 81' lang='lat' dir='ltr'><strong>SpirituS,</strong></span> <span class='ocrx_word' id='word_1_124' title='bbox 633 1497 760 1556; x_wconf 89' lang='lat' dir='ltr'><strong>apud</strong></span> <span class='ocrx_word' id='word_1_125' title='bbox 793 1511 935 1555; x_wconf 89' lang='lat' dir='ltr'><strong>quem</strong></span> <span class='ocrx_word' id='word_1_126' title='bbox 970 1494 1171 1540; x_wconf 85' lang='lat' dir='ltr'><strong>fortasse</strong></span> <span class='ocrx_word' id='word_1_127' title='bbox 1207 1494 1311 1553; x_wconf 86' lang='lat' dir='ltr'><strong>ipsa</strong></span> <span class='ocrx_word' id='word_1_128' title='bbox 1345 1494 1507 1539; x_wconf 88' lang='lat' dir='ltr'><strong>anima</strong></span> <span class='ocrx_word' id='word_1_129' title='bbox 1542 1508 1638 1538; x_wconf 89' lang='lat' dir='ltr'><strong>uua</strong></span> 
     </span>
     <span class='ocr_line' id='line_1_18' title="bbox 234 1570 1636 1629; baseline -0.006 -6"><span class='ocrx_word' id='word_1_130' title='bbox 234 1593 328 1623; x_wconf 87' lang='lat' dir='ltr'><strong>non</strong></span> <span class='ocrx_word' id='word_1_131' title='bbox 374 1582 460 1629; x_wconf 90' lang='lat' dir='ltr'><strong>est,</strong></span> <span class='ocrx_word' id='word_1_132' title='bbox 498 1575 566 1620; x_wconf 86' lang='lat' dir='ltr'><strong>sic</strong></span> <span class='ocrx_word' id='word_1_133' title='bbox 612 1574 793 1620; x_wconf 90' lang='lat' dir='ltr'><strong>lubrica</strong></span> <span class='ocrx_word' id='word_1_134' title='bbox 840 1579 887 1618; x_wconf 90' lang='lat' dir='ltr'><strong>et</strong></span> <span class='ocrx_word' id='word_1_135' title='bbox 924 1572 1115 1618; x_wconf 90' lang='lat' dir='ltr'><strong>mobilis</strong></span> <span class='ocrx_word' id='word_1_136' title='bbox 1158 1578 1205 1617; x_wconf 90' lang='lat' dir='ltr'><strong>et</strong></span> <span class='ocrx_word' id='word_1_137' title='bbox 1252 1572 1474 1617; x_wconf 82' lang='lat' dir='ltr'><strong>incerta?</strong></span> <span class='ocrx_word' id='word_1_138' title='bbox 1545 1570 1636 1616; x_wconf 89' lang='lat' dir='ltr'><strong>Sed</strong></span> 
     </span>
     <span class='ocr_line' id='line_1_19' title="bbox 233 1650 1361 1714; baseline -0.007 -13"><span class='ocrx_word' id='word_1_139' title='bbox 233 1663 468 1714; x_wconf 88' lang='lat' dir='ltr'><strong>quantum</strong></span> <span class='ocrx_word' id='word_1_140' title='bbox 504 1654 563 1698; x_wconf 88' lang='lat' dir='ltr'><strong>ad</strong></span> <span class='ocrx_word' id='word_1_141' title='bbox 600 1652 737 1697; x_wconf 90' lang='lat' dir='ltr'><strong>illum</strong></span> <span class='ocrx_word' id='word_1_142' title='bbox 774 1650 993 1711; x_wconf 86' lang='lat' dir='ltr'><strong>pertinet,</strong></span> <span class='ocrx_word' id='word_1_143' title='bbox 1020 1650 1361 1709; x_wconf 84' lang='lat' dir='ltr'><strong>relinquamus.</strong></span> 
     </span>
     <span class='ocr_line' id='line_1_20' title="bbox 301 1725 1845 1791; baseline -0.003 -14"><span class='ocrx_word' id='word_1_144' title='bbox 301 1731 445 1777; x_wconf 91' lang='lat' dir='ltr'>XIX.</span> <span class='ocrx_word' id='word_1_145' title='bbox 495 1730 813 1776; x_wconf 84' lang='lat' dir='ltr'><strong>Excutiamus</strong></span> <span class='ocrx_word' id='word_1_146' title='bbox 865 1728 1026 1788; x_wconf 87' lang='lat' dir='ltr'><strong>potius</strong></span> <span class='ocrx_word' id='word_1_147' title='bbox 1073 1728 1121 1772; x_wconf 92' lang='lat' dir='ltr'><strong>id</strong></span> <span class='ocrx_word' id='word_1_148' title='bbox 1169 1728 1226 1772; x_wconf 87' lang='lat' dir='ltr'><strong>de</strong></span> <span class='ocrx_word' id='word_1_149' title='bbox 1273 1742 1368 1786; x_wconf 92' lang='lat' dir='ltr'><strong>quo</strong></span> <span class='ocrx_word' id='word_1_150' title='bbox 1426 1725 1637 1771; x_wconf 90' lang='lat' dir='ltr'><strong>maxima</strong></span> <span class='ocrx_word' id='word_1_151' title='bbox 1650 1741 1845 1791; x_wconf 57' lang='lat' dir='ltr'><strong>Oefurritnr</strong></span> 
     </span>
     <span class='ocr_line' id='line_1_21' title="bbox 172 1786 1858 1870; baseline -0.004 -17"><span class='ocrx_word' id='word_1_152' title='bbox 172 1828 222 1854; x_wconf 90' lang='lat'><strong>20</strong></span> <span class='ocrx_word' id='word_1_153' title='bbox 234 1809 451 1869; x_wconf 85' lang='lat' dir='ltr'><strong>quaestio</strong></span> <span class='ocrx_word' id='word_1_154' title='bbox 466 1814 550 1853; x_wconf 92' lang='lat' dir='ltr'><strong>est.</strong></span> <span class='ocrx_word' id='word_1_155' title='bbox 598 1807 692 1860; x_wconf 87' lang='lat' dir='ltr'><strong>Qui</strong></span> <span class='ocrx_word' id='word_1_156' title='bbox 712 1807 1005 1852; x_wconf 91' lang='lat' dir='ltr'><strong>contendunt</strong></span> <span class='ocrx_word' id='word_1_157' title='bbox 1025 1805 1085 1850; x_wconf 88' lang='lat' dir='ltr'><strong>ab</strong></span> <span class='ocrx_word' id='word_1_158' title='bbox 1100 1804 1350 1850; x_wconf 86' lang='lat' dir='ltr'><strong>haereticis</strong></span> <span class='ocrx_word' id='word_1_159' title='bbox 1366 1803 1636 1863; x_wconf 84' lang='lat' dir='ltr'><strong>baptizatos</strong></span> <span class='ocrx_word' id='word_1_160' title='bbox 1649 1786 1858 1870; x_wconf 49' lang='lat' dir='ltr'><strong>{iffgtjlss&#39;ss&#39;m</strong></span> 
     </span>
     <span class='ocr_line' id='line_1_22' title="bbox 234 1873 1839 1944; baseline -0.006 -12"><span class='ocrx_word' id='word_1_161' title='bbox 234 1887 300 1932; x_wconf 88' lang='lat' dir='ltr'><strong>sic</strong></span> <span class='ocrx_word' id='word_1_162' title='bbox 336 1884 482 1944; x_wconf 90' lang='lat' dir='ltr'><strong>recipi</strong></span> <span class='ocrx_word' id='word_1_163' title='bbox 511 1890 727 1944; x_wconf 91' lang='lat' dir='ltr'><strong>oportere</strong></span> <span class='ocrx_word' id='word_1_164' title='bbox 763 1890 991 1942; x_wconf 85' lang='lat' dir='ltr'><strong>tanquam</strong></span> <span class='ocrx_word' id='word_1_165' title='bbox 1029 1881 1233 1943; x_wconf 87' lang='lat' dir='ltr'><strong>legitimi</strong></span> <span class='ocrx_word' id='word_1_166' title='bbox 1268 1880 1494 1940; x_wconf 86' lang='lat' dir='ltr'><strong>baptismi</strong></span> <span class='ocrx_word' id='word_1_167' title='bbox 1529 1883 1752 1941; x_wconf 77' lang='lat' dir='ltr'><strong>gra-unum</strong></span> <span class='ocrx_word' id='word_1_168' title='bbox 1768 1873 1839 1904; x_wconf 72' lang='lat'>⁰¹³¹·</span> 
     </span>
    </p>
   </div>
   <div class='ocr_carea' id='block_1_3' title="bbox 1648 1916 1859 1959">
    <p class='ocr_par' dir='ltr' id='par_1_3' title="bbox 1648 1916 1859 1959">
     <span class='ocr_line' id='line_1_23' title="bbox 1648 1916 1859 1959; baseline 0 -12"><span class='ocrx_word' id='word_1_169' title='bbox 1648 1927 1714 1958; x_wconf 89' lang='lat' dir='ltr'><strong>que</strong></span> <span class='ocrx_word' id='word_1_170' title='bbox 1724 1917 1767 1947; x_wconf 84' lang='lat' dir='ltr'><strong>sit</strong></span> <span class='ocrx_word' id='word_1_171' title='bbox 1779 1916 1859 1959; x_wconf 76' lang='lat' dir='ltr'><strong>bap-</strong></span> 
     </span>
    </p>
   </div>
   <div class='ocr_carea' id='block_1_4' title="bbox 235 1958 1859 2045">
    <p class='ocr_par' dir='ltr' id='par_1_4' title="bbox 235 1958 1859 2045">
     <span class='ocr_line' id='line_1_24' title="bbox 235 1958 1859 2045; baseline -0.005 -35"><span class='ocrx_word' id='word_1_172' title='bbox 235 1964 354 2010; x_wconf 88' lang='lat' dir='ltr'><strong>tiam</strong></span> <span class='ocrx_word' id='word_1_173' title='bbox 390 1969 678 2013; x_wconf 87' lang='lat' dir='ltr'><strong>consecutos,</strong></span> <span class='ocrx_word' id='word_1_174' title='bbox 715 1975 865 2006; x_wconf 92' lang='lat' dir='ltr'><strong>unum</strong></span> <span class='ocrx_word' id='word_1_175' title='bbox 905 1959 1040 2004; x_wconf 88' lang='lat' dir='ltr'><strong>nobis</strong></span> <span class='ocrx_word' id='word_1_176' title='bbox 1078 1966 1222 2018; x_wconf 89' lang='lat' dir='ltr'><strong>atque</strong></span> <span class='ocrx_word' id='word_1_177' title='bbox 1263 1958 1358 2004; x_wconf 91' lang='lat' dir='ltr'><strong>illis</strong></span> <span class='ocrx_word' id='word_1_178' title='bbox 1397 1958 1635 2017; x_wconf 90' lang='lat' dir='ltr'><strong>baptisma</strong></span> <span class='ocrx_word' id='word_1_179' title='bbox 1647 1960 1859 2045; x_wconf 47' lang='lat' dir='ltr'><strong>affiassigffi&#39;</strong></span> 
     </span>
    </p>
   </div>
   <div class='ocr_carea' id='block_1_5' title="bbox 173 2035 1851 2797">
    <p class='ocr_par' dir='ltr' id='par_1_5' title="bbox 173 2035 1851 2797">
     <span class='ocr_line' id='line_1_25' title="bbox 234 2035 1847 2096; baseline -0.006 -8"><span class='ocrx_word' id='word_1_180' title='bbox 234 2043 402 2088; x_wconf 86' lang='lat' dir='ltr'><strong>dicunt</strong></span> <span class='ocrx_word' id='word_1_181' title='bbox 441 2056 554 2093; x_wconf 86' lang='lat' dir='ltr'><strong>esse,</strong></span> <span class='ocrx_word' id='word_1_182' title='bbox 590 2046 637 2084; x_wconf 94' lang='lat' dir='ltr'><strong>et</strong></span> <span class='ocrx_word' id='word_1_183' title='bbox 672 2039 723 2084; x_wconf 91' lang='lat' dir='ltr'><strong>in</strong></span> <span class='ocrx_word' id='word_1_184' title='bbox 761 2039 892 2083; x_wconf 88' lang='lat' dir='ltr'><strong>nullo</strong></span> <span class='ocrx_word' id='word_1_185' title='bbox 927 2038 1206 2096; x_wconf 86' lang='lat' dir='ltr'><strong>discrepare.</strong></span> <span class='ocrx_word' id='word_1_186' title='bbox 1278 2036 1370 2082; x_wconf 87' lang='lat' dir='ltr'><strong>Sed</strong></span> <span class='ocrx_word' id='word_1_187' title='bbox 1406 2036 1522 2095; x_wconf 90' lang='lat' dir='ltr'><strong>quid</strong></span> <span class='ocrx_word' id='word_1_188' title='bbox 1567 2035 1847 2081; x_wconf 70' lang='lat' dir='ltr'><strong>aitratumesoe</strong></span> 
     </span>
     <span class='ocr_line' id='line_1_26' title="bbox 234 2091 1851 2180; baseline -0.005 -15"><span class='ocrx_word' id='word_1_189' title='bbox 234 2119 495 2180; x_wconf 86' lang='lat' dir='ltr'><strong>Apostolus</strong></span> <span class='ocrx_word' id='word_1_190' title='bbox 525 2116 701 2162; x_wconf 90' lang='lat' dir='ltr'><strong>Paulus</strong></span> <span class='ocrx_word' id='word_1_191' title='bbox 717 2116 739 2161; x_wconf 71' lang='grc' dir='ltr'><strong>ἶ)</strong></span> <span class='ocrx_word' id='word_1_192' title='bbox 818 2113 948 2161; x_wconf 76' lang='lat' dir='ltr'><strong>Unus</strong></span> <span class='ocrx_word' id='word_1_193' title='bbox 972 2112 1219 2167; x_wconf 78' lang='lat' dir='ltr'><strong>Dominus,</strong></span> <span class='ocrx_word' id='word_1_194' title='bbox 1240 2129 1331 2158; x_wconf 80' lang='lat' dir='ltr'><strong>una</strong></span> <span class='ocrx_word' id='word_1_195' title='bbox 1342 2112 1478 2174; x_wconf 78' lang='lat' dir='ltr'><strong>fides,</strong></span> <span class='ocrx_word' id='word_1_196' title='bbox 1494 2091 1798 2176; x_wconf 46' lang='lat' dir='ltr'><strong>unum‘liffiff&#39;iv,</strong></span> <span class='ocrx_word' id='word_1_197' title='bbox 1820 2144 1851 2175; x_wconf 61' lang='lat'><strong>5,</strong></span> 
     </span>
     <span class='ocr_line' id='line_1_27' title="bbox 173 2190 1639 2258; baseline -0.005 -16"><span class='ocrx_word' id='word_1_198' title='bbox 173 2208 221 2247; x_wconf 85' lang='lat'><strong>25</strong></span> <span class='ocrx_word' id='word_1_199' title='bbox 235 2195 469 2258; x_wconf 72' lang='lat' dir='ltr'><strong>baptisma,</strong></span> <span class='ocrx_word' id='word_1_200' title='bbox 518 2209 636 2239; x_wconf 80' lang='lat' dir='ltr'><strong>unus</strong></span> <span class='ocrx_word' id='word_1_201' title='bbox 683 2191 825 2238; x_wconf 78' lang='lat' dir='ltr'><strong>Deus.</strong></span> <span class='ocrx_word' id='word_1_202' title='bbox 896 2192 948 2237; x_wconf 92' lang='lat' dir='ltr'><strong>Si</strong></span> <span class='ocrx_word' id='word_1_203' title='bbox 1006 2207 1153 2237; x_wconf 91' lang='lat' dir='ltr'><strong>unum</strong></span> <span class='ocrx_word' id='word_1_204' title='bbox 1205 2199 1348 2250; x_wconf 90' lang='lat' dir='ltr'><strong>atque</strong></span> <span class='ocrx_word' id='word_1_205' title='bbox 1395 2190 1518 2236; x_wconf 89' lang='lat' dir='ltr'><strong>idem</strong></span> <span class='ocrx_word' id='word_1_206' title='bbox 1568 2197 1639 2236; x_wconf 90' lang='lat' dir='ltr'><strong>est</strong></span> 
     </span>
     <span class='ocr_line' id='line_1_28' title="bbox 235 2267 1641 2330; baseline -0.006 -10"><span class='ocrx_word' id='word_1_207' title='bbox 235 2290 343 2320; x_wconf 90' lang='lat' dir='ltr'><strong>cum</strong></span> <span class='ocrx_word' id='word_1_208' title='bbox 379 2279 540 2319; x_wconf 91' lang='lat' dir='ltr'><strong>nostro</strong></span> <span class='ocrx_word' id='word_1_209' title='bbox 582 2270 821 2330; x_wconf 89' lang='lat' dir='ltr'><strong>baptisma</strong></span> <span class='ocrx_word' id='word_1_210' title='bbox 859 2269 1222 2320; x_wconf 85' lang='lat' dir='ltr'><strong>haereticorum,</strong></span> <span class='ocrx_word' id='word_1_211' title='bbox 1258 2267 1360 2313; x_wconf 90' lang='lat' dir='ltr'><strong>sine</strong></span> <span class='ocrx_word' id='word_1_212' title='bbox 1401 2268 1548 2313; x_wconf 90' lang='lat' dir='ltr'><strong>dubio</strong></span> <span class='ocrx_word' id='word_1_213' title='bbox 1593 2276 1641 2313; x_wconf 90' lang='lat' dir='ltr'><strong>et</strong></span> 
     </span>
     <span class='ocr_line' id='line_1_29' title="bbox 236 2346 1642 2405; baseline -0.004 -7"><span class='ocrx_word' id='word_1_214' title='bbox 236 2351 351 2397; x_wconf 89' lang='lat' dir='ltr'><strong>fides</strong></span> <span class='ocrx_word' id='word_1_215' title='bbox 391 2366 488 2396; x_wconf 89' lang='lat' dir='ltr'><strong>una</strong></span> <span class='ocrx_word' id='word_1_216' title='bbox 528 2356 633 2404; x_wconf 89' lang='lat' dir='ltr'><strong>est;</strong></span> <span class='ocrx_word' id='word_1_217' title='bbox 684 2348 725 2393; x_wconf 92' lang='lat' dir='ltr'><strong>si</strong></span> <span class='ocrx_word' id='word_1_218' title='bbox 773 2354 932 2393; x_wconf 88' lang='lat' dir='ltr'><strong>autem</strong></span> <span class='ocrx_word' id='word_1_219' title='bbox 971 2346 1086 2392; x_wconf 88' lang='lat' dir='ltr'><strong>fides</strong></span> <span class='ocrx_word' id='word_1_220' title='bbox 1134 2362 1230 2392; x_wconf 89' lang='lat' dir='ltr'><strong>una</strong></span> <span class='ocrx_word' id='word_1_221' title='bbox 1268 2354 1352 2397; x_wconf 84' lang='lat' dir='ltr'><strong>est,</strong></span> <span class='ocrx_word' id='word_1_222' title='bbox 1390 2346 1556 2405; x_wconf 90' lang='lat' dir='ltr'><strong>utique</strong></span> <span class='ocrx_word' id='word_1_223' title='bbox 1593 2354 1642 2392; x_wconf 87' lang='lat' dir='ltr'><strong>et</strong></span> 
     </span>
     <span class='ocr_line' id='line_1_30' title="bbox 237 2424 1641 2483; baseline -0.005 -9"><span class='ocrx_word' id='word_1_224' title='bbox 237 2428 474 2474; x_wconf 88' lang='lat' dir='ltr'><strong>Dominus</strong></span> <span class='ocrx_word' id='word_1_225' title='bbox 497 2442 622 2472; x_wconf 93' lang='lat' dir='ltr'><strong>unus</strong></span> <span class='ocrx_word' id='word_1_226' title='bbox 647 2432 747 2480; x_wconf 82' lang='lat' dir='ltr'><strong>est3</strong></span> <span class='ocrx_word' id='word_1_227' title='bbox 786 2425 826 2470; x_wconf 89' lang='lat' dir='ltr'><strong>si</strong></span> <span class='ocrx_word' id='word_1_228' title='bbox 841 2424 1078 2470; x_wconf 89' lang='lat' dir='ltr'><strong>Dominus</strong></span> <span class='ocrx_word' id='word_1_229' title='bbox 1104 2439 1227 2468; x_wconf 91' lang='lat' dir='ltr'><strong>unus</strong></span> <span class='ocrx_word' id='word_1_230' title='bbox 1251 2430 1335 2475; x_wconf 87' lang='lat' dir='ltr'><strong>est,</strong></span> <span class='ocrx_word' id='word_1_231' title='bbox 1351 2438 1641 2483; x_wconf 90' lang='lat' dir='ltr'><strong>consequens</strong></span> 
     </span>
     <span class='ocr_line' id='line_1_31' title="bbox 237 2499 1641 2563; baseline -0.004 -12"><span class='ocrx_word' id='word_1_232' title='bbox 237 2512 309 2551; x_wconf 92' lang='lat' dir='ltr'><strong>est</strong></span> <span class='ocrx_word' id='word_1_233' title='bbox 337 2505 507 2558; x_wconf 84' lang='lat' dir='ltr'><strong>dicere,</strong></span> <span class='ocrx_word' id='word_1_234' title='bbox 531 2503 644 2562; x_wconf 89' lang='lat' dir='ltr'><strong>quia</strong></span> <span class='ocrx_word' id='word_1_235' title='bbox 668 2500 818 2563; x_wconf 70' lang='lat' dir='ltr'><strong>[for-9.</strong></span> <span class='ocrx_word' id='word_1_236' title='bbox 844 2499 1037 2550; x_wconf 72' lang='lat' dir='ltr'><strong>addend.</strong></span> <span class='ocrx_word' id='word_1_237' title='bbox 1066 2501 1211 2554; x_wconf 88' lang='lat' dir='ltr'><strong>Deus,</strong></span> <span class='ocrx_word' id='word_1_238' title='bbox 1246 2499 1348 2545; x_wconf 77' lang='lat' dir='ltr'><strong>Vid.</strong></span> <span class='ocrx_word' id='word_1_239' title='bbox 1374 2499 1491 2560; x_wconf 48' lang='lat' dir='ltr'><strong>not]</strong></span> <span class='ocrx_word' id='word_1_240' title='bbox 1516 2516 1641 2546; x_wconf 85' lang='lat' dir='ltr'><strong>unus</strong></span> 
     </span>
     <span class='ocr_line' id='line_1_32' title="bbox 174 2577 1642 2638; baseline -0.003 -10"><span class='ocrx_word' id='word_1_241' title='bbox 174 2602 225 2638; x_wconf 87' lang='lat'><strong>30</strong></span> <span class='ocrx_word' id='word_1_242' title='bbox 238 2588 323 2628; x_wconf 90' lang='lat' dir='ltr'><strong>est.</strong></span> <span class='ocrx_word' id='word_1_243' title='bbox 386 2581 438 2626; x_wconf 92' lang='lat' dir='ltr'><strong>Si</strong></span> <span class='ocrx_word' id='word_1_244' title='bbox 462 2588 623 2626; x_wconf 86' lang='lat' dir='ltr'><strong>autem</strong></span> <span class='ocrx_word' id='word_1_245' title='bbox 648 2579 762 2624; x_wconf 90' lang='lat' dir='ltr'><strong>haec</strong></span> <span class='ocrx_word' id='word_1_246' title='bbox 786 2578 962 2630; x_wconf 89' lang='lat' dir='ltr'><strong>unitas,</strong></span> <span class='ocrx_word' id='word_1_247' title='bbox 986 2593 1108 2636; x_wconf 91' lang='lat' dir='ltr'><strong>quae</strong></span> <span class='ocrx_word' id='word_1_248' title='bbox 1144 2577 1353 2636; x_wconf 90' lang='lat' dir='ltr'><strong>separari</strong></span> <span class='ocrx_word' id='word_1_249' title='bbox 1377 2579 1571 2622; x_wconf 88' lang='lat' dir='ltr'><strong>omnino</strong></span> <span class='ocrx_word' id='word_1_250' title='bbox 1594 2586 1642 2623; x_wconf 92' lang='lat' dir='ltr'><strong>et</strong></span> 
     </span>
     <span class='ocr_line' id='line_1_33' title="bbox 238 2654 1638 2717; baseline -0.004 -11"><span class='ocrx_word' id='word_1_251' title='bbox 238 2659 389 2706; x_wconf 86' lang='lat' dir='ltr'><strong>dividi</strong></span> <span class='ocrx_word' id='word_1_252' title='bbox 427 2674 519 2704; x_wconf 88' lang='lat' dir='ltr'><strong>non</strong></span> <span class='ocrx_word' id='word_1_253' title='bbox 556 2663 728 2717; x_wconf 91' lang='lat' dir='ltr'><strong>potest,</strong></span> <span class='ocrx_word' id='word_1_254' title='bbox 763 2656 908 2702; x_wconf 88' lang='lat' dir='ltr'><strong>etiam</strong></span> <span class='ocrx_word' id='word_1_255' title='bbox 946 2656 1073 2714; x_wconf 91' lang='lat' dir='ltr'><strong>apud</strong></span> <span class='ocrx_word' id='word_1_256' title='bbox 1113 2654 1373 2700; x_wconf 87' lang='lat' dir='ltr'><strong>haereticos</strong></span> <span class='ocrx_word' id='word_1_257' title='bbox 1412 2654 1517 2714; x_wconf 87' lang='lat' dir='ltr'><strong>ipsa</strong></span> <span class='ocrx_word' id='word_1_258' title='bbox 1551 2663 1638 2710; x_wconf 86' lang='lat' dir='ltr'><strong>est,</strong></span> 
     </span>
     <span class='ocr_line' id='line_1_34' title="bbox 236 2729 1639 2797; baseline -0.004 -15"><span class='ocrx_word' id='word_1_259' title='bbox 236 2737 352 2797; x_wconf 93' lang='lat' dir='ltr'><strong>quid</strong></span> <span class='ocrx_word' id='word_1_260' title='bbox 389 2737 515 2781; x_wconf 90' lang='lat' dir='ltr'><strong>ultra</strong></span> <span class='ocrx_word' id='word_1_261' title='bbox 551 2732 917 2779; x_wconf 86' lang='lat' dir='ltr'><strong>contendimus?</strong></span> <span class='ocrx_word' id='word_1_262' title='bbox 968 2738 1019 2776; x_wconf 90' lang='lat' dir='ltr'><strong>ut</strong></span> <span class='ocrx_word' id='word_1_263' title='bbox 1056 2729 1206 2792; x_wconf 76' lang='lat' dir='ltr'><strong>[fors.</strong></span> <span class='ocrx_word' id='word_1_264' title='bbox 1241 2730 1350 2792; x_wconf 90' lang='lat' dir='ltr'><strong>aut]</strong></span> <span class='ocrx_word' id='word_1_265' title='bbox 1382 2731 1498 2790; x_wconf 91' lang='lat' dir='ltr'><strong>quid</strong></span> <span class='ocrx_word' id='word_1_266' title='bbox 1537 2733 1639 2777; x_wconf 90' lang='lat' dir='ltr'><strong>illos</strong></span> 
     </span>
    </p>
   </div>
   <div class='ocr_carea' id='block_1_6' title="bbox 235 2808 1634 2868">
    <p class='ocr_par' dir='ltr' id='par_1_6' title="bbox 235 2808 1634 2868">
     <span class='ocr_line' id='line_1_35' title="bbox 235 2808 1634 2868; baseline -0.004 -8"><span class='ocrx_word' id='word_1_267' title='bbox 235 2813 508 2866; x_wconf 81' lang='lat' dir='ltr'><strong>haereticos,</strong></span> <span class='ocrx_word' id='word_1_268' title='bbox 522 2819 569 2856; x_wconf 90' lang='lat' dir='ltr'><strong>et</strong></span> <span class='ocrx_word' id='word_1_269' title='bbox 596 2826 690 2856; x_wconf 89' lang='lat' dir='ltr'><strong>non</strong></span> <span class='ocrx_word' id='word_1_270' title='bbox 705 2810 1006 2855; x_wconf 88' lang='lat' dir='ltr'><strong>Christianos</strong></span> <span class='ocrx_word' id='word_1_271' title='bbox 1022 2824 1242 2854; x_wconf 88' lang='lat' dir='ltr'><strong>vocamus</strong></span> <span class='ocrx_word' id='word_1_272' title='bbox 1257 2808 1280 2854; x_wconf 76' lang='grc' dir='ltr'><strong>ἶ)</strong></span> <span class='ocrx_word' id='word_1_273' title='bbox 1318 2809 1468 2854; x_wconf 89' lang='lat' dir='ltr'><strong>Porro</strong></span> <span class='ocrx_word' id='word_1_274' title='bbox 1482 2824 1634 2868; x_wconf 89' lang='lat' dir='ltr'><strong>quum</strong></span> 
     </span>
    </p>
   </div>
  </div>
 </body>
</html>
