2034 3204
543 227 850 271 AGOBARDI
883 227 957 269 ΕΤ
989 227 1165 269 LUGD.
1199 225 1326 268 BAT.

286 336 327 374 P.
350 347 435 384 143,
454 335 480 373 l.
503 347 563 384 14,
584 335 782 374 catholice.

285 390 326 428 P.
347 411 400 420 ·—-
421 390 447 428 l.
472 402 534 438 24.
566 403 654 427 nam
685 390 786 439 quod
825 403 904 428 am·

231 444 328 494 plius
348 443 444 482 cod.
464 443 657 493 Agobard.

286 498 325 535 P.
351 509 438 546 ¹44·
467 497 493 535 1.
518 510 580 547 23,
601 504 660 536 est
685 498 793 536 abest
820 503 907 548 post

230 564 342 589 unus.

284 606 327 643 P.
341 617 390 654 14
393 614 430 656 5.
450 605 476 643 l.
493 617 551 654 ¹4·
565 606 775 644 Ecclesiam
788 619 906 644 suam.

285 659 332 697 P.
349 680 402 689 —
425 659 449 698 l.
475 659 535 704 18,
561 661 624 698 ubi
653 667 745 698 tunc
768 660 908 699 Valen-

230 713 345 751 tinus.

284 767 327 805 P.
343 787 393 795 —
412 767 439 805 1.
465 779 526 810 2ο,
547 767 787 806 catholicam.

284 821 392 858 P.—
410 820 435 858 l.
460 832 523 864 22,
555 822 737 867 Eleuteri,
771 823 906 861 Codex

231 880 402 924 uterque.

286 929 393 966 P.-
409 929 436 967 l.
461 941 521 977 23,
542 929 741 968 viciabant.

286 982 326 1020 P.
339 1004 394 1012 -
407 982 430 1020 l.
451 984 512 1027 26,
529 984 907 1034 relegatus——dis-

231 1036 442 1080 seminavit,
462 1044 576 1088 prout
591 1038 698 1076 Edit.
718 1039 906 1089 princeps

285 1090 327 1128 P.
340 1113 395 1119 —
412 1091 438 1128 l.
455 1092 520 1135 28,
540 1093 768 1131 conditione.

285 1145 326 1182 Ρ.
340 1166 393 1175 --
410 1145 435 1182 1.
455 1158 516 1196 29,
537 1147 569 1184 si
593 1153 740 1186 ceteros
758 1160 907 1198 quoque

231 1211 337 1248 quos.

286 1253 327 1290 P.
352 1252 442 1301 146,
472 1253 498 1291 l.
531 1266 596 1298 22,
629 1255 702 1293 hoc
738 1256 905 1300 nomine,

231 1307 329 1344 Cod.
349 1313 519 1357 uterque.

286 1361 327 1398 P.
340 1382 393 1389 —
412 1362 436 1399 l.
453 1363 516 1406 26,
530 1363 591 1412 qui
606 1364 714 1402 abest
729 1377 752 1402 a
764 1365 906 1403 Codice

231 1420 404 1464 utroque.

285 1469 325 1506 P.
341 1469 435 1506 —l.
453 1480 516 1519 27,
538 1471 659 1521 cupio.

285 1523 328 1561 P.
351 1533 439 1572 147,
467 1524 492 1560 l.
518 1537 550 1567 1,
578 1526 786 1575 Apostolos
809 1527 903 1564 Cod.

229 1577 426 1631 Agobard.
448 1590 525 1615 non
545 1580 766 1630 Apostolus,
788 1587 829 1619 ut
849 1594 906 1619 re-

229 1632 303 1670 fert
323 1631 525 1682 Rigaltius.

286 1687 329 1724 P.
349 1707 404 1713 —
426 1685 452 1724 l.
473 1695 512 1736 5.
543 1693 714 1725 mortuos
746 1689 903 1727 suscita·

229 1740 333 1778 bant.

284 1794 328 1832 P.
341 1793 439 1830 —l.
464 1794 500 1838 8,
520 1795 763 1834 mendacitati
782 1796 899 1849 depu-

230 1848 399 1886 tundam.

286 1903 326 1940 P.
339 1900 437 1940 —l.
461 1915 521 1952 13,
543 1908 580 1941 et
600 1903 721 1941 abest.

284 1956 326 1994 P.
345 1952 436 2004 148,
456 1958 483 1995 l.
502 1969 515 1995 1
529 1970 563 2001 1,
593 1957 832 1997 desciverunt
864 1966 904 1998 et

230 2010 351 2048 aliter.

285 2065 326 2102 P.
350 2086 401 2093 —
434 2065 461 2103 l.
485 2086 550 2108 —‚
594 2066 904 2115 praedicaverunt

337 2118 512 2162 formam,
537 2119 686 2158 absunt.

285 2173 325 2210 P.
351 2185 436 2224 149.
463 2173 490 2211 l.
516 2174 577 2217 16,
602 2174 902 2224 Hermogenem,

230 2231 352 2264 utrum
381 2227 542 2277 aliquem
574 2240 621 2266 an
650 2229 803 2278 aliquid,
833 2231 901 2268 du-

231 2281 317 2318 bito.

284 2335 328 2373 P.
345 2357 394 2364 —
412 2335 440 2374 l.
465 2348 525 2380 21,
541 2335 662 2386 jubet.

284 2389 328 2426 P.
349 2401 437 2439 150,
457 2390 482 2427 l.
498 2402 536 2440 5,
556 2390 748 2440 angelum.

283 2443 391 2480 P.—
409 2443 435 2482 l.
461 2445 518 2488 16,
537 2444 628 2482 dum
652 2457 729 2482 non
755 2445 904 2484 intersit

230 2509 326 2546 quae
345 2498 506 2546 quando.

287 2551 329 2589 P.
341 2572 392 2580 —
414 2551 439 2589 l.
458 2563 477 2588 2
483 2561 522 2602 5,
542 2551 605 2590 ille
623 2552 787 2591 fuerunt.

285 2605 326 2641 P.
342 2626 395 2633 -—
417 2605 442 2642 l.
459 2627 525 2649 —‚
545 2606 699 2644 abortae
722 2607 901 2658 quasdam

232 2671 276 2695 ex
296 2658 370 2695 illis
384 2659 581 2709 opiniones
598 2669 888 2711 usurpaverunt.

286 2713 329 2750 P.
348 2723 437 2762 151,
453 2714 479 2750 l.
499 2726 559 2762 14,
575 2715 722 2754 Abesse
742 2717 902 2763 videtur,

233 2766 346 2815 quod,
368 2767 501 2804 saltem
521 2768 662 2818 utique.

287 2820 330 2857 P.
354 2833 440 2870 152,
462 2821 486 2858 1.
507 2833 541 2864 2,
563 2829 788 2862 contestare.

1553 227 1638 272 4⁶29

1018 335 1058 372 Ρ.
1078 346 1167 384 152,
1188 335 1212 372 l.
1230 335 1268 377 6,
1289 340 1395 384 potat
1416 334 1506 373 MS.
1527 336 1602 385 Ag.

1017 390 1126 427 P.—
1145 390 1170 427 l.
1192 402 1248 431 ιι,
1272 390 1338 427 sed
1368 402 1445 426 non
1475 396 1563 427 sunt
1590 402 1639 427 ex

961 443 1036 481 illa.
1496 476 1500 481 ,

1020 498 1063 535 P.
1084 518 1135 526 —
1163 496 1187 535 l.
1214 508 1275 545 17,
1296 509 1373 534 non
1400 502 1552 534 nostrae
1572 497 1637 534 de-

962 564 1124 602 generes
1137 551 1306 589 veritatis
1326 563 1449 600 grano
1469 556 1507 588 et
1528 564 1577 588 m.
1592 564 1623 587 ε.

1020 606 1066 644 P.
1079 626 1133 635 —
1152 606 1179 643 l.
1199 606 1262 648 28,
1282 604 1449 642 nomine.

1018 660 1060 698 P.
1084 671 1168 710 153.
1194 660 1219 698 l.
1239 670 1279 707 3.
1307 659 1440 702 Abest,
1461 658 1554 696 Mea
1580 666 1638 697 est

963 715 1164 763 possessio.

1019 767 1064 806 P.
1080 790 1135 796 —
1148 768 1173 805 l.
1189 778 1224 817 7,
1241 766 1610 805 exhereditaverunt.

1018 822 1060 860 P.
1073 844 1128 852 —
1147 822 1174 860 l.
1203 834 1260 870 14,
1280 822 1511 860 necessarias
1530 822 1637 860 insti-

962 876 1047 914 tuit.

1018 931 1059 969 P.
1075 953 1126 960 —
1147 931 1171 968 1.
1197 942 1260 980 25,
1285 932 1322 967 in
1350 929 1520 967 additum
1550 937 1638 968 ante

963 983 1195 1035 Scripturae,
1231 984 1298 1022 sed
1320 982 1402 1031 jam
1441 985 1525 1022 inde
1560 997 1637 1022 non

963 1051 1182 1091 comparere
1201 1038 1364 1076 videtur.

1018 1094 1060 1131 P.
1080 1115 1135 1122 —
1159 1094 1186 1132 l.
1208 1092 1272 1135 26,
1303 1099 1505 1141 antequam
1545 1094 1637 1131 nihil

962 1147 1071 1185 aliter
1115 1148 1199 1192 fuit,
1243 1154 1451 1210 antequam
1494 1161 1637 1190 sumus.

962 1212 1053 1261 quid
1101 1213 1262 1263 denique
1309 1215 1380 1252 fuit
1435 1219 1638 1263 antequam

962 1266 1072 1304 nobis
1091 1267 1394 1318 interpolaretur.

1019 1321 1060 1358 P.
1087 1334 1175 1372 ¹54·
1205 1323 1228 1360 l.
1255 1336 1287 1367 1,
1317 1330 1355 1361 et
1384 1322 1494 1372 primi
1523 1327 1562 1360 et
1589 1334 1638 1359 ex

961 1376 1064 1427 ipsis.

1017 1430 1058 1467 P.
1074 1453 1129 1460 —
1147 1430 1171 1468 l.
1191 1443 1251 1478 14,
1274 1432 1380 1469 Haec
1403 1437 1505 1468 sunt.

1017 1484 1059 1522 P.
1076 1506 1128 1513 —
1149 1485 1173 1522 1.
1191 1497 1254 1530 21,
1272 1486 1349 1523 suis
1368 1498 1438 1535 pro
1452 1486 1528 1535 jus.
1560 1484 1638 1522 Sed

960 1539 1066 1576 vides
1111 1547 1304 1589 praestare
1350 1540 1500 1577 videtur
1545 1539 1636 1577 MS.

960 1592 1161 1643 Agobard.

1014 1648 1054 1684 P.
1069 1669 1124 1675 —-
1142 1648 1167 1686 l.
1189 1659 1253 1695 24,
1273 1654 1312 1687 et
1330 1647 1511 1686 versibus.
1547 1647 1635 1686 MS.

960 1700 1159 1751 Agobard.

1018 1757 1060 1793 P.
1090 1777 1144 1784 —
1179 1756 1203 1794 l.
1241 1769 1262 1794 2
1268 1766 1305 1807 5,
1345 1756 1505 1794 Ovidius
1543 1756 1637 1794 citra

959 1810 1122 1847 mediam
1140 1816 1178 1848 et
1197 1818 1245 1848 tr.
1304 1810 1394 1853 Sed,
1416 1810 1507 1848 MS.
1527 1812 1634 1861 Ago-

958 1863 1064 1902 bard.
1132 1864 1313 1902 Vosidius
1343 1865 1444 1903 Geta
1480 1865 1635 1903 medaee

959 1923 1007 1956 tr.

1016 1973 1059 2010 P.
1094 1993 1148 2002 ·-
1185 1973 1209 2010 1.
1248 1985 1314 2022 32,
1364 1975 1634 2024 cujuscunque,

957 2033 1071 2076 prout
1091 2027 1195 2065 Edd.
1216 2034 1376 2072 veteres,
1397 2030 1499 2078 quod
1524 2041 1633 2067 revo-

958 2082 1052 2125 cavi,
1071 2094 1140 2131 pro
1159 2082 1354 2132 cujusque.
1402 2083 1449 2121 Id
1469 2097 1556 2122 vero
1575 2083 1633 2120 in-

958 2135 1084 2174 dicare
1104 2137 1269 2186 neglexi.

1014 2191 1055 2228 P.
1076 2202 1086 2227 1
1097 2202 1118 2239 5
1126 2202 1163 2240 5,
1184 2191 1207 2228 l.
1223 2202 1261 2239 4,
1282 2190 1360 2228 Sed
1380 2192 1585 2241 quaeritur.

1014 2243 1060 2282 P.
1075 2266 1128 2272 —
1148 2244 1173 2282 l.
1197 2254 1232 2296 7,
1258 2245 1296 2282 in
1326 2245 1514 2284 idolorum
1546 2246 1631 2284 mis-

957 2298 1074 2336 teriis.

1015 2353 1056 2390 P.
1072 2374 1121 2381 —
1141 2352 1165 2390 l.
1180 2364 1220 2404 9,
1241 2354 1467 2404 expiatione.

1015 2406 1063 2445 P.
1081 2427 1133 2436 —
1153 2407 1178 2444 l.
1202 2421 1259 2451 ιο,
1281 2409 1453 2446 meminit
1473 2408 1595 2446 mitre.

1013 2460 1120 2498 P.—
1137 2461 1164 2498 l.
1186 2472 1246 2510 17,
1276 2463 1539 2506 sacrificantia,
1566 2463 1634 2501 sed

957 2514 1049 2552 MS.
1078 2514 1279 2564 Agobard.
1310 2517 1530 2555 sacrificalia
1562 2518 1632 2555 ha-

957 2569 1046 2612 bet;
1077 2569 1115 2606 in
1135 2582 1209 2619 quo
1231 2570 1375 2608 Codice
1395 2571 1527 2609 deesse
1546 2577 1634 2621 post

958 2622 1057 2660 hanc
1083 2636 1214 2661 vocem
1243 2625 1370 2662 omnia
1388 2626 1504 2663 verba
1532 2639 1634 2663 nunc

959 2683 1119 2720 constat,
1143 2690 1261 2727 usque
1290 2679 1379 2716 dum
1408 2680 1557 2717 veneris
1585 2680 1633 2717 ad

958 2731 1023 2768 illa
1063 2744 1181 2781 prope
1214 2733 1328 2770 finem
1367 2733 1483 2771 libelli
1503 2749 1513 2778 ;
1554 2733 1633 2772 Sed

959 2798 1060 2823 nunc
1080 2786 1230 2834 quidem
1251 2787 1490 2836 generaliter.

1014 2840 1054 2876 P.
1072 2839 1160 2889 156,
1184 2842 1207 2877 l.
1228 2853 1266 2889 3,
1297 2842 1357 2879 Ita
1384 2855 1498 2880 omne
1526 2855 1631 2880 men-
