1988 3216
368 258 426 300 26
841 258 922 299 AN
925 258 964 299 N
969 258 1227 300 OTATION
1233 258 1301 300 Es

428 366 475 407 P.
500 379 509 406 ι
520 379 561 420 5.
584 365 609 406 l.
630 379 693 406 10.
716 369 794 406 τῶν
814 369 882 406 τοῦ
906 366 1049 418 Κυρίου
1071 365 1134 406 καὶ
1152 367 1262 406 Θεοῦ
1282 361 1520 418 ὀφθαλμῶν]
1546 361 1778 419 Significari

369 423 534 465 videtur
565 422 629 463 his
657 422 792 464 verbis
823 422 932 463 solus
955 422 1155 464 Christus
1218 421 1342 477 Apud
1363 421 1461 462 Vet.
1483 426 1621 462 tamen
1644 421 1779 462 Inter-

369 488 528 537 pretem
571 495 690 521 voces
737 480 798 521 καὶ
839 483 947 521 Θεοῦ
988 479 1148 521 desunt.
1210 479 1378 520 Interea
1416 477 1459 519 in
1498 477 1650 519 celebri
1689 478 1777 518 loco

369 540 548 580 Actuuin
577 539 723 593 Apost.
747 552 836 593 cap.
858 552 929 577 xx.
958 551 1103 578 comm.
1129 536 1192 578 28.
1225 541 1440 592 praestant
1469 535 1634 591 plurimi
1665 535 1777 577 MSti

486 598 694 646 ποιμανεῖν
724 594 796 645 τὴν
827 595 1042 646 ἐκκλησίαν
1075 597 1143 635 τοῦ
1179 595 1320 646 Κυρίου
1351 593 1412 634 καὶ
1441 596 1564 641 Θεοῦ,
1592 592 1641 644 ἣν
1671 606 1813 645 περι-5

368 653 562 702 ποιήσατο
584 654 646 694 διὰ
665 655 733 692 τοῦ
756 652 852 692 ἰδίου
874 652 1049 703 αἵματος.

429 710 473 751 P.
505 711 566 750 16.
588 710 614 750 l.
638 710 676 750 8.
706 709 819 751 οὗτος
838 709 1083 761 πρωτότοκός
1104 709 1189 748 ἐστι
1209 709 1278 748 τοῦ
1299 708 1478 761 Σατανᾶ]
1506 707 1571 748 Ita
1594 705 1636 748 S.
1656 705 1779 762 Poly-

368 781 519 823 carpus
548 766 773 822 appellavit
793 765 1061 817 Marcionem,
1082 779 1209 820 quum
1236 778 1279 805 se
1306 764 1349 805 in
1369 770 1632 820 conspectum
1652 763 1779 819 ipsius

367 823 647 880 protrusisset,
670 830 716 865 ut
735 823 848 864 illum
880 828 1122 879 agnosceret
1152 828 1194 863 et
1223 822 1436 870 salutaret,
1460 827 1505 863 ut
1534 821 1707 863 fratrem
1736 827 1779 862 et

367 881 628 924 Christianae
658 880 952 923 communionis
981 879 1146 928 socium,
1172 893 1307 927 orans,
1338 878 1451 934 apud
1482 879 1592 920 Iren.
1622 877 1693 920 lib.
1717 892 1843 920 111.10

367 954 402 981 c.
424 952 466 993 3.
490 938 728 992 ἐπιγίνωσκέ
744 955 806 990 με.
839 937 953 994 cujus
977 937 1039 978 rei
1058 936 1272 978 historiam
1296 937 1454 979 Graece
1485 935 1628 978 retulit
1648 936 1778 977 Euse-

367 996 458 1038 bius
490 996 598 1037 Hist.
631 996 787 1037 Eccles.
816 995 884 1036 lib.
907 1009 963 1036 1v.
994 1009 1028 1036 c.
1057 1008 1120 1045 14.
1153 995 1400 1047 ἑπιγινώσκω
1436 1010 1483 1034 σε
1515 992 1560 1034 τὸ
1594 993 1779 1046 προτότο-

367 1070 439 1095 κον
460 1056 528 1095 τοῦ
550 1056 721 1095 Σατανᾶ.
745 1052 941 1095 SMITH.
994 1052 1168 1093 Praeter
1191 1051 1410 1092 Irenaeum
1431 1055 1558 1092 testes
1579 1049 1779 1092 citaverat

370 1110 563 1153 Usserius
592 1125 685 1152 cum
715 1111 813 1152 Act.
837 1109 919 1151 xiii.
949 1122 1013 1151 10.
1046 1108 1117 1151 ubi
1151 1109 1193 1151 S.
1213 1107 1366 1150 Paulus
1390 1107 1584 1164 Elymam
1610 1121 1779 1164 magum

366 1168 453 1210 υἱὸν
481 1170 675 1220 διαβόλου
705 1167 900 1224 appellat,
922 1173 1010 1208 tum
1040 1166 1163 1208 etiam
1195 1165 1443 1223 Ignatianae
1473 1165 1527 1207 ad
1548 1164 1779 1207 Trallianos
1796 1180 1842 1218 15

367 1225 565 1282 epistolae
595 1225 870 1281 interpolatae
891 1239 980 1281 cap.
1007 1237 1068 1264 ιι.
1091 1223 1134 1265 in
1154 1238 1236 1279 quo
1256 1224 1309 1265 ab
1330 1222 1626 1279 interpolatore
1649 1221 1779 1265 Simo-

368 1298 460 1325 nem
493 1283 562 1324 τὸν
591 1285 838 1336 πρωτότοκον
869 1283 987 1324 αὐτοῦ
1018 1281 1204 1336 (diaboli)
1233 1281 1318 1322 υἱὸν
1349 1280 1604 1322 nominatum
1637 1279 1777 1322 habes.

368 1341 507 1397 Supra
528 1355 638 1390 vere,
662 1340 730 1382 ubi
750 1341 779 1382 J
782 1340 924 1382 oannis
944 1339 1132 1395 Apostoli
1163 1339 1275 1381 locus
1301 1338 1488 1387 affertur,
1510 1352 1587 1393 pro
1609 1337 1780 1395 vulgata

368 1398 542 1440 lectione
583 1399 806 1450 ἐληλυθότα
845 1403 1031 1454 praestat
1073 1411 1165 1438 cum
1205 1395 1294 1438 aliis
1344 1394 1613 1451 scriptoribus
1653 1401 1778 1451 atque

367 1456 575 1497 codicibus
611 1454 848 1507 ἐληλυθέναι
879 1455 1159 1511 Polycarpus;
1191 1453 1302 1509 quod
1332 1452 1499 1509 quidem
1529 1451 1694 1509 signare
1723 1452 1779 1495 ad
1794 1471 1847 1496 20·

370 1514 533 1555 Novum
568 1513 879 1555 Testamentum
912 1511 1043 1554 critici
1082 1511 1320 1553 omiserunt.
1382 1511 1550 1552 Interea
1590 1511 1779 1561 ἐληλυθέ-

370 1588 436 1612 ναι
476 1585 552 1627 pro
592 1572 832 1622 ἐληλυθῆναι
871 1585 922 1612 ex
964 1569 1062 1611 edit.
1103 1568 1289 1625 principe
1337 1568 1568 1625 Polycarpo
1602 1567 1777 1610 restitui.

371 1628 570 1684 Apposite
592 1627 743 1670 indicat
765 1627 812 1669 cl.
829 1628 1085 1670 Jacobsonus
1105 1627 1133 1669 J
1137 1641 1228 1668 oan.
1253 1625 1318 1668 vii.
1339 1639 1408 1678 44.
1432 1627 1540 1677 ὑμεῖς
1560 1626 1603 1667 ἐκ
1630 1625 1779 1678 πατρὸς

370 1690 439 1727 τοῦ
460 1686 651 1737 διαβόλου
674 1685 777 1727 ἐστέ.

430 1743 535 1786 Ibid.
569 1743 593 1784 l.
627 1757 666 1799 9.
701 1740 1005 1798 ἀπολείποντες]
1040 1741 1130 1783 Hoc
1161 1755 1236 1798 pro
1268 1740 1533 1783 ἀπολιπόντες
1562 1754 1614 1782 ex
1647 1738 1776 1781 Codd.
1795 1756 1842 1794 ²5

367 1800 532 1856 scriptis
552 1799 634 1842 suis
655 1799 812 1856 recepit
831 1800 859 1842 J
862 1800 1100 1841 acobsonus.

429 1858 534 1900 Ibid.
559 1858 584 1900 l.
613 1871 675 1913 13.
708 1858 777 1899 τὸν
801 1858 1080 1909 παντεπόπ-την
1111 1856 1239 1910 Θεὸν]
1277 1855 1320 1898 S.
1345 1854 1535 1897 Clemens
1566 1854 1779 1896 Roma-nus

369 1916 411 1957 in
440 1915 520 1957 fine
550 1914 700 1972 prieris
728 1914 938 1971 Epistolae
967 1914 1021 1956 ad
1045 1912 1293 1962 Corinthios,
1315 1913 1336 1953 ὁ
1363 1912 1638 1963 παντεπόπτης
1659 1911 1778 1955 Θεός.

369 1974 500 2015 Recte
531 1973 572 2015 in
603 1972 754 2015 Latina
774 1971 973 2024 versione,
994 1971 1065 2014 ubi
1095 1986 1147 2013 ex
1178 1969 1393 2013 oscitant-ia
1423 1968 1580 2011 librarii
1610 1967 1779 2025 ponitur

361 2038 721 2087 prosperatorem,
737 2045 789 2072 ex
808 2029 958 2072 Codice
975 2028 1286 2087 Magdalenensi
1301 2035 1612 2083 perspectorem
1631 2024 1780 2068 substi-
1792 2047 1849 2084 30

369 2089 449 2131 tuit
475 2087 678 2131 Usserius.
713 2087 910 2131 SMITH.

428 2147 472 2188 Ρ.
500 2160 560 2200 17.
592 2145 618 2188 1.
641 2147 680 2187 6.
723 2145 961 2198 δοξάζωμεν]
1012 2144 1163 2195 Quum,
1203 2142 1413 2185 referente
1449 2140 1632 2192 Usserio,
1667 2139 1780 2183 istud

369 2204 559 2246 habuerit
592 2204 683 2246 MS.
718 2202 918 2251 Salmasii,
948 2202 1025 2243 hoc
1052 2207 1127 2251 est,
1156 2199 1403 2257 exemplaris
1435 2197 1650 2242 Schottani
1681 2211 1780 2255 apo-

366 2262 590 2318 graphum.
611 2260 826 2326 eidemque
855 2259 1019 2302 lectioni
1049 2258 1200 2301 faverit
1224 2259 1353 2301 Vetus
1386 2257 1541 2312 Interp.
1565 2256 1671 2298 hanc
1698 2270 1778 2321 pro

365 2318 501 2361 altera
522 2317 742 2370 δοξάζωμεν
763 2332 803 2359 ιη
825 2323 986 2359 textum
1017 2316 1154 2373 recepi
1170 2333 1182 2367 5
1215 2315 1255 2358 id
1277 2314 1387 2372 quod
1418 2328 1526 2356 nunc
1557 2313 1675 2355 video
1689 2327 1777 2369 Jam
1792 2331 1842 2371 35

367 2376 511 2418 fecisse
535 2376 839 2432 Lemoynaeum
872 2374 913 2416 in
943 2389 1018 2416 sua
1038 2373 1218 2415 editione
1250 2370 1483 2437 Pelycarpi.
1545 2371 1661 2413 Haec
1682 2369 1777 2412 olim

365 2433 521 2490 scripsi.
585 2433 717 2481 Nunc,
754 2432 860 2475 idem
933 2446 983 2473 uo
1015 2446 1064 2473 ue
1100 2430 1306 2473 indicante
1347 2428 1509 2471 Codicis
1551 2426 1779 2470 Florentini

366 2490 610 2548 apographo
632 2505 721 2533 meo
745 2446 1204 2538 Vossio-ffloffwellianm
1227 2493 1401 2530 testatus
1431 2492 1494 2528 est
1519 2485 1547 2527 J
1551 2485 1778 2528 acobsonus

366 2556 533 2591 exstare
554 2547 594 2590 in
619 2548 694 2590 hoc
717 2547 867 2590 Codice
890 2545 1127 2589 Florentino
1149 2544 1383 2597 δοξάζωμεν.

428 2606 531 2649 Ibid.
553 2605 578 2648 l.
598 2607 636 2647 8.
660 2607 724 2648 καὶ
744 2605 854 2658 ἡμεῖς
874 2607 990 2647 τοῦτο
1011 2602 1322 2658 ἐπιστεύσαμεν]
1352 2601 1410 2643 Le
1442 2615 1464 2643 e
1485 2601 1621 2655 τούτῳ,
1644 2598 1722 2649 vel,
1743 2598 1778 2642 si
1792 2622 1842 2656 40

365 2664 596 2706 retineatur
632 2666 760 2711 τοῦτο,
797 2660 1059 2718 subintellige
1095 2659 1206 2703 εἶναι.
1240 2615 1439 2702 SMlTkff
1502 2656 1628 2700 Haud
1664 2655 1778 2700 favet

366 2721 532 2777 quidem
565 2719 779 2763 mutationi
814 2717 1110 2776 Interpretatio
1141 2724 1284 2765 vetus:
1316 2716 1370 2759 ad
1391 2730 1505 2758 oram
1534 2720 1674 2757 tamen
1705 2728 1778 2756 ex-

365 2778 488 2835 empli
523 2778 599 2820 mei
628 2777 917 2821 Aldriehianae
945 2776 1042 2819 edit.
1075 2775 1136 2818 vir
1163 2774 1213 2817 cl.
1244 2772 1517 2817 Marklandus
1547 2786 1669 2815 manu
1703 2785 1779 2815 sua

368 2837 490 2891 τούτῳ
513 2835 736 2892 rescripsit.

428 2892 535 2935 Ibid.
559 2893 582 2935 Ι.
609 2907 670 2935 ιο.
706 2895 929 2945 Ι”Ιαρακαλῶ
951 2891 1021 2934 οὖν
1041 2890 1139 2943 ὑμᾶς
1164 2888 1253 2945 &c.]
1290 2888 1403 2931 llaec
1426 2886 1552 2931 verba
1572 2900 1702 2943 usque
1722 2885 1777 2929 ad
1792 2903 1840 2940 45
