1988 3216
371 242 425 281 22
839 239 1300 282 ANNOTATIONES

370 351 623 387 memoratur
644 345 733 387 laus
755 345 1093 402 Philippensium,
1114 345 1212 401 ipsis
1233 344 1358 386 initiis
1380 342 1593 399 Evangelii
1618 356 1777 384 annun-

369 403 490 451 ciata,
511 417 561 444 ea
581 403 659 444 sita
679 409 743 445 est
762 403 805 444 in
824 403 998 459 epistola
1018 403 1192 444 Paulina
1212 402 1265 444 ad
1293 401 1457 443 eosdem
1479 400 1776 456 Philippenses,

369 475 460 502 cum
483 460 526 501 in
546 460 746 516 principio
766 460 867 517 ejus,
888 466 976 502 tum
1005 459 1139 516 capite
1166 459 1207 501 ii.
1237 473 1381 500 comm.
1413 473 1420 499 ι
1431 471 1472 514 5.
1535 459 1675 499 Habet
1705 457 1777 499 ali-

369 517 470 573 quid
489 523 710 574 praeterea
728 518 809 559 huo
829 517 1040 574 pertinens
1062 517 1197 559 media
1217 516 1389 572 epistola
1411 515 1677 571 Polycarpus.

429 575 475 616 P.
506 588 568 616 ιο.
599 574 625 616 l.
647 578 689 616 6.
722 577 791 618 Εἰς
820 575 869 616 ὃν
899 576 969 616 οὐκ
1000 575 1168 629 ἰδόντες]
1208 574 1444 615 Clausulam
1474 572 1815 619 redundantem5

370 632 498 674 habet
523 632 736 688 Interpres
757 632 852 674 Vet.
875 632 991 688 quasi
1018 638 1112 688 post
1141 630 1235 686 ᾅδου
1263 646 1315 673 ex
1347 645 1363 672 ι
1392 631 1480 672 Pet.
1503 630 1527 671 i.
1552 632 1590 672 8.
1612 629 1779 686 legisset

371 690 420 731 ὃν
439 690 509 731 οὐκ
530 690 678 733 εἰδότες
698 691 891 742 ἀγαπᾶτε.
923 689 1320 732 JACOBSONUS.

430 746 536 788 Ibid.
557 747 585 788 l.
611 757 651 800 7.
673 749 926 790 πιστεύοντες
953 748 996 788 δὲ
1022 748 1286 800 ἀγαλλιᾶσθε]
1323 746 1411 787 Has
1439 760 1558 787 voces
1585 744 1780 786 omittunt

371 804 490 846 codd.
519 804 644 845 Laur.
676 803 770 861 [seu
801 803 1007 860 Florent]
1031 804 1126 845 Vat.
1160 804 1255 845 Par.
1317 804 1475 858 Interp.
1498 803 1592 844 Vet.
1614 802 1781 858 legebat

372 860 688 915 ἆγαλλιάσεσθε.
707 861 735 903 J
739 861 1012 904 ACOBSON
1015 894 1024 903 .
1062 861 1169 903 Sunt
1183 867 1321 902 autem
1339 860 1380 901 hi
1399 859 1569 902 Codices
1584 874 1610 901 a
1626 859 1712 901 viro
1728 859 1778 900 cl.
1799 873 1846 898 10

372 919 427 960 ad
458 933 554 959 usus
584 933 678 959 suos
708 918 896 968 adhibiti,
919 918 1145 961 Vaticanus
1174 918 1336 959 saeculo
1366 917 1523 959 decimo
1554 916 1678 958 tertio
1708 917 1780 958 ad-

373 975 563 1031 scriptus,
586 975 850 1018 Florentinus
876 991 979 1018 saec.
1003 975 1159 1017 decimo
1186 975 1342 1031 quinto,
1365 975 1576 1016 Parisinus
1604 974 1782 1030 denique

375 1048 481 1075 saec.
503 1032 660 1075 decimo
681 1040 799 1075 sexto
819 1033 1057 1075 attributus.

435 1090 541 1132 Ibid.
563 1090 590 1132 l.
610 1103 673 1132 12.
690 1093 759 1134 τὰς
779 1092 934 1143 ὀσφύας
952 1092 1076 1143 ὑμῶν]
1097 1090 1330 1131 Pronomen
1351 1104 1402 1131 ex
1422 1090 1551 1132 Codd.
1571 1090 1693 1131 Laur.
1711 1104 1783 1131 seu

377 1147 631 1197 Florentino,
659 1149 754 1190 Vat.
787 1148 883 1190 Par.
913 1154 1039 1204 atque
1071 1148 1229 1204 Interp.
1258 1148 1352 1189 Vet.
1387 1162 1493 1188 nunc
1524 1146 1661 1203 recepi
1691 1153 1784 1203 post
1802 1160 1848 1198 15

377 1206 658 1248 Jacobsonum
699 1206 741 1248 S.
772 1205 887 1248 Petri
928 1206 1006 1262 Ep.
1039 1205 1188 1262 prioris
1229 1219 1255 1246 1.
1291 1218 1353 1261 13.
1389 1205 1677 1253 adducentem,
1716 1207 1786 1248 τὰς

378 1265 537 1316 ὀσφύας
556 1266 624 1315 τῆς
644 1264 820 1307 διανοίας
838 1266 960 1315 ὑμῶν.

438 1322 484 1363 Ρ.
508 1334 570 1363 11.
593 1321 620 1362 l.
636 1321 676 1362 8.
703 1319 725 1372 ἢ
745 1322 918 1375 γρόνθον
939 1321 1028 1362 ἀντὶ
1047 1320 1234 1376 γρόνθου]
1263 1320 1506 1362 Eustathius
1532 1319 1575 1361 in
1597 1319 1713 1361 Iliad.
1735 1323 1785 1361 Ψ.

383 1379 638 1421 Πτύσσοντες
658 1378 747 1421 τοὺς
767 1380 833 1430 τῆς
853 1378 986 1432 χειρὸς
1006 1379 1233 1429 δακτύλους,
1256 1378 1320 1419 καὶ
1346 1381 1468 1422 οὕτως
1497 1381 1787 1431 στρυφνοῦντες

382 1437 439 1479 εἷς
458 1437 658 1477 πύκνωσιν
679 1437 717 1476 οἱ
743 1434 957 1490 πυγμάχοι,
980 1436 1186 1485 ἀθλοῦσιν,
1209 1437 1263 1479 εἷς
1283 1436 1455 1488 γρόνθου
1476 1434 1784 1487 συστρέψαντες·
1803 1451 1852 1476 20

382 1494 479 1546 ὅπερ
505 1493 696 1534 κόνδυλόν
721 1499 851 1546 φασιν
880 1494 918 1534 οἳ
948 1494 1081 1545 σόφοι.
1144 1493 1316 1535 Suidas:
1351 1492 1507 1546 Πυγμή.
1539 1491 1659 1544 πάλη.
1691 1493 1788 1545 σύγ-

383 1556 535 1594 κλεισις
564 1551 781 1599 δακτύλων,
812 1551 994 1604 γρόνθος.
1057 1550 1122 1592 Ita
1151 1549 1194 1591 in
1219 1550 1369 1591 Lexico
1398 1549 1596 1606 Hesychii
1629 1550 1788 1592 Graeco

382 1608 515 1661 πυγμὴ
536 1613 598 1649 est
619 1608 810 1660 γρόνθος;
834 1607 876 1649 in
895 1607 1042 1663 Cyrilli
1058 1607 1387 1650 Graeco-Latino
1407 1611 1590 1661 γρόυθυς,
1600 1621 1788 1663 pumma-9,

382 1671 426 1707 et
445 1665 487 1707 in
506 1664 721 1707 Philoxeni
739 1665 1068 1708 Latino-Graeco
1083 1680 1269 1721 puymm,
1285 1666 1464 1718 γρόνθος.
1498 1665 1543 1706 Ρ.
1557 1664 1788 1707 JUNIUS.

383 1723 517 1765 Vetus
539 1723 752 1779 Interpres
774 1723 913 1772 habet,
935 1724 1235 1766 cmztumeliam
1247 1738 1333 1779 pro
1353 1724 1622 1765 contumelia.
1685 1722 1790 1765 Sub·
1806 1736 1854 1774 25

377 1780 479 1838 jecit
507 1780 811 1822 Hemsterhusii
839 1780 1146 1823 adnotationem
1175 1781 1229 1822 ad
1252 1779 1417 1822 Lucian.
1442 1794 1467 1822 1.
1498 1795 1537 1837 p.
1555 1795 1623 1834 49.
1646 1779 1694 1822 cl.
1716 1780 1790 1822 Ja-

384 1838 585 1880 cobsonus
615 1837 657 1879 in
684 1837 782 1880 edit.
812 1853 887 1880 sua
914 1838 1086 1880 Patrum
1115 1837 1473 1895 Apostolicoi·u1n;
1507 1838 1606 1894 quin
1633 1843 1676 1879 et
1702 1838 1791 1894 ipse

384 1902 514 1946 notat,
543 1896 621 1937 hac
647 1909 759 1946 voce,
780 1897 960 1949 γρόνθος,
982 1911 1098 1938 usum
1127 1911 1215 1938 esse
1245 1896 1437 1938 Photium
1466 1896 1519 1938 ad
1550 1896 1635 1947 Πὺξ
1662 1895 1791 1952 expli-

385 1953 560 1996 candum
601 1953 643 1994 in
685 1953 850 2005 Lexico,
890 1968 930 2010 p.
966 1964 1066 2008 475.
1107 1959 1233 2010 atque
1272 1953 1494 1996 videndum
1536 1953 1696 1995 Sallier.
1736 1952 1791 1995 ad

387 2010 576 2062 Moerim,
601 2025 640 2067 p.
668 2024 762 2066 295.
784 2011 847 2053 ed.
874 2011 1003 2053 Koch.
1805 2027 1857 2064 30

446 2067 552 2111 Ibid.
588 2067 613 2109 l.
637 2082 677 2125 9.
702 2068 1049 2124 Μνημονεύοντες]
1099 2069 1237 2120 Quum
1269 2083 1345 2125 pro
1376 2068 1545 2125 vulgato
1576 2068 1792 2120 μνημονεύ-

387 2143 532 2170 σαντες
561 2140 613 2168 ex
645 2125 776 2169 Codd.
800 2126 982 2168 Floreat.
1005 2126 1138 2168 Vatic.
1162 2125 1292 2168 Paris.
1322 2125 1572 2191 reposuisset
1602 2124 1710 2168 istud
1742 2124 1791 2166 cl.

386 2184 656 2236 Jacobsonus,
685 2198 778 2226 eum
809 2190 972 2226 secutus
1001 2199 1104 2226 sum.
1165 2183 1344 2227 Addidit
1372 2183 1454 2233 ille,
1485 2183 1632 2241 legisse
1663 2181 1793 2225 videri

389 2241 484 2283 vet.
507 2241 664 2298 Interp.
687 2241 751 2284 vel
769 2242 1080 2294 μνημονεύσατε,
1103 2240 1168 2283 vel
1186 2242 1465 2294 μνημονεύετε.

449 2298 551 2341 lbid.
582 2298 606 2340 1.
634 2311 643 2339 ι
653 2312 694 2355 3.
719 2300 757 2341 οἱ
783 2298 952 2353 πτωχοὶ]
990 2298 1111 2341 Adde
1141 2313 1192 2340 ex
1217 2300 1310 2341 Vct.
1333 2299 1489 2355 Interp.
1513 2304 1555 2340 et
1585 2312 1637 2339 ex
1658 2298 1794 2340 Evan-
1807 2313 1857 2352 35

388 2355 497 2413 gelio
519 2356 672 2398 Matth.
695 2371 732 2398 v.
748 2368 789 2411 3.
811 2357 864 2412 τῷ
885 2357 1088 2408 πνεύματι.
1114 2356 1310 2399 SM1T11.
1364 2356 1515 2399 Censet
1535 2356 1583 2397 cl.
1597 2355 1794 2397 Jacobso-

390 2428 480 2463 nus,
503 2413 546 2456 S.
560 2413 698 2455 Lucae
720 2413 849 2455 locum
899 2413 1126 2463 arallelum,
1148 2413 1199 2456 vi.
1220 2426 1286 2456 20.
1311 2413 1352 2455 in
1373 2427 1454 2469 quo
1476 2427 1554 2455 vox
1575 2412 1793 2463 omittitur,

391 2470 431 2513 in
453 2470 589 2513 animo
611 2470 801 2513 habuisse
824 2428 1110 2527 Poliyearpum.

452 2528 557 2571 Ibid.
579 2527 604 2570 l.
625 2528 688 2570 16.
712 2528 780 2570 οὐκ
802 2529 953 2580 luam-⁶
982 2529 1218 2583 ἐπιτρέψας]
1240 2527 1471 2585 Adscripsit
1494 2542 1590 2569 orae
1618 2526 1795 2584 exempli

391 2601 519 2644 penes
550 2600 615 2628 me
650 2585 840 2629 editionis
870 2546 1162 2628 Alxrichianae
1194 2585 1480 2635 Marklandus‚
1515 2586 1683 2634 ‘Vm-to,
1712 2599 1795 2627 non
1810 2603 1860 2638 40

394 2650 405 2668 ⁸
421 2645 532 2686 mihi
550 2645 640 2700 ipsi
659 2643 765 2686 hanc
794 2643 1026 2686 libertatem
1048 2644 1312 2710 permittens,
1333 2645 1406 2686 sed
1426 2643 1514 2685 &0.’
1573 2642 1796 2685 Commode

392 2701 584 2758 adposuit
613 2701 870 2744 Jacobsonus
908 2701 1058 2758 Ignatii
1095 2700 1226 2743 locum
1258 2700 1298 2743 in
1334 2700 1463 2757 Epist.
1495 2700 1549 2743 ad
1582 2700 1794 2756 Ephesios,

395 2760 435 2858 ῗ.
451 2772 489 2813 3.
536 2759 598 2801 Οὐ
617 2758 881 2812 διατάσσομαι
900 2759 991 2811 ὑμῖν
1012 2759 1063 2803 ὡς
1083 2758 1140 2801 ὤν
1159 2775 1228 2803 τις.
1262 2759 1482 2801 Caeterum
1500 2758 1600 2801 haec
1616 2757 1797 2801 scribere

414 2815 669 2873 'olycurpum
691 2816 837 2859 statuit
859 2816 1103 2859 Pearsonius
1131 2816 1173 2859 in
1193 2831 1315 2859 causa
1336 2815 1521 2859 Valentis
1548 2815 1796 2873 presbyteri,

395 2873 509 2929 cujus
549 2874 732 2916 meminit
769 2880 915 2916 auctor
955 2873 1062 2916 infra
1101 2874 1138 2928 ᾗ.
1173 2886 1237 2916 21.
1277 2888 1398 2930 quam
1434 2873 1598 2930 quidem
1635 2888 1794 2916 cunisam
1812 2890 1861 2927 45
