2034 3204
392 227 691 271 ANNOTAT.
719 226 854 269 ADV.
883 223 1086 268 OMNES
1118 221 1439 265 HAERESES.
1534 221 1622 263 217

219 335 378 378 Ferunt
398 333 688 391 Apostolorum
708 331 851 381 Actus,
873 330 1082 374 Simonem
1105 329 1239 386 ipsum
1258 328 1395 382 λέγειν
1415 327 1519 370 εἶναί
1533 344 1623 369 τινα

220 392 364 436 ἑαυτὸν
381 392 522 445 μέγαν,
543 396 704 433 ceteros
726 403 826 432 vero
852 402 994 431 omnes
1022 387 1075 432 de
1105 401 1155 430 eo
1182 386 1334 435 dicere,
1356 385 1485 429 Οὗτός
1511 386 1623 427 ἐστιν

218 450 243 502 ἦ
264 449 424 501 δύναμις
443 451 511 490 τοῦ
533 451 644 491 Θεοῦ
662 447 689 500 ἦ
707 445 878 501 μεγάλη.
900 460 990 503 cap.
1014 444 1096 488 viii.
1119 458 1265 486 comm.
1284 456 1325 497 9,
1354 457 1419 485 10.

276 505 325 549 P.
342 508 434 548 161.
458 505 487 547 l.
503 518 570 549 21.
591 519 640 549 ac
660 504 860 548 daemone
880 518 925 546 se
944 503 1167 546 oberrante
1187 501 1257 558 qui
1279 506 1388 543 esset
1407 499 1623 556 sapientia,

181 568 204 609 5
218 562 475 605 descendisse
495 562 794 618 quaerendum]
821 562 887 604 Ita
910 575 954 604 se
978 560 1105 603 habet
1127 559 1254 602 editio
1273 558 1476 615 prinecps.
1539 556 1624 599 Sed

217 619 262 663 in
295 619 456 663 duabus
485 619 781 675 posterioribus
811 617 1004 661 Rhenani
1033 617 1293 665 editionibus,
1323 630 1427 672 quas
1457 620 1624 656 secutae

217 682 314 721 sunt
341 676 458 720 editt.
482 677 613 719 Paris.
637 676 783 719 ambae
810 682 854 719 et
881 675 1062 718 Franek.
1084 680 1127 717 et
1153 673 1407 732 Rigalfiana,
1428 677 1566 714 exstat
1592 687 1623 714 a

217 735 420 778 daemone
435 748 479 777 se
497 735 732 783 oberrante,
749 735 826 799 qui
845 741 948 777 esset
966 733 1199 789 sapientia,
1212 732 1475 775 descendisse
1494 744 1623 786 quae-

217 793 410 842 rendum,
448 790 523 835 nisi
559 791 671 848 quod
705 791 805 834 edit.
838 791 971 834 Paris.
1005 789 1187 833 secunda
1219 790 1449 832 aberrante
1479 787 1622 836 habet,

158 848 272 894 mm
305 848 428 892 altius
456 855 595 892 autem
625 863 714 906 qua
739 863 817 906 pro
844 850 933 905 qui.
995 846 1297 904 Reponendum
1326 845 1428 888 mihi
1455 844 1622 901 quidem

219 906 259 950 vi
289 912 396 958 etur,
417 921 473 949 ac
502 907 645 949 Aeone
674 921 700 949 a
727 921 771 949 se
799 907 1035 954 aberrante,
1060 906 1136 962 qui
1165 913 1269 947 esset
1297 904 1532 959 sapiencia,
1553 903 1624 944 de-

217 966 427 1007 mendino
447 978 492 1006 se
511 964 566 1006 ad
586 965 888 1020 quaerendum.
931 962 1216 1006 Conferendus
1231 961 1339 1004 enim
1362 961 1560 1003 Irenaeus
1579 959 1623 1001 in

218 1021 288 1065 lib.
315 1021 449 1087 primo
475 1021 590 1064 advs.
612 1022 832 1071 Haereses,
854 1035 972 1078 capp.
995 1034 1042 1074 23
1073 1026 1116 1063 et
1138 1032 1191 1072 24
1213 1019 1265 1062 de
1287 1018 1467 1068 Simone,
1488 1018 1624 1083 deque

219 1078 433 1122 exsiliente
468 1093 518 1121 ex
553 1093 602 1121 eo
634 1078 770 1136 prima
808 1079 957 1121 mentis
995 1078 1085 1134 ejus
1123 1076 1402 1134 conceptione.
1473 1076 1502 1118 J
1505 1089 1626 1117 umus

159 1148 205 1188 15
220 1150 319 1179 vero
338 1136 381 1181 in
403 1136 510 1179 notis
537 1136 638 1178 calci
665 1136 762 1178 edit.
786 1137 968 1178 Franek.
988 1135 1162 1191 adjectis
1187 1134 1410 1191 legendum
1437 1132 1623 1189 conjecit,

218 1195 281 1237 ad
299 1195 545 1237 daemonem
564 1209 704 1237 secum
729 1202 958 1243 errantem,
979 1195 1056 1249 qui
1082 1200 1185 1236 esset
1211 1193 1432 1248 sapientia
1459 1192 1624 1233 descen-

218 1253 333 1295 disse
361 1266 404 1294 se
433 1253 737 1307 quaerendum.
803 1251 957 1294 Locum
993 1257 1133 1293 autem
1164 1249 1221 1291 sic
1253 1248 1504 1291 constituere
1536 1248 1626 1291 vult

219 1308 440 1366 Rigaltius,
471 1309 546 1351 Ad
574 1323 669 1351 oves
697 1309 949 1351 aberrantes
977 1323 1032 1357 se,
1053 1309 1130 1364 qun·
1158 1315 1263 1350 esset
1293 1307 1526 1363 sapientia,
1555 1307 1627 1348 de-

217 1367 428 1410 scendisse
446 1367 748 1422 quaerendum.
791 1366 984 1422 Denique
1001 1365 1210 1408 Semlerus
1229 1364 1300 1414 ait,
1318 1378 1361 1406 se
1381 1378 1434 1406 ex
1452 1363 1626 1405 Irenaeo

157 1438 206 1464 20
217 1423 288 1467 lib.
310 1437 370 1466 111.
397 1438 541 1465 ausum
571 1423 765 1473 scribere,
795 1424 871 1466 Ad
899 1437 1100 1466 ennoeam
1129 1437 1173 1465 se
1201 1422 1487 1469 aberrantem,

217 1489 322 1524 esset
350 1482 584 1536 sapiencia,
610 1482 874 1524 descendisse
903 1481 1206 1537 quaerendum.
1268 1478 1392 1530 Quod
1420 1478 1476 1520 ad
1505 1492 1625 1520 voces

217 1538 368 1582 attinet
401 1539 536 1595 Apud
569 1539 764 1582 Judaeoe
797 1538 874 1580 διο.
907 1552 990 1587 eas,
1023 1543 1148 1594 prout
1182 1543 1327 1594 postea
1358 1535 1548 1578 distinxit
1582 1535 1626 1578 in

217 1595 551 1639 annotationibus
588 1595 672 1639 suis
711 1595 933 1653 Rigaltius,
974 1594 1168 1652 conjunxi
1211 1609 1303 1637 cum
1343 1593 1626 1650 sequentibus.

217 1652 326 1696 Vide
353 1652 475 1705 enim,
496 1667 603 1709 quae
630 1653 684 1695 de
704 1653 886 1696 Basilide
914 1653 1038 1710 paulo
1064 1652 1174 1695 infra
1204 1658 1247 1695 et
1276 1652 1330 1695 de
1356 1652 1626 1708 Cau-poento,

156 1723 205 1764 25
218 1725 308 1768 cap.
329 1724 372 1765 4,
393 1710 546 1753 scribat
565 1718 722 1753 auctor.

280 1768 434 1811 1bid.l.
455 1780 524 1821 24.
546 1782 592 1810 se
619 1767 662 1810 in
690 1768 983 1825 phantasmate
1001 1766 1081 1810 Dei
1108 1781 1191 1808 non
1217 1766 1404 1823 passum]
1431 1767 1628 1809 Fortasse

217 1826 357 1869 Deam
390 1825 689 1882 reponendum,
723 1839 815 1867 cum
856 1825 933 1866 hoc
972 1825 1366 1880 interpretamento;
1412 1825 1468 1867 Se
1502 1823 1626 1865 modo

218 1882 474 1940 imaginario,
489 1883 554 1925 vel
568 1882 768 1939 putativo,
782 1888 829 1925 ut
843 1881 1026 1938 loquitur
1041 1881 1334 1931 Tertullianus,
1350 1896 1435 1924 non
1444 1895 1626 1937 passum

218 1942 293 1984 eod
312 1954 398 1983 esse
417 1941 546 1996 quasi
558 1955 753 1996 pascum,
775 1940 892 1982 Deus
911 1954 1038 1996 quum
1057 1939 1195 1981 fuerit.

154 2014 207 2051 30
277 1998 324 2040 P.
349 1998 439 2041 162.
466 1997 492 2040 l.
508 2011 550 2052 4.
584 1997 774 2054 Angelos
806 1997 1023 2039 inferiores
1054 1997 1253 2041 mundum
1285 1995 1446 2049 fecisse]
1483 1996 1626 2038 Posuit

218 2054 262 2097 in
282 2054 380 2098 edit.
397 2069 471 2097 sua
490 2070 567 2112 pro
583 2055 714 2098 veteri
733 2054 940 2111 scriptura
958 2056 1207 2110 inferiorem
1222 2053 1443 2110 Rigaltius.
1486 2054 1626 2104 Quum

218 2127 318 2155 vero
347 2118 494 2169 postea
522 2112 564 2154 in
594 2127 685 2169 cap.
706 2126 732 2168 3
766 2113 939 2168 anyelos
968 2111 1184 2154 inferiores
1215 2113 1426 2154 hominem
1445 2112 1627 2165 finxisse

218 2169 371 2214 scribat
410 2170 478 2212 hic
517 2175 676 2219 auctor,
715 2169 931 2212 lectionem
978 2170 1152 2213 alteram
1198 2168 1402 2211 revocavi.
1482 2169 1627 2211 Habes

218 2227 342 2277 infra,
371 2229 420 2270 in
454 2228 622 2271 ultimis
661 2229 833 2284 quidem
862 2229 1055 2284 Anydis,
1091 2235 1131 2270 et
1169 2228 1246 2283 qui
1284 2228 1397 2269 hunc
1423 2227 1627 2282 ficerunt

155 2294 206 2336 35
219 2286 446 2334 muudum;
476 2291 602 2341 atque
631 2285 747 2327 initio
771 2299 860 2341 cap.
873 2299 916 2339 4,
936 2286 1122 2341 Anqeloe
1151 2293 1279 2341 atque
1308 2286 1501 2336 virtutes,
1523 2299 1630 2340 quoe

218 2344 428 2386 distantes
448 2343 566 2399 ltmye
595 2357 621 2385 a
641 2342 921 2400 superioribus
939 2342 1162 2385 virtutibus
1189 2343 1396 2384 mundum
1419 2343 1551 2384 istum
1577 2343 1626 2384 in

218 2401 498 2456 inffl-ioribus
515 2402 724 2456 partibus
750 2402 992 2443 condidisse
1019 2400 1130 2443 dicit.
1190 2402 1389 2442 Attamen
1415 2399 1459 2440 in
1485 2413 1575 2455 cap.
1599 2410 1622 2453 7

219 2457 373 2501 mentio
400 2457 511 2500 facta
535 2464 598 2501 est
622 2457 767 2500 mundi
793 2458 1016 2514 superioris
1041 2464 1168 2514 atque
1201 2457 1421 2499 inferioris.
1489 2457 1628 2513 Supra

219 2515 371 2558 Junius
402 2514 575 2572 conjecit
605 2515 921 2564 emendandum,
955 2517 1004 2558 in
1032 2516 1211 2558 summis
1239 2516 1334 2557 illis
1369 2522 1409 2556 et
1439 2515 1630 2571 infinitis

156 2594 208 2629 40
213 2573 435 2672 pao-cibam,
455 2587 545 2629 pro,
566 2574 615 2615 in
634 2575 813 2616 summis
839 2581 880 2616 et
902 2574 996 2616 illis
1015 2574 1213 2628 infinitis,
1235 2572 1309 2614 sed
1327 2571 1504 2614 fortasse
1522 2571 1627 2614 nihil

220 2635 365 2673 mutan
395 2644 465 2671 um
485 2635 564 2672 est.

279 2687 387 2729 Ibid.
411 2687 440 2728 l.
463 2689 500 2728 6.
531 2687 587 2730 ad
615 2686 923 2730 similitudinem
945 2686 1054 2729 illius
1082 2686 1265 2742 luminis]
1293 2687 1393 2729 Post
1421 2687 1627 2729 similitu-

223 2746 366 2787 dinem
398 2744 646 2800 interposuit
679 2745 756 2786 has
791 2759 912 2787 voces
947 2744 1167 2801 Rigaltius,
1199 2745 1327 2787 illam
1365 2746 1626 2800 superiorem

222 2810 409 2858 propter,
445 2816 548 2858 quas
587 2801 767 2858 quidem,
801 2808 848 2845 ut
887 2817 939 2844 ex
979 2802 1246 2858 sequentibus
1284 2816 1504 2859 perperam
1544 2802 1627 2844 huc
