2034 3204
398 215 485 258 ,⁶262
834 217 1350 260 ANNOTATIONES

400 324 586 380 Collegii.
646 323 717 366 Ab
749 324 825 366 hoc
856 323 1022 380 quidem
1053 324 1193 374 MSto,
1228 323 1332 366 sicut
1363 338 1389 365 a
1423 323 1523 365 Cod.
1559 322 1801 373 Bodleiano,

398 381 511 423 haud
531 381 637 423 male
658 382 775 424 abest
795 381 999 437 particula
1025 389 1064 423 et
1091 387 1188 423 ante
1209 396 1328 423 voees
1357 382 1486 423 totius
1509 381 1672 422 mundi.
1734 381 1802 422 Ad

398 439 527 480 verba
545 445 683 481 autem
700 439 811 494 quod
831 438 992 487 attinet,
1006 440 1188 481 Patrem
1207 447 1247 480 et
1266 440 1405 481 Deum
1426 438 1602 487 Christi,
1616 437 1802 480 similiter

397 497 558 538 locutus
592 503 656 538 est
691 496 892 538 Dominus
927 496 1014 552 ipse
1049 496 1103 538 ad
1139 495 1316 537 Mariam
1353 495 1645 552 Magdalenam
1680 496 1723 537 in
1755 496 1798 538 S.

397 554 572 596 Joannis
603 554 842 611 Evangelio,
875 568 944 595 xx.
973 564 1036 608 17.
1099 552 1297 596 Similiter
1331 553 1585 610 scripserunt
1614 553 1840 609 Apostoli5

397 612 498 666 ejus.
560 612 714 654 Confer
745 612 866 653 Rom.
897 626 963 652 xv.
996 612 1036 659 6,
1081 622 1104 652 2
1137 611 1232 653 Cor.
1264 610 1320 653 xi.
1351 625 1392 667 3,
1434 610 1586 667 Ephes.
1613 610 1639 652 i.
1668 623 1708 666 3.
1734 622 1801 664 17,

400 669 552 711 Coloss.
574 669 600 711 i.
622 682 663 723 3,
696 669 804 711 Heb.
827 668 852 710 i.
876 683 915 724 9,
953 682 968 709 ῐ
996 669 1086 710 Pet.
1108 667 1134 710 i.
1156 681 1197 724 3.
1659 667 1664 669 ’

456 727 503 768 Ρ.
528 739 623 780 247.
646 727 671 768 l.
694 727 734 767 6.
756 726 826 782 qui
856 725 933 782 ipsi
963 725 1006 766 in
1035 726 1223 767 omnibus
1253 724 1431 782 peccatis
1459 725 1542 767 sint
1568 724 1801 782 constituti]

397 785 595 826 Veterem
640 784 854 825 lectionem
898 783 1073 825 restitui.
1155 783 1318 825 Primus
1357 782 1486 825 edidit
1526 783 1665 824 Fellus
1710 789 1804 839 post

399 842 572 884 Codices
592 841 766 897 scriptos
786 844 863 896 qni
882 856 978 883 eum
998 842 1086 896 ipsi
1110 856 1186 898 pro
1207 843 1285 897 qui
1304 843 1404 897 ipsi,
1426 840 1538 896 quod
1557 839 1723 897 quidem
1750 855 1803 882 ex
1820 858 1870 883 10

398 898 550 955 duplici
571 898 744 940 lectione
766 905 903 940 ortum
925 898 1099 941 videtur.
1161 898 1303 940 Posuit
1322 904 1460 940 autem
1479 897 1686 940 Pamelius
1703 906 1804 941 sunt

399 972 474 1013 pro
495 958 583 998 sint
603 970 654 998 ex
678 955 846 998 Cauehii
870 956 933 997 vel
957 956 1107 998 Codice
1127 957 1192 998 vel
1213 956 1449 1012 conjectura
1468 955 1665 1012 ejusdem.

458 1015 505 1055 P.
531 1014 625 1065 248.
648 1014 673 1055 l.
696 1028 736 1069 5.
759 1028 834 1070 pro
857 1013 1064 1056 'Ecclesiae
1085 1014 1260 1057 veritate
1281 1013 1501 1068 consentit]
1527 1012 1719 1055 Forsitan
1745 1012 1804 1055 le-

398 1071 578 1128 gendum
602 1073 829 1114 contendit.

459 1129 563 1171 Ibid.
586 1129 611 1170 l.
636 1130 672 1170 8.
696 1128 851 1170 consilii
877 1134 920 1170 et
949 1129 1166 1182 sermonis]
1190 1128 1386 1171 Forsitan
1415 1127 1637 1184 scripserat
1658 1127 1804 1169 Firmi-
1821 1144 1870 1183 15

399 1186 545 1236 lianus,
567 1187 768 1230 συνέσεως
791 1187 854 1228 καὶ
873 1186 1010 1239 λόγου.

458 1245 504 1286 Ρ.
539 1257 635 1300 249.
677 1243 702 1285 l.
733 1258 775 1297 4.
818 1243 859 1285 A
895 1243 1044 1299 quibus
1080 1243 1241 1299 legatos
1275 1242 1501 1300 Episeopos
1537 1242 1629 1298 δια]
1678 1242 1805 1285 Haud

399 1301 568 1344 dubium
591 1301 767 1351 videtur,
789 1300 888 1356 quin
909 1301 963 1343 ab
983 1300 1110 1350 Afris,
1132 1300 1268 1356 potius
1288 1315 1411 1357 quam
1432 1301 1485 1343 ab
1509 1300 1802 1350 Orientalibus,

400 1359 574 1401 Romam
596 1359 705 1400 missi
728 1358 810 1400 sint
837 1358 977 1415 legati.
1041 1358 1306 1401 Contrarium
1332 1364 1472 1400 tamen
1496 1359 1703 1401 affirmant
1724 1358 1805 1400 Ba-

398 1417 540 1459 ronius
569 1417 611 1458 in
642 1416 884 1465 Annalibus,
916 1422 959 1458 et
989 1416 1151 1459 Natalis
1182 1416 1420 1458 Alexander
1449 1415 1492 1458 in
1523 1416 1632 1459 Hist.
1663 1416 1804 1458 Eccle-
1819 1431 1871 1457 20

399 1474 574 1516 siastiea.
636 1474 721 1517 Sed
751 1475 828 1515 hoe
858 1474 901 1515 in
922 1474 1046 1516 Afros
1076 1479 1239 1539 gestum
1267 1489 1293 1516 a
1318 1474 1530 1530 Stephano
1550 1473 1690 1524 fuisse,
1710 1480 1806 1530 post

400 1531 667 1574 Pearsonium
716 1531 951 1574 retulerunt
997 1532 1164 1589 Pagius„
1211 1531 1510 1582 Tillemontius‚
1562 1531 1803 1589 Basnagius.

401 1598 410 1613 ⁶
436 1590 548 1641 Quid
568 1604 619 1631 ex
644 1589 807 1631 illorum
829 1590 1048 1631 verborum
1077 1589 1183 1631 serie
1210 1588 1489 1646 exploratius,'
1514 1589 1648 1645 inquit
1678 1590 1805 1631 Pear-

399 1647 537 1689 senius
557 1647 599 1688 in
617 1646 850 1689 Annalibus
867 1646 1138 1703 Cyprianieis,
1152 1647 1206 1689 ad
1222 1661 1287 1689 an.
1303 1661 1434 1695 ccnw,
1458 1653 1467 1670 ‘
1482 1661 1604 1703 quam
1624 1647 1804 1704 Legatos

401 1713 411 1728 ⁴
434 1720 503 1747 eos
524 1704 758 1761 Episcopali
782 1704 939 1746 honore
964 1704 1214 1761 conspicuos,
1237 1719 1318 1746 non
1340 1705 1394 1746 ab
1417 1704 1710 1753 Orientalibus,
1731 1705 1804 1748 sed
1820 1716 1871 1755 25

401 1772 410 1786 ⁶
433 1763 486 1805 ab
517 1763 565 1804 iis
585 1762 655 1818 qui
686 1764 733 1804 in
763 1763 942 1804 meridie
972 1768 1106 1810 erant,
1128 1762 1206 1804 hoe
1237 1768 1312 1812 est,
1334 1761 1461 1811 Afris,
1483 1762 1625 1804 missos
1648 1761 1806 1805 fuisse?

402 1827 413 1843 ‘
433 1821 582 1876 Neque
602 1819 724 1862 aliter
744 1819 815 1862 illa
837 1819 1063 1862 Firmiliani
1080 1820 1208 1862 verba
1232 1821 1358 1876 [quae
1374 1819 1500 1862 citata
1514 1820 1801 1877 praecedunt,]

402 1885 411 1901 ‘
433 1877 703 1935 intelligenda
718 1892 806 1919 esse
822 1876 966 1927 sentio,
982 1879 1090 1920 Nisi
1110 1879 1223 1934 quod
1236 1893 1313 1921 nos
1324 1879 1522 1932 qratiam
1537 1879 1696 1934 referre
1715 1878 1807 1922 Ste-

402 1942 412 1959 ‘
428 1937 577 1992 phano
603 1937 652 1978 in
681 1937 764 1978 isto
786 1950 1015 1991 possumus
1044 1937 1159 1992 quod
1180 1951 1265 1991 per
1292 1936 1417 1978 illius
1445 1936 1807 1979 inhumanitatem

402 2002 411 2017 ⁰
434 2008 546 2036 nune
577 1995 767 2049 effectum
801 1994 872 2045 sit,
900 2001 948 2036 ut
967 1994 1078 2048 fidei
1108 2001 1148 2036 et
1177 1994 1419 2049 sapientiae
1448 2001 1613 2036 vestrae
1644 1995 1806 2050 experi-
1818 2011 1872 2048 30

402 2060 412 2074 ⁰
434 2059 619 2094 mentum
639 2065 897 2116 caperemus.
926 2050 1097 2108 [Supra,
1119 2066 1160 2108 p.
1181 2051 1298 2107 232.]
1350 2050 1427 2093 Illa
1446 2050 1554 2093 enim
1575 2050 1807 2094 inhumani-

402 2117 411 2132 ·
436 2115 500 2151 tas
522 2107 621 2150 nihil
644 2108 754 2150 ahud
772 2114 864 2150 erat
884 2122 1007 2165 quam
1025 2109 1276 2165 Legatorum
1299 2108 1482 2165 rejectio,
1498 2123 1575 2166 per
1595 2123 1719 2165 quam
1734 2123 1810 2152 neo

402 2173 411 2189 ⁴
433 2167 729 2222 confabulatio
739 2166 838 2221 jam
852 2174 995 2222 posset
1014 2182 1111 2217 esse,
1134 2175 1211 2209 aut
1231 2181 1367 2210 sermo
1387 2168 1632 2210 communis.
1652 2199 1662 2209 .
1681 2198 1690 2209 .
1708 2198 1718 2209 .
1741 2166 1807 2209 Illi

404 2232 412 2245 ⁶
437 2223 585 2289 Legati
606 2222 715 2265 missi
736 2229 832 2266 sunt
852 2238 878 2266 a
899 2224 1070 2281 Synodo
1091 2223 1424 2282 Carthaginiensi
1444 2223 1650 2267 soennda.'
1673 2225 1711 2290 ᾗ.
1726 2223 1793 2267 vii.

462 2281 567 2324 llud.
591 2281 618 2322 l.
643 2282 710 2324 28.
741 2281 773 2322 si
808 2281 1008 2324 Dominus
1038 2297 1144 2324 unus
1173 2288 1248 2332 est,
1278 2296 1531 2338 consequens
1560 2287 1625 2324 est
1653 2281 1870 2337 dicere,35

401 2338 499 2395 quia.
528 2353 635 2380 unus
654 2338 736 2394 est]
766 2338 857 2380 Hoc
887 2339 1116 2381 membrum
1145 2339 1336 2382 omissum
1367 2346 1431 2382 est
1459 2339 1502 2382 in
1532 2339 1712 2382 editione
1732 2339 1806 2382 Ri-

403 2395 532 2464 galtii,
555 2395 789 2439 restitutum
822 2395 862 2437 in
895 2396 1136 2453 Anglicana..
1199 2397 1282 2440 Sed
1312 2396 1448 2440 nescio
1475 2411 1653 2454 quonam
1684 2398 1806 2440 modo

403 2458 555 2497 lactum
587 2459 651 2496 est
681 2459 726 2496 nt
749 2453 872 2510 Angli
903 2455 1059 2511 absque
1090 2454 1210 2497 nllius
1240 2454 1334 2497 libri
1362 2454 1514 2497 veteris
1543 2455 1803 2505 auctoritate,

402 2519 548 2554 eontra.
567 2511 688 2553 fidem
710 2517 895 2554 veterum
917 2511 1212 2569 exemplarium
1242 2519 1285 2555 ot
1310 2511 1499 2556 editionis
1522 2512 1802 2562 Morellianae,

402 2569 642 2626 scripserint
662 2584 912 2625 consequetur
932 2578 991 2613 est
1008 2571 1115 2627 quia
1131 2572 1280 2613 unitas
1299 2578 1388 2620 est;
1419 2569 1495 2613 nisi
1516 2569 1550 2612 si
1570 2570 1804 2614 maluerunt
1817 2589 1870 2625 40

402 2626 593 2684 amplecti
634 2626 908 2683 conjecturam
952 2627 1135 2678 l'amelii,
1169 2627 1239 2685 qui
1279 2633 1496 2672 monuerat
1535 2627 1577 2671 in
1617 2643 1707 2671 mar
1738 2628 1804 2672 ine

402 2700 500 2727 snae
530 2683 720 2728 editionis
751 2683 970 2742 legendum
1001 2700 1090 2729 esse
1114 2688 1276 2739 unitae,
1297 2685 1361 2729 vel
1381 2685 1669 2730 auctoritatem
1733 2701 1804 2729 ou-

403 2741 525 2790 lartii.
561 2741 630 2798 qni
672 2756 761 2785 eam
801 2757 938 2786 vocem
981 2743 1116 2801 posuit
1155 2743 1196 2786 in
1236 2750 1445 2794 contextu,
1481 2743 1594 2787 nulla.
1634 2744 1803 2787 Pamelii

402 2800 619 2842 mentione.
653 2799 906 2844 lteinhartus
920 2801 958 2843 in
973 2817 1047 2845 sna
1060 2801 1239 2845 editione
1256 2801 1438 2859 reposuit
1453 2816 1575 2844 unus.
1595 2801 1750 2845 BALU
1755 2802 1802 2845 Z.

407 2856 549 2901 Exstat
573 2857 611 2899 in
638 2857 741 2900 Novi
765 2858 865 2900 (3011.
886 2858 1035 2902 ('odi‹·e
1057 2861 1159 2915 φαίη
1185 2874 1288 2902 unus
1308 2868 1379 2910 eat,
1398 2858 1507 2915 quod
1529 2857 1657 2902 edidit
1682 2860 1866 2911 nala-45
