2034 3204
434 224 518 264 414
899 225 979 266 AN
983 225 1025 266 N
1029 223 1290 267 OTATION
1295 223 1364 265 ES

433 330 691 387 Epiphanius
710 331 800 374 loco
820 332 945 374 citato
966 332 1019 374 de
1039 332 1223 388 ejusdem
1244 331 1407 374 haeresi
1427 331 1612 387 loquens,
1630 331 1778 384 φάσκει
1799 332 1840 372 δὲ

432 389 557 437 οὗτος,
581 388 691 431 Θεὸν
712 388 884 443 Πατέρα,
907 391 970 431 καὶ
996 390 1096 431 Ύῑὸν
1127 390 1190 431 καὶ
1211 389 1325 443 ἅγιον
1352 392 1519 441 Πνεῦμα
1549 389 1622 431 ἕνα
1643 391 1766 431 Θεόν·
1798 389 1843 429 ἐν

434 448 527 502 Θεῷ
547 447 590 487 δὲ
611 446 673 488 ἀεὶ
694 447 791 488 ὄντα
810 447 880 489 τὸν
904 448 1023 488 αὐτοῦ
1043 448 1192 500 Λόγον,
1216 448 1280 488 καὶ
1299 446 1345 487 τὸ
1366 449 1532 498 Πνεῦμα
1557 446 1688 497 αὐτοῦ,
1709 443 1842 499 ὥσπερ

433 504 478 544 ἐν
497 503 706 556 ἀνθρώπου
726 505 863 560 καρδίᾳ
883 505 904 545 ὁ
924 505 1021 547 ἴδιος
1036 505 1185 557 λόγοςτ
1215 505 1416 546 Assoi-uit
1435 511 1579 545 autem
1598 505 1682 552 hic,
1705 503 1843 544 Deum

432 562 614 603 Patrem
633 569 674 603 et
693 562 861 603 Filium
881 569 920 603 et
939 562 1158 616 Spiritum
1177 561 1387 603 Sanctum
1415 575 1549 602 unum
1567 562 1708 602 Deum
1727 574 1812 602 esse
1828 575 1841 601 .·
1855 573 1879 612 5

433 619 481 659 in
495 619 585 661 Deo
605 627 748 661 autem
768 633 930 674 semper
944 633 1028 661 esse
1044 619 1184 674 ipsius
1197 619 1379 660 Verbum
1398 626 1438 660 et
1451 618 1669 674 Spiritum
1688 619 1841 674 ipsius,

433 677 790 731 quemadmodum
823 677 872 717 in
902 677 1088 718 hominis
1127 677 1253 719 corde
1291 684 1352 718 est
1383 677 1619 731 proprium
1656 675 1841 718 verbum.

433 733 711 775 Paulianistae
738 738 876 775 autem
904 733 989 775 sive
1020 733 1258 786 Pauliciani‚
1280 739 1323 776 et
1345 733 1618 776 Samosatitae
1646 731 1842 789 appellati

433 797 529 832 sunt
561 805 587 832 a
619 790 748 832 Paulo
782 791 1050 833 Samosateno
1086 790 1334 833 Antiochiae
1374 790 1591 847 Episcopo,
1627 797 1675 833 ut
1713 789 1843 832 tradit

434 848 584 890 Suidas
617 847 660 889 in
695 849 822 891 verbo
859 847 1012 901 Μάνης.
1075 852 1240 893 Παῦλος
1276 848 1320 890 δέ
1355 865 1414 892 τις
1453 849 1675 903 σύγχρονος
1709 848 1840 897 αὐτοῦ,
1859 863 1906 888 10

431 904 676 949 Ἐπίσκοπος
708 905 959 960 Ἀντιοχείας
993 908 1061 958 τῆς
1093 906 1287 960 μεγάλης,
1322 907 1366 947 ἐκ
1397 907 1535 947 τούτου
1565 906 1629 947 καὶ
1664 906 1702 947 οἱ
1734 908 1842 947 Παυ-

433 964 580 1005 λιανοί.
611 963 639 1005 J
644 963 846 1006 USTEL.
907 963 1047 1005 Primo
1066 963 1290 1006 tenendum
1312 969 1387 1013 est,
1410 963 1632 1005 Dominum
1654 967 1842 1004 nostrum

433 1021 461 1062 J
464 1035 577 1062 esum
597 1020 808 1063 Christum
829 1036 854 1063 a
870 1021 1044 1063 mortuis
1064 1021 1317 1070 suscitatum,
1339 1020 1577 1078 priusquam
1599 1021 1652 1062 ad
1673 1020 1842 1063 Patrem

433 1093 551 1120 suum
583 1079 838 1129 ascenderet,
870 1079 913 1120 in
948 1078 1153 1121 mandatis
1188 1078 1363 1130 dedisse,
1398 1084 1446 1120 ut
1477 1078 1532 1120 ad
1565 1077 1843 1120 Christianam

434 1135 675 1193 religionem
711 1136 898 1179 conversi
929 1136 972 1178 in
1007 1136 1171 1179 nomine
1211 1136 1349 1179 Patris
1388 1142 1432 1178 et
1463 1135 1557 1178 Filii
1588 1141 1631 1178 et
1664 1135 1843 1192 Spiritus
1859 1141 1906 1180 15

436 1193 577 1236 Sancti
607 1194 932 1250 baptizarentur,
964 1195 1068 1236 Mat.
1094 1193 1234 1242 xxviii,
1261 1207 1326 1250 19.
1388 1193 1498 1236 Hinc
1528 1193 1730 1236 catholica
1765 1194 1844 1236 Ec-

434 1251 568 1301 clesia,
599 1251 725 1308 idque
751 1267 909 1294 summo
939 1252 1104 1308 quidem
1128 1252 1238 1308 jure,
1262 1258 1464 1317 perpetuo
1497 1251 1711 1301 consentit,
1742 1251 1843 1308 bap-

433 1309 599 1351 tismum
629 1309 782 1352 nemini
811 1310 892 1353 rite
924 1310 1117 1352 collatum
1149 1324 1251 1362 esse,
1279 1309 1358 1351 nisi
1385 1308 1508 1365 juxta
1535 1308 1702 1351 Domini
1727 1308 1843 1352 insti-

433 1366 648 1417 tutionem,
678 1367 722 1409 in
749 1367 912 1410 nomine
940 1368 1077 1410 Patris
1101 1373 1144 1410 et
1171 1367 1264 1409 Filii
1293 1373 1336 1410 et
1361 1366 1540 1424 Spiritus
1567 1366 1707 1409 Sancti
1739 1366 1844 1409 cele-

434 1425 579 1467 bratus
608 1425 747 1468 fuerit.
866 1425 977 1467 Hinc
1008 1425 1136 1483 igitur
1168 1431 1243 1476 est,
1275 1424 1386 1481 quod
1414 1425 1562 1467 Patres
1594 1423 1639 1466 hi
1670 1424 1842 1467 Nicaeni
1858 1440 1908 1465 20

436 1482 641 1525 Catharos
676 1482 840 1539 quidem
876 1483 932 1525 ad
972 1483 1196 1525 Ecclesiam
1225 1483 1478 1525 *accedentes
1518 1481 1720 1538 baptizari
1761 1497 1844 1524 non

433 1540 703 1597 praecipiant,
729 1541 829 1583 Can.
852 1555 940 1590 vm,
963 1540 1115 1597 quippe
1135 1540 1206 1596 qui
1235 1546 1359 1583 antea
1378 1540 1420 1582 in
1443 1539 1605 1582 nomine
1627 1539 1777 1590 Patris,
1800 1546 1844 1583 et

437 1597 544 1647 Filii,
565 1605 609 1640 et
630 1598 810 1655 Spiritus
842 1598 983 1641 Sancti
1014 1598 1211 1655 baptizati
1241 1597 1407 1640 fuerint.
1469 1597 1743 1640 Paulianistas
1772 1612 1844 1640 au-

435 1661 520 1697 tem
547 1655 590 1697 in
617 1656 825 1712 praesenti
849 1656 1016 1698 Canone
1037 1656 1380 1707 ἇναβαπτίζεσθαι
1400 1656 1641 1698 decernunt.
1705 1655 1843 1706 Quum

435 1713 479 1755 hi
499 1713 620 1763 enim,
642 1713 702 1756 uti
733 1714 856 1770 paulo
876 1720 973 1756 ante
1001 1719 1206 1756 ostensum
1229 1720 1304 1763 est,
1326 1712 1505 1755 divinam
1527 1712 1620 1754 Filii
1651 1718 1843 1755 naturam
1859 1725 1906 1764 25

435 1771 705 1826 denegarent,
737 1786 785 1813 ac
816 1770 988 1828 proinde
1020 1770 1062 1813 in
1097 1777 1280 1813 sanctam
1312 1770 1558 1813 Trinitatem
1589 1784 1673 1812 non
1703 1770 1844 1813 crede-

435 1836 544 1880 rent,
566 1829 608 1871 in
629 1828 793 1871 nomine
813 1829 963 1879 Patris,
985 1834 1028 1871 et
1050 1828 1155 1880 Filii,
1177 1835 1220 1871 et
1251 1828 1430 1885 Spiritus
1461 1827 1602 1871 Sancti
1632 1828 1844 1884 baptizare

435 1901 518 1928 non
547 1892 766 1953 poterant3
797 1893 924 1943 atque
952 1886 1046 1929 ideo
1076 1886 1303 1943 baptismus
1332 1886 1386 1928 ab
1415 1886 1464 1928 iis
1493 1885 1664 1928 collatus
1694 1900 1845 1928 nomen

435 1943 535 1987 illud
556 1944 761 1988 immerito
781 1944 951 1987 sortitus
970 1950 1045 1987 est.
1108 1945 1245 1996 Quum
1267 1944 1374 1986 enim
1394 1943 1518 2000 juxta
1538 1942 1705 1985 Domini
1724 1958 1844 2000 prae-

436 2009 599 2059 ceptum
632 2016 713 2045 non
745 2002 975 2045 celebratus
1009 2002 1148 2051 fuerit,
1170 2017 1246 2044 nec
1277 2016 1354 2059 per
1389 2016 1482 2044 eum
1513 2000 1715 2058 quispiam
1746 2016 1843 2045 vere
1857 2013 1908 2050 30

438 2060 697 2103 Christianus
717 2059 806 2102 fieri
828 2060 971 2117 potuit.
1006 2059 1397 2102 BEVEREGlUS.

494 2118 540 2159 P.
561 2119 660 2174 382.
693 2118 718 2160 l.
744 2118 810 2159 18.
843 2117 1094 2171 ἐμνήσθημεν
1124 2120 1166 2160 δὲ
1198 2122 1275 2159 τῶν
1297 2121 1577 2159 Διακονισσῶν
1606 2120 1685 2158 τῶν
1715 2117 1761 2158 ἐν
1789 2117 1843 2173 τῷ

435 2175 610 2231 σχήματι
639 2174 949 2232 ἐξετασθεισῶν]
983 2175 1234 2218 l'articulam
1259 2179 1337 2217 τῶν
1364 2174 1406 2217 in
1429 2174 1702 2217 Conciliorum
1724 2173 1841 2217 editt.

436 2233 619 2276 Labbaei
640 2240 682 2276 et
713 2232 920 2276 Harduini
951 2238 1049 2276 ante
1072 2234 1354 2276 Διακονίσσων
1374 2232 1576 2282 omissam,
1599 2246 1723 2289 quam
1743 2246 1842 2274 vero

434 2297 650 2348 praestant
683 2290 956 2334 Conciliorum
990 2290 1089 2333 edit.
1125 2290 1316 2348 princeps
1347 2297 1591 2346 ceteraeque
1629 2290 1840 2332 Canonum
1855 2297 1906 2335 35

436 2348 719 2398 Collectiones,
756 2355 800 2392 et
835 2354 921 2391 tres
955 2348 1100 2391 saltem
1138 2347 1309 2391 Codices
1342 2347 1570 2399 Bodleiani,
1604 2347 1646 2389 in
1680 2352 1842 2390 textum

433 2406 635 2450 revocavi.
686 2406 808 2458 Quod
829 2406 980 2450 attinet
999 2406 1052 2450 ad
1076 2405 1336 2449 Diaconissas
1357 2405 1423 2448 hic
1443 2411 1703 2455 memoratae,
1725 2404 1842 2447 aiunt

434 2464 618 2507 Zonaras
638 2470 680 2507 et
697 2464 901 2514 Balsamo,
920 2464 1109 2507 Canones
1126 2463 1489 2521 Carthaginienses
1504 2469 1630 2506 testes
1651 2462 1840 2513 citantes,

436 2522 614 2579 virgines
649 2521 928 2565 castimoniam
960 2522 1166 2580 professas
1196 2536 1304 2564 anno
1339 2520 1488 2563 aetatis
1522 2534 1621 2563 suae
1650 2519 1840 2563 vicesimo

432 2580 577 2637 quinto
609 2580 794 2623 habitum
825 2580 1030 2637 quendam
1063 2580 1116 2622 ab
1148 2579 1350 2637 Episcopo
1377 2578 1594 2635 accepisse,
1626 2582 1682 2630 ct,
1713 2591 1838 2634 quum
1853 2589 1904 2622 40

433 2652 584 2680 annum
619 2637 979 2694 quiulragesimum
1012 2637 1065 2680 im
1098 2637 1303 2687 levissent,
1335 2635 1596 2679 Diaconissas
1628 2634 1840 2678 ordinatas

435 2695 570 2738 fuisse.
633 2695 786 2738 Confer
820 2694 1038 2754 Binghami
1091 2695 1226 2738 {colea
1255 2694 1515 2738 Christianae
1546 2692 1837 2759 Antiquitates,

434 2752 503 2795 lib.
526 2767 571 2805 11,
601 2767 690 2810 cap.
714 2765 781 2804 22,
811 2756 843 2810 ς.
867 2755 906 2796 6.
968 2753 1049 2805 Ita,
1078 2752 1111 2795 si
1148 2767 1247 2795 vera
1283 2753 1469 2795 Zonarae
1504 2750 1716 2809 expositio,
1750 2756 1837 2793 tum

435 2810 571 2853 forent
592 2811 719 2853 verba
740 2810 780 2853 in
802 2811 909 2853 hunc
940 2825 1102 2853 sonsum
1123 2810 1384 2868 accipienda:
1415 2808 1742 2851 commemoratis
1773 2822 1838 2850 rc-

433 2867 716 2925 sipiscontibus
742 2868 987 2911 Diaconissis
1007 2868 1275 2911 conclusimus
1306 2868 1346 2910 in
1378 2867 1456 2910 illis
1488 2866 1743 2909 Diaconissas
1764 2865 1836 2907 ha·
1849 2878 1899 2916 45
