2034 3204
475 229 538 271 IN
571 228 843 272 CANONES
873 227 1118 271 NICAENI
1151 227 1428 269 CONCILII.
1572 228 1652 267 401

319 336 365 378 P.
385 336 485 392 367.
517 335 544 378 l.
568 345 630 392 15.
661 336 883 378 ἀνελθόντα
913 336 968 379 εἰς
996 334 1086 379 τοὺς
1115 333 1323 389 οὗράνους]
1364 332 1561 375 Additum
1593 339 1657 375 est

255 394 318 435 καὶ
348 393 602 446 καθιζόμενον
628 394 672 436 ἑν
700 393 807 448 δεξίᾳ
837 395 906 434 τοῦ
937 391 1093 444 Πατρὸς
1118 390 1162 432 in
1189 391 1369 448 Prologo
1395 390 1551 432 Pedalii
1575 391 1655 432 Ec-

252 449 400 493 clesiae
421 450 618 500 Graecae,
640 449 725 492 sive
750 451 964 494 Canonum
994 448 1253 492 Collectionis
1282 449 1335 490 ab
1365 447 1463 504 ipsis
1484 448 1656 491 Graecis

253 522 398 551 recens
427 507 575 557 editae,
608 508 651 550 in
681 522 764 564 qua
795 506 981 565 Symboli
1012 506 1182 549 Nicaeni
1213 506 1446 562 exemplum
1476 505 1654 562 positum

216 570 331 612 Sest.
392 566 572 608 Exstant
597 566 741 608 eadem
773 565 900 608 verba
924 564 1036 622 apud
1058 564 1334 621 Epiphanium
1362 563 1404 605 in
1426 562 1654 611 Ancorato,

253 628 296 665 et
335 622 377 664 in
418 622 571 666 Gelasii
607 623 722 666 Actis
756 622 928 665 Nicaeni
964 622 1146 671 Concilfi,
1185 621 1253 663 ubi
1294 621 1372 663 hoe
1413 621 1654 678 Symbolum

253 679 383 737 priori
413 680 501 723 loco
532 680 740 724 Gelasiani
770 680 906 737 operis
935 679 1167 728 adducitur,
1194 685 1238 721 et
1267 679 1309 721 in
1339 678 1459 721 Actis
1487 678 1657 720 Concilii

255 738 455 795 Carthag.
476 738 544 781 vel
566 738 764 788 Africani,
785 738 873 780 loco
894 738 1118 780 eorundem
1140 736 1281 794 priori,
1302 743 1345 779 et
1364 737 1407 778 in
1427 736 1658 779 actionibus

253 795 433 838 secunda
459 802 502 839 et
529 795 674 852 quinta
695 795 1040 838 Chalcedonensis
1068 794 1251 844 Concilii,
1273 794 1451 851 denique
1478 793 1520 836 in
1551 794 1659 836 Con-

192 868 240 894 10
253 852 438 896 ciliorum
466 853 665 910 Ephesini
694 859 737 896 et
765 853 882 896 Sexti
914 852 1130 896 Generalis
1157 852 1285 901 Actis,
1306 852 1376 894 ubi
1407 851 1573 909 legitur,
1597 852 1660 893 καὶ

252 911 297 953 ἐν
327 913 434 966 δεξίᾳ
464 915 532 953 τοῦ
563 911 721 965 Πατρὸς
750 910 985 964 καθήμενον.
1060 910 1145 953 Sed
1174 909 1361 952 nesciunt
1390 910 1468 952 hoc
1498 908 1660 951 addita-

252 974 435 1011 mentum
467 983 550 1011 non
579 975 740 1012 tantum
767 968 925 1024 aliquot
945 967 1074 1018 MSti,
1094 967 1267 1010 testibus
1289 967 1459 1010 Graecis
1486 973 1658 1009 annota-

251 1025 411 1069 toribus
446 1026 500 1069 ad
531 1026 759 1077 Pedalium,
790 1032 833 1068 et
867 1026 879 1067 i
911 1041 1000 1068 sum
1032 1026 1110 1067 hoc
1143 1026 1254 1082 quod
1289 1025 1447 1067 edimus
1479 1025 1660 1066 Eunom-

252 1083 390 1126 ianum
426 1084 469 1126 in
510 1083 834 1127 Chalcedonensi
871 1041 1052 1126 ‹guncilio
1087 1083 1313 1139 exemplar,
1349 1097 1493 1124 verum
1533 1082 1659 1124 etiam

190 1150 237 1189 15
252 1140 354 1184 illud
385 1142 438 1184 ab
470 1142 649 1184 Eusebio
684 1141 855 1184 allatum
890 1141 933 1183 in
969 1141 1141 1198 epistola
1175 1141 1230 1183 ad
1262 1140 1515 1183 Palaestinos
1551 1155 1657 1188 suos,

251 1212 360 1254 quae
394 1199 560 1256 quidem
595 1199 770 1256 epistola
803 1199 915 1256 apud
948 1198 1239 1247 Athanasium,
1277 1205 1319 1241 et
1356 1199 1583 1247 Socratem,
1615 1204 1658 1239 et

252 1256 574 1306 Theodoretum,
598 1257 888 1312 Gelasiumque
909 1262 1059 1299 exstat.
1111 1257 1259 1313 Neque
1282 1257 1408 1298 verba
1427 1262 1658 1313 agnoscunt

252 1314 296 1357 S.
314 1314 512 1364 Hilarius,
544 1314 585 1358 S.
604 1315 780 1357 Basilius
808 1315 882 1366 M.‚
911 1315 1098 1362 Rufinus,
1126 1314 1365 1356 Theodotus
1393 1315 1656 1371 Ancyranus,

253 1371 479 1415 Concilium
506 1372 836 1415 Alexandrinum
866 1371 907 1414 in
939 1386 1063 1414 causa
1087 1371 1270 1414 Nestorii
1306 1371 1506 1420 habitum,
1534 1371 1657 1413 Nice-

187 1429 418 1486 zophorus,
442 1429 635 1473 Codexve
663 1430 755 1473 MS.
777 1430 962 1472 Thomae
989 1429 1190 1486 Phillipps
1216 1429 1433 1471 Baronetti
1461 1429 1657 1486 opuscula

251 1486 366 1530 varia
400 1486 652 1544 Theologica
690 1486 916 1539 continens,
947 1487 1013 1529 vel
1052 1487 1230 1544 denique
1269 1487 1483 1544 exemplar
1515 1486 1655 1529 Codjei

250 1544 464 1587 Canonum
484 1544 630 1588 Veteri
652 1544 858 1587 Ecclesiae
879 1545 1092 1587 Romanae
1115 1544 1358 1602 praefixum.
1420 1545 1458 1586 N
1462 1559 1508 1587 ec
1530 1559 1655 1601 porro

247 1607 434 1668 praestat
461 1616 512 1645 ea
538 1602 663 1651 locus,
685 1617 766 1668 quo
789 1602 1030 1660 Symbolum
1058 1602 1100 1644 in
1122 1603 1236 1645 Actis
1258 1602 1426 1645 Concilii
1449 1603 1651 1660 Carthag.

247 1665 398 1702 lterum
419 1660 606 1710 affertur,
626 1660 809 1703 recitatis
833 1666 931 1703 tune
956 1660 1100 1709 literis,
1122 1675 1228 1717 quae
1248 1661 1302 1703 ab
1324 1660 1462 1703 Attico
1485 1661 1655 1703 CPtano

185 1726 234 1766 25
250 1717 468 1775 Episcopo,
498 1732 582 1760 una
619 1733 712 1760 cum
753 1718 950 1775 Symbolo
989 1723 1032 1761 et
1072 1718 1192 1760 Actis
1231 1718 1390 1775 Synodi
1430 1718 1653 1770 Nicaenae,

248 1782 441 1832 receptae
478 1774 670 1825 fuerant3
717 1789 851 1832 neque
890 1775 1018 1818 habet
1056 1776 1201 1817 eadem
1238 1776 1281 1818 S.
1310 1775 1491 1833 Cyrillus
1531 1776 1651 1818 Alex,

248 1831 448 1875 Tractatu
468 1847 541 1875 suo
561 1832 603 1875 in
626 1833 880 1889 Symbolum.
942 1834 1006 1874 Ex
1028 1833 1226 1890 Symbolo
1247 1848 1349 1890 ergo
1366 1833 1524 1875 CPtani
1548 1834 1654 1876 Con-

248 1889 328 1931 cilii
350 1890 567 1932 traductus
586 1890 750 1932 videtur
778 1891 854 1933 iste
875 1890 1085 1939 articulus,
1105 1891 1178 1947 qui
1204 1898 1342 1933 tamen
1367 1891 1408 1932 in
1439 1891 1571 1947 ipsum
1600 1906 1652 1933 ex

248 1946 386 2003 aliqua
405 1947 583 1990 formula
603 1947 831 1990 vetustiore
851 1954 1043 2005 acceptus
1062 1948 1152 1991 fuit.
1214 1948 1379 1991 Etenim
1401 1948 1444 1990 in
1464 1948 1653 1991 vetustis-

183 2018 236 2055 3ο
249 2003 352 2047 sima
380 2004 528 2062 regula
554 2005 665 2055 fidei,
690 2019 813 2062 quam
843 2005 1004 2063 profert
1034 2005 1326 2056 Tertullianus,
1351 2021 1443 2048 cum
1474 2006 1516 2048 in
1547 2006 1652 2049 libro

249 2062 301 2104 de
332 2062 582 2120 Praescript.
616 2063 790 2106 Haeret.
821 2077 909 2121 cap.
933 2077 998 2120 13,
1029 2068 1118 2106 tum
1147 2063 1190 2106 in
1222 2064 1291 2106 illo
1325 2064 1379 2106 de
1409 2064 1652 2122 Virginibus

249 2119 424 2163 Veland.
446 2134 494 2162 ca
525 2153 535 2163 .
560 2134 594 2170 ι,
613 2121 754 2171 verba,
785 2121 938 2164 Sedere
967 2122 1030 2164 ad
1058 2123 1277 2164 dexteram
1298 2123 1466 2172 Patris,
1489 2137 1651 2178 compa-

246 2182 355 2220 rent.
415 2177 483 2220 Ad
514 2192 537 2220 e
567 2178 842 2236 Presbyteros
871 2179 983 2236 apud
1004 2179 1047 2222 S.
1066 2179 1341 2236 Hippolytum
1372 2185 1518 2222 contra
1541 2180 1582 2221 N
1584 2195 1651 2222 oe-

246 2240 349 2284 tum,
371 2249 404 2277 c.
426 2249 458 2278 1.
480 2249 521 2292 p.
535 2237 603 2290 46.
666 2236 860 2279 Ceterum
889 2236 1001 2293 apud
1020 2243 1210 2279 auctores
1230 2252 1334 2294 quos
1353 2252 1478 2294 supra
1498 2252 1651 2279 memo-

181 2302 233 2342 35
247 2292 349 2342 ravi,
370 2298 536 2335 exstant
564 2293 765 2350 plurimae
797 2294 982 2352 Symboli
1003 2294 1174 2337 Nicaeni
1204 2295 1399 2338 lectiones
1430 2295 1648 2345 variantes

246 2350 320 2393 sed
340 2364 414 2393 eae
433 2350 652 2393 maximam
672 2357 834 2408 partem
854 2351 993 2410 exigui
1014 2352 1223 2396 momenti.

801 2453 1022 2496 CANON
1060 2454 1092 2496 Ι.

305 2520 352 2562 P.
370 2532 469 2576 370.
497 2520 524 2562 l.
544 2520 583 2562 8.
616 2522 651 2563 εἰ
681 2520 725 2562 δέ
753 2538 811 2566 τις
839 2522 1028 2576 ὑγιαίνων
1056 2522 1152 2579 &c.]
1186 2522 1311 2565 Punit
1340 2537 1461 2564 ausos
1492 2522 1555 2564 vel
1585 2537 1647 2565 se-

245 2577 356 2633 ipsos
391 2577 457 2620 vel
496 2577 598 2620 alios
635 2578 827 2621 mutilare
866 2579 990 2622 etiam
1032 2580 1115 2621 Lex
1152 2579 1304 2623 Civilis.
1365 2580 1473 2623 Vide
1508 2580 1645 2623 Photii

181 2647 234 2682 40
247 2635 525 2678 Nomocanon.
551 2635 613 2678 tit.
634 2649 669 2685 1,
694 2650 783 2693 cap.
804 2636 886 2678 xiv.
948 2636 1032 2679 Sed
1058 2637 1236 2680 Canonis
1261 2637 1384 2694 hujus
1411 2652 1574 2679 causam
1603 2644 1647 2680 et

245 2692 447 2735 rationem
469 2692 638 2758 exponit
659 2693 827 2736 Concilii
847 2694 1097 2752 Agathensis
1116 2702 1396 2752 praeceptum,
1419 2701 1430 2719 ‘
1445 2695 1489 2738 Si
1509 2694 1580 2752 qui
1600 2711 1645 2738 se

247 2755 258 2773 ‘
279 2749 434 2792 carnali
463 2749 562 2793 vitlo
590 2765 827 2808 repugnare
856 2752 1084 2795 nescientes
1112 2753 1369 2802 abscindunt,
1400 2753 1455 2796 ad
1489 2754 1643 2796 clerum

248 2814 258 2828 ‘
279 2807 498 2864 pervenire
517 2822 599 2850 non
623 2811 818 2874 possunt!
838 2824 872 2851 c.
890 2820 956 2865 77,
977 2809 1186 2853 referente
1206 2810 1255 2853 cl.
1277 2810 1462 2868 Vigorio,
1485 2811 1564 2868 Op.
1585 2811 1641 2862 iii,

243 2878 288 2918 4,
307 2879 348 2918 4.
410 2866 510 2907 Mox
543 2866 689 2909 Latlne
720 2872 857 2909 vertas
886 2867 1009 2917 istud,
1037 2869 1126 2967 713:st
1154 2872 1233 2911 τῶν
1263 2870 1569 2922 ἐπιτηδευόντων
1598 2870 1643 2910 τὸ

303 2936 395 2965 vot..
413 2937 440 2965 1.
1021 2939 1048 2966 D
