2034 3204
218 1850 313 1883 Nihil
330 1848 409 1880 invi-

218 1895 261 1926 do
278 1893 376 1934 injus-

218 1939 305 1974 tius;
328 1935 410 1968 nihil

214 1981 339 2023 justius
356 1981 403 2011 in-

219 2025 320 2061 vidia,
339 2033 426 2065 quae

441 247 527 287 320
946 246 988 289 S.
1022 245 1344 288 CYPRIANI

442 362 555 410 mat,
580 358 696 402 dum
719 357 826 416 quis
852 372 938 402 suo
961 372 1057 402 non
1089 363 1244 415 potest
1269 371 1369 401 esse
1391 360 1654 407 contentus,
1679 354 1845 399 videns

442 436 644 480 alterum
681 434 916 480 ditiorem.
986 433 1315 479 Ambitionem
1348 433 1479 476 zelus
1516 431 1705 485 excitat,
1730 433 1846 477 dum

441 512 592 557 cernit
622 512 730 571 quis
762 512 910 557 alium
943 511 994 556 in
1026 510 1286 555 honoribus
1323 508 1555 555 altiorem.
1625 509 1736 554 Zelo
1767 524 1847 553 ex-

440 596 658 635 caecante
703 604 868 634 sensus
917 594 1102 633 nostros
1149 593 1292 646 atque
1339 586 1390 631 in
1433 585 1663 631 ditionem
1710 601 1845 631 suam

440 666 614 712 mentis
637 682 810 711 arcana
832 665 1091 726 redigente,
1111 664 1203 710 Dei
1227 664 1372 709 timor
1397 663 1651 723 spernitur,
1670 663 1847 725 magis·
1860 674 1882 712 5

439 744 612 790 terium
656 743 842 789 Christi
882 742 1160 804 negligitur,
1193 741 1364 803 judicii
1406 740 1508 786 dies
1550 756 1646 786 non
1685 740 1847 799 provi-

438 823 591 867 detur.
665 820 810 866 Inflat
844 820 1083 880 superbia,
1116 819 1367 865 exacerbat
1401 817 1615 870 saevitia,
1649 815 1848 876 perfidia

439 899 806 959 praevaricatur,
840 897 1142 958 impatientia
1176 896 1402 948 concutit,
1438 895 1559 941 furit
1593 893 1846 949 discordia,

437 978 510 1022 ira
542 976 790 1028 fervescit3
826 991 911 1021 nec
939 990 988 1021 se
1018 976 1122 1035 jam
1153 980 1309 1034 potest
1333 973 1552 1019 cohibere
1575 974 1651 1018 vel
1683 987 1846 1034 regere

436 1055 521 1114 qui
555 1054 709 1100 factus
745 1060 816 1099 est
850 1052 1100 1112 potestatis
1135 1051 1330 1097 alienae.
1405 1050 1533 1095 Hinc
1562 1048 1844 1095 Dominicae
1863 1066 1910 1091 10

436 1131 566 1191 pacis
590 1131 835 1176 vinculum
871 1130 1127 1189 rumpitur,
1155 1129 1269 1174 hinc
1298 1128 1472 1174 caritas
1501 1128 1716 1173 fraterna
1743 1126 1846 1171 vio—

436 1210 578 1261 latur,
615 1207 726 1253 hinc
761 1209 1059 1253 adulteratur
1081 1206 1271 1258 veritas,
1301 1204 1462 1251 unitas
1498 1202 1747 1256 scinditur,
1784 1203 1844 1247 ad

437 1286 654 1331 haereses
686 1291 829 1344 atque
853 1286 914 1330 ad
938 1285 1196 1331 schismata
1229 1282 1491 1343 prosilitur,
1516 1283 1629 1327 dum
1664 1280 1846 1326 obtrec-

437 1370 570 1409 tatur
609 1363 947 1416 sacerdotibus,
983 1364 1098 1407 dum
1138 1360 1391 1421 Episcopis
1429 1359 1687 1414 invidetur,
1729 1359 1844 1404 dum

435 1442 544 1500 quis
575 1447 660 1486 aut
687 1440 906 1500 queritur
937 1456 1032 1485 non
1062 1455 1111 1484 se
1140 1439 1300 1499 potius
1331 1438 1620 1489 ordinatum,
1652 1442 1737 1482 aut
1767 1437 1846 1481 de·
1863 1447 1908 1486 15

437 1519 665 1581 dignatur
689 1520 893 1584 alterum
923 1518 1046 1563 ferre
1080 1517 1418 1576 praepositum.
1492 1514 1622 1560 Hinc
1654 1513 1845 1558 recalci-

436 1603 546 1649 trat,
571 1596 683 1642 hinc
720 1597 916 1641 rebellat
945 1596 1002 1640 de
1032 1596 1136 1640 zelo
1167 1593 1413 1653 superbus,
1438 1593 1496 1638 de
1529 1591 1846 1637 aemulatione

437 1690 699 1734 perversus,
741 1672 1044 1719 animositate
1085 1679 1131 1716 et
1175 1672 1321 1716 livore
1362 1685 1457 1715 non
1498 1668 1721 1722 hominis,
1762 1669 1843 1714 sed

436 1752 647 1805 honoris,
672 1751 908 1797 inimicus.

507 1829 593 1876 1V.
630 1829 799 1883 Qualis
836 1844 949 1874 vero
987 1834 1059 1873 est
1096 1827 1283 1873 animae
1325 1826 1470 1880 tinea,
1506 1840 1629 1884 quae
1666 1823 1845 1886 cogita·
1859 1843 1908 1868 20

439 1908 624 1954 tionum
662 1908 811 1960 tabeS‚
841 1905 1044 1966 pectoris
1069 1911 1250 1965 quanta
1286 1904 1471 1966 rubig0‚
1503 1904 1657 1948 zelare
1693 1902 1742 1947 in
1779 1903 1846 1947 al-

439 1992 538 2032 tero
558 1986 628 2031 vel
648 1985 875 2030 virtutem
900 1985 1003 2045 ejus
1024 1985 1096 2028 vel
1123 1982 1413 2034 felicitatem,
1433 1981 1480 2027 id
1507 1987 1591 2033 est,
1614 1979 1768 2025 odisse
1793 1978 1842 2024 in

218 2068 419 2100 certissimas
439 2079 494 2110 eo
517 2065 591 2108 vel
616 2061 788 2108 merita
817 2060 1012 2120 propria
1034 2061 1109 2105 vel
1134 2058 1360 2105 beneficia
1383 2058 1558 2109 divina,
1584 2057 1635 2102 in
1664 2058 1843 2103 malum

233 2123 342 2143 ›oenafl
360 2122 425 2143 ma—

219 2124 326 2188 levolo
343 2166 389 2187 re-
438 2140 686 2201 proprium
716 2140 839 2184 bona
869 2138 1025 2184 aliena
1048 2143 1335 2189 convertere,
1360 2135 1622 2181 illustrium
1652 2149 1845 2194 prospe-

219 2200 334 2242 poscit.

437 2218 580 2263 ritate
622 2216 847 2276 torqueri,
884 2214 1087 2260 aliorum
1128 2214 1330 2275 gloriam
1372 2213 1525 2259 facere
1563 2227 1696 2258 suam
1736 2227 1845 2271 poe·
1860 2228 1907 2267 25

438 2311 564 2348 nam,
588 2301 637 2341 et
659 2296 791 2340 velut
814 2294 1043 2353 quosdam
1081 2291 1257 2351 pectori
1291 2306 1378 2336 suo
1410 2291 1660 2336 admovere
1692 2289 1846 2335 carni-

439 2373 561 2426 fices,
586 2370 957 2433 cogitationibus
985 2375 1033 2414 et
1061 2368 1278 2414 sensibus
1311 2367 1410 2413 suis
1439 2366 1663 2412 adhibere
1695 2372 1844 2412 torto-

441 2467 528 2504 τρε,
552 2449 636 2509 qui
661 2466 709 2494 se
739 2446 980 2494 intestinis
1010 2445 1300 2492 cruciatibus
1331 2446 1548 2497 lacerent,
1575 2443 1658 2503 qui
1689 2444 1844 2489 cordis

438 2534 617 2574 secreta
657 2524 1009 2572 malivolentiae
1050 2522 1245 2584 ungulis
1285 2523 1487 2582 pulsent.
1559 2521 1668 2566 Non
1708 2519 1842 2566 cibus

439 2606 615 2652 talibus
641 2607 805 2654 laetus,
832 2618 924 2648 non
951 2609 1091 2662 potus
1116 2606 1272 2661 potest
1296 2615 1396 2645 esse
1414 2600 1671 2660 jucundus.
1731 2598 1843 2644 Sus-

440 2683 626 2743 piratur
657 2696 843 2740 semper
870 2686 919 2725 et
948 2677 1277 2740 ingemiscitur
1306 2682 1353 2723 et
1381 2677 1598 2729 doletur3
1636 2676 1844 2734 dumque

439 2762 499 2806 ab
525 2759 701 2806 invidis
732 2772 976 2817 nunqnam
1010 2756 1132 2802 livor
1159 2754 1430 2815 exponitur,
1455 2753 1622 2799 diebus
1652 2767 1705 2798 ac
1736 2767 1843 2797 noc-

440 2839 566 2884 tibus
606 2844 767 2897 pectus
806 2836 1045 2881 obsessum
1089 2833 1190 2879 sine
1233 2830 1580 2877 intermissione
1620 2830 1839 2875 laniatur.

1857 2633 1908 2675 30
