2034 3204
421 231 507 273 206
895 231 974 273 AN
978 232 1015 273 N
1022 231 1282 274 OTATION
1283 231 1354 275 Es

422 338 647 395 Apostolus
674 338 828 380 Paulus
857 338 1017 381 litteras
1045 339 1231 381 dederat.
1293 338 1500 380 Mirumne
1531 337 1708 387 videtur,
1731 335 1830 394 Epi-

423 396 550 438 stolas
579 395 679 438 istas
709 395 904 438 Paulinas
933 397 987 438 ab
1008 396 1200 438 Ecclesiis
1230 396 1272 437 in
1303 396 1367 438 his
1398 395 1568 438 urbibus
1599 395 1829 437 constitutis

423 467 554 495 annos
588 453 752 495 circiter
787 459 952 496 centum
988 459 1031 496 et
1065 453 1368 511 quinquaginta
1407 459 1669 495 conservatas
1708 452 1830 495 esse?

424 510 558 567 quue
607 525 756 553 revera
804 511 1040 568 contigisse,
1081 517 1145 553 est
1188 517 1235 552 ut
1278 510 1425 553 testari
1465 510 1563 553 velit
1611 511 1690 552 hoc
1739 510 1828 552 loco

424 568 717 610 Tertullianus.
778 569 837 610 At
870 583 982 618 vero,
1018 568 1131 624 quod
1165 568 1486 610 obliviscendum
1525 583 1608 609 non
1647 574 1722 617 est,
1759 582 1828 609 vo·
1842 586 1865 624 5

363 670 366 673 Δ
422 625 515 668 lunt
550 625 627 668 viri
658 625 881 668 doctissimi
915 625 1125 681 oppositas
1159 625 1284 668 fuisse
1323 625 1401 667 hoc
1440 625 1528 667 1000
1568 624 1828 667 authenticas

421 682 597 732 litteras,
638 697 722 724 non
768 682 1023 740 apographis
1071 682 1255 732 Graecis,
1300 683 1374 725 sed
1417 682 1829 739 interpretationibus

422 740 649 782 earundem
686 740 856 782 Latinis.
920 740 987 783 Sic
1028 740 1137 782 enim
1176 740 1236 782 ait
1271 739 1491 797 Rigaltius,
1528 740 1608 782 diei
1643 740 1687 782 in
1721 740 1828 782 libro

424 797 669 840 Tertulliani
700 797 752 839 de
783 797 1062 855 Monogamia,
1094 812 1182 854 cap.
1208 811 1270 847 11,
1302 803 1467 839 exstare
1497 797 1539 838 in
1566 797 1727 840 Graeco
1756 812 1829 840 au-

423 855 606 898 thentico
646 854 992 911 interpretatione
1025 855 1200 897 Latinae
1232 855 1420 911 opposito
1455 855 1589 897 locum
1622 854 1828 911 quendam
1846 871 1893 896 10

422 912 624 969 Apostoli.
685 912 961 954 Nihilominus
981 913 1084 954 haee
1104 913 1186 954 duo
1207 912 1326 954 simul
1347 918 1537 955 constare
1564 927 1683 968 posse
1704 911 1828 955 exist—

422 969 558 1019 imem,
571 976 620 1012 ut
639 976 902 1026 opponantur
922 985 1015 1012 cum
1030 971 1303 1013 authenticae
1324 971 1506 1020 litterae,
1523 984 1596 1012 seu
1617 969 1827 1027 epistolae,

422 1027 627 1084 quomodo
640 1027 752 1083 loqui
768 1027 901 1070 solent
912 1027 1205 1070 Jurisconsulti
1219 1034 1392 1077 veteres,
1406 1027 1659 1085 apographis
1671 1042 1827 1076 earum,

422 1091 511 1127 tum
558 1099 656 1127 vero
708 1086 901 1128 Graecus
947 1087 1220 1128 authenticus
1263 1085 1599 1142 interpretationi
1640 1084 1827 1127 Latinae.

422 1143 540 1185 Haec
560 1142 657 1184 olim
676 1143 948 1199 probabiliter
964 1143 1183 1208 disputavi.
1230 1143 1387 1186 Verum
1403 1149 1545 1185 tamen
1566 1143 1643 1185 hoc
1664 1149 1827 1186 tantum
1845 1159 1892 1196 15

423 1200 669 1243 Tertulliani
690 1200 827 1243 verbis
857 1215 949 1242 mea
978 1201 1143 1257 qmdem
1175 1200 1381 1243 sententia
1410 1200 1633 1258 significari
1662 1205 1826 1257 potest;

421 1257 635 1300 adeundas
662 1273 751 1300 esse
776 1257 1020 1316 originalem
1040 1258 1164 1301 fidem
1185 1257 1480 1314 quaerentibus
1501 1257 1706 1300 Ecclesias
1729 1272 1828 1315 apo-

421 1315 587 1358 stolicas
621 1316 674 1358 ob
709 1330 799 1358 eam
831 1331 1010 1365 eausam,
1040 1322 1086 1358 ut
1120 1315 1370 1374 investigent
1399 1315 1500 1372 quid
1528 1315 1643 1372 ipsae
1673 1315 1826 1365 dicant,

421 1373 523 1430 quid
562 1373 738 1416 doceant
750 1390 762 1425 3
811 1373 855 1415 in
894 1373 1043 1430 quibus
1082 1373 1249 1430 quidem
1290 1373 1495 1423 Ecelesiis,
1536 1373 1690 1416 seilicet
1728 1387 1827 1430 apo·

420 1430 585 1480 stolicis,
626 1431 763 1473 adhuc
807 1437 949 1474 manet
993 1431 1218 1488 apostoliea
1257 1430 1469 1481 successio,
1509 1445 1558 1473 ac
1596 1430 1826 1473 recitantur
1841 1447 1891 1473 20

420 1488 586 1531 litterae
606 1488 800 1546 propriae
820 1488 1126 1545 Apostolorum,
1147 1489 1327 1531 indolem
1349 1503 1492 1531 veram
1515 1488 1699 1545 ipsorum
1718 1488 1826 1531 rese-

420 1552 572 1589 rentes.
635 1546 776 1589 Habet
802 1546 992 1589 Clemens
1012 1546 1320 1588 Alexandrinus
1346 1546 1389 1588 in
1418 1546 1628 1589 Stromate
1648 1560 1707 1589 111.

423 1605 721 1648 ἐπακούσαντας
750 1606 818 1655 τῆς
839 1605 985 1657 Κυρίου
1016 1606 1161 1657 φωνῆς,
1184 1605 1263 1646 εἴτε
1292 1607 1359 1656 τῆς
1389 1604 1629 1655 αὗθευτικῆς,
1653 1605 1730 1646 εἴτε
1761 1604 1826 1646 καὶ

421 1664 491 1714 τῆς
510 1663 576 1703 διὸ.
595 1665 674 1703 τῶν
691 1660 957 1703 Ἀποστόλων
977 1662 1496 1715 ἑνεργούσης.-εωααάὶεα
1515 1676 1611 1704 voce
1630 1662 1823 1710 Domini,

420 1719 488 1762 vel
505 1720 606 1775 ipsa
628 1734 712 1775 per
738 1733 795 1768 se,
816 1719 882 1761 vel
910 1720 1042 1761 etiam
1068 1734 1178 1775 quae
1207 1720 1471 1775 operabatur
1483 1734 1566 1775 per
1585 1719 1823 1774 Apostolos.
1839 1734 1888 1773 25

421 1790 511 1833 cap.
534 1778 574 1826 6,
595 1790 636 1833 p.
660 1778 756 1832 764,
779 1776 831 1818 ed
852 1776 1024 1819 Potteri.

481 1834 527 1876 P.
558 1847 647 1891 ¹5¹·
678 1834 706 1876 l.
731 1846 796 1876 22.
837 1840 1031 1876 sonantes
1060 1834 1216 1890 vocem]
1252 1834 1450 1876 irenaeus
1479 1833 1548 1876 lib.
1580 1847 1639 1876 111.
1672 1848 1760 1890 cap.
1782 1848 1823 1891 3.

421 1891 493 1935 ubi
513 1891 566 1934 de
588 1891 814 1941 Clemente,
836 1898 846 1915 ⁴
867 1892 1005 1943 Quum
1025 1891 1160 1934 adhuc
1180 1894 1448 1936 insonantem
1473 1891 1823 1948 praedicationem

422 1956 432 1974 ‘
450 1949 489 1992 A
519 1949 743 1992 ostolorum
765 1955 808 1991 et
827 1949 1093 1992 traditionem
1113 1955 1212 1992 ante
1233 1949 1371 1992 oculos
1390 1949 1592 1992 haberet.'

504 2006 586 2049 bid.
623 2007 649 2049 l.
673 2018 740 2061 27.
780 2007 891 2049 unde
925 2007 1042 2050 nobis
1077 2021 1240 2064 quoquc
1274 2006 1507 2050 authoritas
1541 2011 1708 2063 praesto
1743 2005 1822 2063 est]
1836 2025 1888 2062 30

422 2064 503 2108 Sic.
529 2064 598 2107 lib.
620 2078 675 2107 iv,
702 2064 758 2107 ad
788 2064 1043 2107 Marcionem
1074 2079 1113 2121 p.
1134 2076 1235 2121 505,
1285 2079 1372 2122 cap.
1394 2064 1456 2121 5.]
1523 2071 1533 2088 ‘
1554 2063 1666 2116 Quid
1697 2063 1823 2107 etiam

421 2129 431 2147 ‘
451 2122 627 2165 Romani
655 2122 707 2165 de
733 2122 921 2179 proximo
946 2125 1118 2165 sonent.'
1149 2123 1252 2166 RIG
1298 2123 1381 2165 LT.
1442 2122 1571 2164 Totus
1595 2122 1706 2164 loeus
1733 2121 1774 2164 di
1805 2146 1823 2154 -

419 2194 497 2223 nus
517 2186 580 2223 est
601 2186 647 2223 ut
667 2195 759 2222 cum
779 2180 843 2222 his
864 2180 1126 2223 conferatur:
1159 2187 1168 2204 ‘
1192 2180 1412 2223 Videamus
1432 2180 1543 2236 quod
1564 2179 1626 2223 lac
1645 2194 1671 2222 0
1691 2179 1780 2222 Ρο0
1798 2194 1822 2222 0

420 2244 431 2262 ⁸
451 2237 655 2281 Corinthii
683 2237 910 2286 hauserint,
931 2238 986 2281 ad
1006 2252 1130 2294 quam
1161 2253 1207 2280 re
1239 2238 1349 2280 ulam
1371 2237 1546 2281 Galatae
1574 2237 1655 2280 sint
1685 2251 1822 2280 recor-

420 2302 430 2320 ‘
448 2295 565 2345 recti,
586 2295 685 2352 quid
717 2295 860 2353 legant
890 2295 1188 2352 Philippenses,
1239 2294 1611 2344 *hessalonieenses
1637 2293 1820 2351 Ephesii,
1834 2311 1885 2351 35

420 2360 430 2378 ‘
449 2352 550 2410 quid
569 2353 693 2395 etiam
715 2351 892 2395 Romani
912 2352 965 2395 de
985 2352 1173 2409 proximo
1198 2359 1358 2402 sonent,
1379 2352 1528 2409 quibus
1549 2351 1821 2410 Evangelium

419 2418 432 2437 ⁶
448 2417 492 2454 et
512 2410 662 2453 Petrus
682 2416 725 2453 et
747 2410 899 2453 Paulus
919 2410 1119 2468 sanguine
1170 2424 1304 2467 uoque
1324 2425 1397 2453 suo
1418 2410 1623 2467 signatum
1644 2409 1822 2466 relique-

420 2475 430 2492 ‘
449 2474 559 2511 runt.
623 2467 838 2511 Habemus
858 2474 901 2511 et
920 2467 1095 2511 Joannis
1122 2483 1147 2511 a
1164 2483 1314 2510 umnas
1330 2467 1545 2510 Ecclesias.
1607 2467 1646 2510 N
1649 2482 1715 2510 am
1743 2467 1821 2510 etsi

419 2533 429 2551 ⁸
448 2526 484 2569 A
516 2525 729 2583 ocalypsin
749 2525 836 2582 ejus
853 2525 1039 2568 Marcion
1060 2525 1231 2583 respuit,
1248 2525 1350 2567 ordo
1371 2532 1509 2568 tamen
1524 2524 1819 2582 Episcoporum

446 2540 515 2626 ad³
521 2583 722 2641 originem
745 2597 949 2633 recensus,
968 2582 1008 2626 in
1028 2584 1055 2626 J
1061 2598 1234 2626 oannem
1256 2583 1382 2626 stabit
1402 2589 1626 2626 auctorem.
1689 2581 1757 2626 Sic
1777 2587 1820 2626 et
1833 2602 1884 2635 40

419 2648 429 2665 ‘
447 2648 679 2684 ceterarum
700 2640 956 2698 generositas
977 2641 1310 2699 recognoscitur.'

478 2698 582 2742 lbid.
614 2698 639 2741 1.
661 2712 730 2764 31.
760 2698 935 2741 Joannis
964 2698 1079 2742 exitu
1108 2697 1350 2755 coronatur]
1385 2697 1562 2748 Scilicet,
1589 2695 1816 2754 Baptistae,

416 2755 552 2813 capite
572 2756 761 2799 abscisso.
797 2756 1045 2799 SEMLER.

478 2813 581 2856 lbid.
614 2813 639 2856 Ι.
671 2813 827 2871 penult.
873 2820 1125 2871 ›osteaquam
1158 2813 1199 2856 in
1230 2813 1364 2855 oleum
1396 2811 1561 2870 igneum
1592 2811 1816 2861 demersus,

415 2869 516 2913 nihil
559 2884 701 2927 pansus
735 2870 819 2929 est]
859 2829 949 2913 lloe
986 2871 1017 2912 si
1055 2885 1202 2914 revera
1237 2869 1434 2918 evenerit,
1471 2868 1581 2925 quod
1616 2868 1738 2917 solus,
1776 2867 1881 2924 ni45
