2034 3204
445 250 531 290 230
910 249 1383 292 FIRMILIANUS.

445 357 592 403 Anno
625 358 734 416 265,
760 358 952 419 Synodo
977 359 1280 405 orientalium
1305 358 1594 405 Antiochiae
1625 360 1849 405 adversus

446 433 651 480 Paulum
671 435 1035 482 Samosatenum
1059 437 1272 498 ejusdem
1296 436 1428 483 urbis
1448 436 1741 497 Episcopum
1766 437 1851 482 ha-

444 512 574 559 bitae
596 512 830 565 interfuit,
849 519 897 558 et
920 528 1097 574 magna
1119 526 1229 572 pars
1254 518 1386 567 erat;
1422 513 1472 558 in
1490 527 1587 572 qua
1610 512 1850 574 dogmatis

443 605 473 635 a
502 589 651 636 Paulo
684 590 859 636 invecti
894 589 1155 635 novitatem
1181 589 1377 649 quidem
1409 590 1672 646 damnavit,
1696 589 1851 635 homi-

443 682 553 712 nem
577 682 688 713 vero
721 666 878 727 ipsum
915 666 1201 713 sententiam
1235 682 1285 712 se
1320 672 1620 712 mutaturum
1652 666 1887 726 promit-5

443 747 623 787 tentem
662 742 889 788 damnare
936 741 1140 798 distulit,
1177 741 1238 787 ab
1282 741 1476 787 homine
1521 743 1700 788 nullius
1740 742 1851 789 fidei

443 819 682 878 deceptus,
718 833 1009 878 speransque
1046 818 1148 864 sine
1182 820 1282 865 ullo
1317 818 1564 881 religionis
1599 819 1851 878 dispendio

442 911 543 940 rem
568 895 747 955 optime
781 911 918 955 posse
942 895 1184 942 constitui.
1255 897 1439 958 Synodi
1474 896 1614 942 istius
1649 897 1852 957 epistola

442 972 671 1032 synodica
697 989 727 1018 a
751 973 995 1019 Turriano
1030 974 1239 1020 tenebris
1275 980 1413 1020 eruta
1448 980 1605 1020 exstat
1629 974 1714 1020 Gr.
1739 975 1836 1021 Lat

444 1049 623 1096 Concil.
641 1057 753 1097 tom.
773 1063 807 1096 1.
856 1050 1090 1097 Auctuar.
1112 1051 1396 1098 Bibliothec.
1415 1050 1513 1096 ΡΡ.
1535 1051 1686 1098 Paris.
1708 1053 1848 1111 1624.
1868 1078 1915 1103 10

442 1134 557 1174 tom.
585 1141 618 1174 1.
644 1144 752 1190 pag.
781 1143 890 1187 302.
961 1128 1134 1190 [Edita
1169 1130 1295 1190 apud
1327 1129 1594 1175 Concilium
1621 1128 1850 1175 Antioch.

442 1212 608 1252 contra
634 1206 840 1252 Paulum
870 1204 1250 1262 Samosatenum,
1275 1206 1327 1252 in
1351 1206 1443 1253 vol.
1466 1219 1549 1252 111.
1586 1206 1850 1267 Reliquiar.

443 1284 571 1330 Sacr.
604 1299 649 1344 p.
680 1282 815 1345 289.]
885 1284 1048 1337 Quum
1072 1300 1185 1330 vero
1216 1300 1343 1330 anno
1371 1299 1464 1343 270
1500 1286 1559 1330 ad
1597 1285 1850 1331 secundam

442 1361 691 1423 Synodum
726 1361 1077 1407 Antiochenam
1127 1363 1354 1408 adversus
1399 1363 1603 1408 eundem
1642 1361 1849 1408 Paulum

441 1441 686 1486 collectam
709 1439 802 1485 iter
824 1438 1014 1493 faceret,
1029 1445 1079 1485 et
1096 1440 1200 1501 jam
1221 1439 1430 1486 Tarsmn
1456 1455 1604 1500 usque
1628 1454 1850 1500 pervene-
1866 1461 1913 1499 15

442 1523 530 1571 rat,
555 1517 623 1563 ibi
658 1508 957 1579 grandaevus
992 1517 1225 1572 decessit3
1263 1517 1335 1563 uti
1371 1516 1554 1579 Synodi
1590 1517 1730 1563 istius
1757 1516 1851 1563 Pa—

442 1602 538 1641 tres
563 1594 611 1640 in
638 1594 789 1640 literis
814 1594 914 1640 suis
939 1594 1188 1654 encyclicis
1213 1601 1453 1641 testantur
1469 1592 1503 1640 b.
1575 1595 1753 1641 Exstat
1776 1595 1850 1641 in-

441 1678 515 1717 ter
534 1671 778 1732 Epistolas
798 1670 1110 1732 Cyprianicas
1136 1678 1154 1699 ⁰
1170 1671 1445 1718 Firmiliani
1470 1673 1529 1718 ad
1550 1671 1846 1733 Cyprianum

442 1749 677 1810 Epistola,
703 1765 732 1795 a
756 1748 1014 1810 Cyprian0‚
1038 1749 1175 1810 cujus
1205 1751 1384 1810 stylum
1418 1752 1559 1810 plane
1591 1750 1731 1810 sapit,
1755 1750 1849 1796 La-

442 1828 557 1883 tine,
582 1833 637 1873 ut
660 1827 864 1880 videtur,
892 1841 1060 1882 versa;
1097 1842 1193 1887 qua
1224 1826 1505 1874 confirmata
1529 1827 1762 1890 Cypriani
1789 1829 1848 1874 de
1863 1848 1913 1875 20

443 1903 806 1951 Haereticorum
846 1904 1099 1965 Baptismo
1135 1905 1387 1962 sententia,
1420 1905 1716 1966 Stephanum
1757 1905 1849 1952 Pa-

441 1999 552 2044 pam
577 1983 638 2030 ob
662 1983 1078 2038 inhumanitatem,
1104 1983 1366 2037 audaciam,
1392 1983 1708 2039 insolentiam,
1733 1984 1849 2030 alia-

440 2077 533 2122 que
568 2061 630 2108 ab
664 2077 719 2107 eo
753 2060 968 2122 improbe
999 2067 1136 2124 gesta
1170 2062 1335 2108 acerbe
1371 2061 1666 2125 perstringit.
1739 2061 1848 2108 Fir-

441 2138 626 2185 miliani
662 2138 821 2192 libros,
855 2154 974 2199 quos
1009 2146 1118 2199 post
1153 2155 1202 2185 se
1240 2139 1450 2200 reliquit,
1484 2139 1602 2186 citat
1638 2139 1847 2187 Basilius

442 2217 500 2263 de
525 2215 710 2278 Spiritu
729 2215 777 2262 S.
799 2231 900 2276 cap.
917 2216 1050 2270 xxix,
1067 2231 1111 2277 p.
1133 2217 1228 2275 360
1244 2232 1256 2271 ;
1280 2223 1397 2277 quot
1412 2232 1539 2271 vem,
1559 2219 1629 2263 vel
1648 2217 1844 2278 quinam
1862 2237 1910 2276 25

442 2293 623 2340 fuerint
648 2309 741 2340 non
766 2293 883 2339 dicit
899 2290 933 2339 ‘¹.

496 2419 514 2446 b
534 2419 609 2471 Ap.
634 2419 770 2457 Euscb.
794 2418 856 2456 lib.
881 2429 951 2456 vu.
974 2431 1054 2469 cap.
1074 2430 1135 2467 30.

495 2494 511 2513 (ἓ
533 2485 640 2524 (fons.
658 2484 767 2523 Fabr.
788 2483 884 2521 Bibl.
902 2483 1003 2522 Med.
1021 2488 1060 2522 ct
1077 2483 1202 2521 Infim.
1223 2483 1379 2524 Latinit.
1397 2485 1460 2523 lib.
1477 2496 1529 2524 vl.
1555 2486 1625 2524 vol.
1642 2486 1678 2524 ii.
1701 2499 1736 2537 p.
1754 2499 1842 2536 499.

496 2549 514 2577 ¹¹
537 2548 706 2602 [Videsis
726 2554 835 2588 notas
854 2549 900 2587 ud
924 2548 1135 2587 Fir-miliani
1162 2548 1402 2602 Epistolmn]
