2034 3204
343 215 407 257 IN
437 213 724 256 TERTULL.
756 212 835 254 DE
867 209 1245 254 PRAESCRIPT.
1278 210 1453 252 HAER.
1514 209 1601 253 209

257 321 303 363 Ρ.
323 333 416 376 154.
438 320 464 362 l.
489 332 556 376 25.
578 318 776 362 Hosidius
803 317 931 373 Geta]
966 317 1092 360 Liber
1120 316 1348 374 Agobardi‚
1386 317 1599 363 Vosidius,

200 377 355 427 Ursini,
392 378 582 420 osidius.
645 376 770 434 Apud
800 375 976 418 Dionem
1006 374 1201 416 scribitur
1235 378 1378 417 Γναῖος
1410 375 1432 415 ὁ
1469 375 1601 416 Σίδιος

199 435 333 484 Γέτας,
364 434 600 491 legendum,
631 438 700 476 Γν.
728 432 917 477 Ὀσίδιος.
979 433 1131 474 Fertur
1163 431 1341 474 Senatus
1371 430 1599 472 consultum

198 493 274 534 sub
307 491 479 534 Claudio
513 491 630 534 Caes.
664 491 830 539 factum,
865 490 941 533 On.
973 489 1144 532 Hosidio
1176 489 1297 538 Geta,
1331 489 1377 530 L.
1410 486 1600 543 Vagellio

161 559 184 597 5
201 550 328 598 Coss„
355 554 519 592 erutum
550 548 727 604 Neapoli
752 562 862 590 anno
891 548 990 591 Chr.
1013 560 1188 595 mnam,
1210 547 1408 588 adversus
1435 559 1510 594 eos
1529 543 1601 600 qui

198 605 438 664 negotiandi
477 619 623 648 caussa
653 605 848 648 emissent
887 604 999 661 quod
1036 604 1280 651 aedificium,
1311 609 1359 645 ut
1397 602 1601 644 diruendo

197 663 291 720 plus
305 662 575 719 adquirerent
590 677 713 719 quam
730 662 874 719 quanti
889 662 1094 705 emissent.
1121 661 1352 704 RIGALT.
1419 660 1602 702 Ovidius

198 722 314 764 citra
334 721 428 763 edd.
450 720 656 763 Rhenani.
722 721 900 763 Osidius
920 721 1030 762 Geta
1050 719 1114 762 ed.
1138 718 1267 761 Paris.
1289 724 1481 774 utraque,
1503 718 1603 759 Ovi-

199 779 299 821 dius
332 779 441 820 Geta
471 778 537 820 ed.
559 777 739 820 Franek.
770 777 841 819 ubi
870 777 1028 819 monuit
1056 776 1219 824 Junius‚
1250 775 1283 818 si
1314 789 1462 818 nomen
1495 775 1604 817 Geta

140 853 188 878 10
200 835 443 884 retineatur,
476 835 695 892 legendum
731 835 821 878 fore
861 835 904 878 Ο.
930 836 1107 885 Didius,
1137 835 1209 891 qui
1239 833 1380 876 floruit
1414 839 1603 898 tempore

202 892 377 942 Claudii,
404 892 671 949 nominatque
702 892 745 934 in
774 893 852 934 hac
881 906 929 934 re
958 892 1148 934 Dionem.
1210 890 1409 948 Alioquin
1435 890 1604 947 legisset

199 950 308 992 idem
343 951 372 992 J
375 949 494 992 unius
535 951 718 992 Ovidius
751 951 819 992 ita
853 950 1065 992 Medeam.
1142 949 1338 991 Ceterum
1379 948 1508 1004 digna
1541 953 1604 988 est

200 1021 308 1064 quae
328 1007 395 1050 hic
414 1013 667 1050 memoretur
689 1007 827 1049 Proba
848 1005 1054 1055 Falconia,
1077 1007 1130 1048 ab
1153 1006 1410 1062 Hieronymo
1431 1004 1604 1061 aliisque

201 1064 396 1107 Patribus
416 1065 597 1114 laudata,
619 1064 734 1120 cujus
761 1070 899 1107 exstat
925 1064 1163 1120 opusculum
1185 1077 1207 1106 e
1229 1063 1394 1121 Virgilii
1415 1061 1604 1105 carmini-

140 1130 188 1169 15
200 1122 278 1164 bus
313 1128 555 1178 excerptum
595 1127 638 1164 et
677 1121 976 1170 concinnatum,
1007 1121 1061 1163 ad
1102 1121 1415 1177 explicat-ionem
1447 1118 1605 1177 praeci-

201 1193 378 1236 puorum
401 1179 584 1222 locorum
607 1178 774 1222 Veteris
793 1179 835 1221 N
836 1179 983 1235 ovique
1004 1176 1271 1221 Testamenti.

260 1236 367 1279 Ibid.
399 1236 425 1279 l.
451 1237 515 1278 28.
551 1236 950 1278 Homero-centonas
980 1236 1104 1278 etiam
1135 1250 1283 1278 vocare
1313 1235 1462 1288 solent]
1500 1234 1605 1276 Sub-

201 1293 396 1336 stituerat
427 1293 647 1351 Rigaltius,
679 1294 1076 1337 Homero-centones
1110 1293 1234 1335 etiam
1270 1294 1421 1335 vocari
1459 1291 1604 1334 solent.

203 1351 343 1394 Minus
363 1357 490 1400 recte,
511 1357 558 1394 ut
578 1351 736 1408 opinor.

139 1421 190 1447 20
261 1409 308 1450 P.
331 1420 423 1465 155.
445 1408 471 1450 l.
492 1422 533 1460 4.
556 1408 640 1451 Sed
659 1406 887 1464 quaeritur,
908 1422 934 1449 a
954 1421 1035 1463 quo
1056 1407 1287 1449 intellectus
1307 1407 1606 1449 intervertatur

202 1480 359 1515 eorum,
411 1479 519 1522 quae
572 1466 627 1508 ad
678 1465 871 1508 haereses
919 1464 1089 1520 faciant]
1145 1465 1348 1507 Posuerat
1398 1463 1607 1521 Rigaltius

201 1525 395 1580 sequitur
428 1537 506 1580 pro
540 1524 614 1566 sed
648 1524 887 1580 quaeritur.
949 1523 1040 1564 Hoc
1076 1536 1174 1564 vero
1206 1536 1297 1564 cum
1331 1523 1449 1578 Lupo
1480 1527 1607 1577 atque

203 1580 424 1623 Thomasio
452 1580 653 1623 revocavi.
715 1581 860 1629 Porro,
888 1585 1116 1637 praeeunte
1147 1580 1292 1622 eodem
1320 1580 1451 1636 Lup0,
1477 1580 1608 1621 inter-

202 1646 400 1682 vertatur
413 1637 550 1694 recepi
567 1652 643 1694 pro
660 1638 770 1680 edito
786 1639 1101 1693 interpretetur,
1115 1637 1241 1703 idque
1261 1643 1430 1693 praeter
1450 1650 1607 1678 morem

140 1703 190 1742 25
205 1710 353 1746 meum,
375 1710 428 1738 ex
448 1695 686 1752 conjectura
707 1701 868 1738 tantum
891 1694 1028 1737 Latini
1051 1694 1203 1737 Latimi
1222 1709 1250 1737 a
1268 1695 1297 1737 J
1301 1695 1397 1737 unio
1423 1708 1609 1750 compro-

205 1753 314 1796 bata.
387 1753 479 1795 Hoc
513 1767 612 1796 vero
642 1753 852 1809 postulare
882 1752 1101 1795 videbatur
1132 1752 1209 1794 loci
1239 1767 1405 1801 sensus3
1449 1751 1608 1793 etiamsi

204 1811 377 1853 verbum
397 1811 655 1876 interpretor
680 1823 773 1852 eum
800 1809 963 1866 passiva
989 1809 1286 1866 significatione
1312 1810 1424 1866 apud
1445 1808 1609 1850 Tertul-

205 1867 359 1910 lianum
377 1873 600 1924 reperitur.

265 1924 370 1967 Ibid.
390 1924 417 1966 l.
441 1939 480 1978 7,
502 1924 544 1966 in
564 1924 766 1966 idolorum
788 1923 1012 1980 mysteriis]
1039 1923 1391 1980 Praepositionem
1419 1938 1446 1966 a
1467 1925 1519 1966 Ri
1552 1924 1610 1965 al-

141 1995 194 2031 30
206 1982 264 2024 tio
285 1981 474 2024 omissam
494 1995 587 2024 cum
608 1982 726 2038 Lupo
750 1986 793 2023 et
813 1980 1034 2023 Thomasio
1061 1981 1265 2023 revocavi.
1328 1981 1445 2024 Infra
1468 1939 1609 2029 bages,

205 2045 276 2072 —-‘
297 2045 383 2082 tam
414 2039 671 2082 aemulanter
702 2038 783 2081 Dei
817 2038 1041 2081 adfectavit
1080 2038 1316 2095 exprimere
1351 2040 1398 2080 in.
1429 2041 1611 2095 ueqotiis

205 2097 510 2146 idololatriae,'
531 2110 620 2153 cap.
641 2110 713 2149 40.

265 2153 371 2196 Ibid.
404 2154 431 2195 l.
454 2167 492 2209 9.
526 2153 822 2211 expositionem
858 2151 1118 2206 delictorum]
1160 2152 1228 2195 Sic
1259 2167 1336 2209 pro
1367 2155 1611 2209 expiatione

205 2212 460 2254 delictorum
485 2211 615 2268 priori
644 2210 818 2253 lectione
839 2210 1047 2267 Rigaltius
1072 2224 1096 2251 e
1116 2210 1221 2252 libro
1242 2210 1481 2267 Agobardi3
1514 2212 1610 2252 ἁπό-

143 2276 194 2316 35
209 2272 334 2310 θεσιν.
357 2269 605 2311 SEMLER.
665 2269 974 2323 Eoepiationem
995 2267 1161 2323 quidem
1189 2268 1448 2311 reduxerunt
1471 2269 1611 2324 Lupus

206 2331 252 2368 et
270 2325 527 2368 Thomasius.
589 2325 687 2374 Sed,
708 2331 755 2367 ut
775 2325 857 2367 alia
876 2339 1004 2382 opera
1023 2331 1196 2374 taceam,
1219 2325 1406 2382 Epistola
1430 2326 1500 2368 illa
1523 2326 1611 2367 Fir-

208 2382 375 2432 miliani‚
397 2397 521 2439 quam
540 2382 606 2425 his
627 2382 898 2426 collectaneis
922 2382 1140 2424 additurus
1163 2397 1266 2432 sum,
1288 2396 1367 2424 vox
1389 2383 1523 2426 altera
1542 2383 1612 2425 fir-

208 2445 359 2482 matur.
420 2439 485 2482 Ibi
514 2440 623 2482 enim
652 2446 860 2483 exstat-‘
875 2454 958 2482 non
987 2439 1139 2482 ablutis
1169 2454 1244 2496 per
1269 2439 1478 2483 Ecclesiae
1501 2441 1612 2483 lava-

211 2503 221 2520 ‘
243 2511 358 2539 crum
378 2496 579 2547 sordibus,
601 2511 677 2539 nec
725 2498 882 2540 eccatis
902 2498 1132 2553 capacitis?
1154 2511 1244 2554 cap.
1268 2509 1330 2553 15.

146 2568 198 2603 40
269 2553 376 2597 Ibid.
398 2554 425 2596 l.
444 2567 507 2596 10.
529 2559 572 2597 et
591 2554 625 2596 si
644 2568 670 2596 a
700 2554 780 2596 huo
803 2554 940 2596 initiat
959 2554 1136 2608 Mithra]
1163 2554 1306 2596 Habet
1329 2562 1369 2597 et
1398 2556 1439 2596 εἰ
1468 2556 1613 2597 adhuc

210 2611 404 2654 meminit
437 2612 644 2660 Mithrae,
679 2611 884 2667 probante
916 2611 1057 2659 Junio,
1094 2611 1158 2652 ed.
1191 2611 1397 2668 princeps.
1470 2612 1613 2654 Edidit

212 2667 432 2726 Rigastius,
463 2676 503 2711 et
537 2669 578 2710 εἰ
611 2669 756 2710 adhuc
789 2669 978 2717 memini,
1009 2669 1194 2710 Mithra.
1255 2669 1407 2711 Exstat
1436 2683 1535 2710 vero
1569 2669 1612 2711 in

210 2726 276 2768 ed.
309 2725 455 2768 ultima
489 2724 682 2767 Rhenani
717 2730 760 2768 et
792 2725 836 2766 in
870 2725 935 2767 ed.
969 2730 1147 2781 utraque
1183 2725 1314 2767 Paris.
1351 2732 1394 2768 et
1430 2726 1611 2768 Franek.

211 2791 251 2826 et
284 2784 348 2826 sic
387 2784 532 2825 adhuc
569 2783 722 2825 initiat
759 2782 980 2831 Mithrae;
1016 2783 1090 2824 sed
1125 2783 1359 2825 Delacerda
1391 2788 1436 2825 et
1471 2785 1613 2840 Lupus

147 2851 199 2891 45
213 2840 538 2896 Thomasiusque
577 2841 618 2883 si
656 2854 732 2896 pro
774 2841 838 2882 sic
878 2846 1116 2897 posuerunt.
1199 2841 1291 2882 Hoc
1334 2841 1512 2897 denique
1551 2856 1613 2884 se-

270 2911 352 2940 von
387 2911 414 2939 1.
996 2911 1021 2938 p
