2034 3204
417 227 469 266 21
477 228 503 267 4
884 227 1345 272 ANNOTATIONES

415 330 639 373 tentiarum
671 331 772 373 ordo
804 332 990 374 revocari
1023 332 1189 382 debeat,
1225 346 1356 389 aeque
1386 339 1525 375 tamen
1560 331 1821 374 scribendum

415 388 538 437 foret,
558 389 633 431 sed
652 403 785 444 quum
803 403 876 432 vos
895 391 1134 432 crederetis.

475 446 523 487 P.
544 458 556 485 ι
565 459 637 501 59.
663 446 691 487 l.
717 459 779 488 10.
800 446 871 502 qui
901 447 1151 496 exorbitant,
1182 453 1225 490 et
1254 447 1351 489 fidei
1377 446 1570 489 veritatis·
1594 445 1822 502 periculum

416 517 499 544 non
544 501 712 560 cavent]
755 503 997 561 Legendum
1043 505 1218 560 putabat
1255 504 1408 547 Junius
1433 505 1535 559 fide,
1572 518 1656 545 non
1680 503 1791 557 fidei
1805 519 1822 552 ,-

417 565 636 616 exstatque
665 560 708 602 in
742 560 833 616 ipsa
866 561 990 617 hujus
1028 561 1155 603 libelli
1190 561 1384 611 clausula,
1420 575 1543 617 quam
1578 567 1673 617 post
1706 562 1736 604 J
1738 560 1823 603 unii
1837 565 1862 605 5

417 623 607 673 tempora
636 617 844 674 Rigaltius
873 617 1037 675 adjecit,
1059 618 1210 660 locutio
1240 620 1288 661 in
1300 619 1394 673 fide
1415 620 1628 668 veritatis,
1690 619 1824 661 Porro

417 674 559 717 scribit
581 675 624 717 S.
647 675 800 717 Paulus
824 677 869 717 ἐν
896 676 1080 731 ἁγιασμῷ
1110 677 1343 727 πνεύματος,
1371 675 1436 718 καὶ
1461 676 1593 718 πίστει
1623 677 1823 729 ἀληθείας,

421 745 445 774 2
467 732 611 774 Thess.
632 731 675 773 ii.
698 745 759 788 ¹3·
825 733 1093 789 Quapropter
1116 732 1250 775 locum
1277 732 1337 775 ita
1361 732 1467 775 refin
1498 747 1536 784 0,
1557 734 1634 788 qui
1660 734 1825 776 exorbi-

420 797 559 832 tantes
568 790 660 844 fide
674 791 886 839 veritatis,
897 791 1143 846 periculum
1157 805 1241 833 mm
1260 798 1422 833 cavent.
1501 795 1688 832 aeterum
1707 790 1824 839 illud,

419 848 541 902 capit
552 848 742 902 opinari,
756 861 834 903 pro
849 861 898 891 eo
911 847 1023 903 quod
1034 853 1110 897 est,
1116 856 1258 903 potest
1263 849 1382 902 fieri,
1396 855 1444 890 ut
1458 848 1572 890 talia
1584 848 1825 903 opinentur,
1843 865 1892 891 10

419 905 497 960 qui
515 904 801 947 exorbitantes
820 904 898 947 διο.
918 919 1034 946 more
1055 904 1301 947 Tertulliani
1321 910 1384 948 est
1403 904 1594 961 positum.

479 960 586 1003 Ibid.
618 960 646 1003 l.
675 963 736 1004 16.
770 961 895 1004 etiam
925 962 1160 1018 specialiter
1189 962 1434 1018 quibusdam
1463 960 1824 1018 respondebimus]

422 1019 514 1060 Hoc
548 1033 648 1061 vero
682 1018 892 1075 praestitit
932 1019 1048 1062 libris
1085 1020 1286 1062 adversus
1325 1019 1593 1071 Marcionem,
1628 1019 1828 1062 adversus

423 1075 746 1125 Valentinianos,
777 1077 977 1119 adversus
1007 1078 1213 1120 Praxeam
1246 1077 1322 1119 &c.
1387 1077 1562 1119 Minime
1595 1083 1735 1119 autem
1764 1091 1827 1119 se—

421 1133 565 1190 quenti
594 1134 802 1190 opusculo,
833 1148 929 1176 nam
960 1149 1009 1176 eo
1039 1140 1202 1178 tantum
1235 1134 1470 1178 indicantur
1504 1135 1712 1184 haereses,
1744 1149 1826 1177 non
1845 1145 1893 1184 15

421 1191 702 1234 confutantur.
739 1191 976 1234 RIGALT.

482 1248 590 1291 Ibid.
624 1249 741 1291 Haec
780 1249 823 1291 in
861 1249 943 1291 fide
984 1249 1170 1291 veritatis
1209 1249 1299 1306 &c.]
1341 1250 1475 1292 Voces
1510 1263 1639 1305 usque
1674 1248 1729 1291 ad
1767 1248 1829 1291 ul-

422 1306 567 1348 timum
597 1307 770 1348 verbum
802 1307 1000 1363 Eaplicit
1035 1306 1193 1363 primus
1226 1306 1388 1350 addidit
1423 1306 1631 1363 Rigaltius
1664 1305 1708 1348 in
1743 1305 1829 1348 edi-

422 1363 535 1406 tione
574 1378 650 1406 sua
688 1363 889 1406 librorum
929 1379 1075 1406 novem
1116 1364 1376 1407 Tertulliani.
1456 1365 1550 1407 Hae
1589 1378 1688 1406 vero
1734 1363 1829 1406 ideo

422 1421 596 1463 omissae
629 1435 718 1463 esse
750 1420 793 1463 in
822 1421 962 1464 multis
994 1421 1211 1464 Codicibus
1241 1422 1448 1474 videntur,
1485 1427 1532 1464 ut
1561 1421 1706 1464 melius
1735 1435 1827 1464 cum
1844 1435 1894 1461 20

423 1479 501 1522 hoc
531 1493 658 1535 opere
688 1479 932 1522 cohaereret
962 1479 1136 1529 libellus,
1165 1479 1217 1522 de
1247 1494 1329 1536 quo
1359 1479 1466 1521 illico
1496 1479 1647 1522 dicturi
1675 1493 1830 1521 sumuS.

425 1537 475 1579 In
495 1536 678 1578 clausula
705 1542 845 1579 autem
872 1536 965 1588 ista,
986 1537 1110 1580 Haec
1139 1538 1187 1579 in
1207 1538 1298 1592 fide
1327 1538 1527 1580 veritatis
1556 1538 1598 1579 ci
1604 1568 1827 1579 ............

425 1594 656 1650 leyentibus
679 1609 777 1649 pax
811 1602 850 1636 et
882 1596 1036 1650 qratia
1066 1595 1246 1637 Domini
1281 1596 1419 1637 nostri
1447 1595 1553 1637 Jesu
1587 1594 1754 1636 Christi
1781 1595 1831 1636 in

424 1659 657 1700 aeternum,
678 1651 827 1693 lacuna
846 1651 924 1693 hoc
945 1651 1010 1694 vel
1035 1651 1115 1693 alio
1142 1651 1320 1707 quodam
1348 1652 1468 1694 modo
1495 1651 1725 1708 supplenda
1751 1656 1829 1702 est,

424 1710 540 1751 citra
560 1709 882 1751 cavillationem
903 1710 1145 1765 leyentibus.
1846 1717 1895 1756 25

484 1780 649 1808 comm
681 1779 942 1808 mammos
977 1767 1189 1820 nxpmcir]
1227 1766 1270 1808 in
1307 1766 1458 1810 Codice
1494 1766 1709 1824 Agobardi
1748 1780 1831 1808 non

426 1823 537 1866 ultra
567 1823 708 1881 pergit
741 1823 847 1866 liber
877 1824 943 1866 Dc
975 1823 1304 1889 Praescriptione
1335 1823 1665 1873 Haereticorum,
1697 1837 1832 1880 neque

426 1881 510 1923 ulla
529 1881 576 1924 fit
595 1880 749 1924 mentio
770 1881 978 1937 sequentis
998 1882 1195 1938 opusculi,
1216 1882 1327 1938 quod
1347 1881 1502 1947 incipit,
1524 1882 1713 1933 Quorum
1732 1882 1833 1924 hae-

424 1940 668 1989 reticorum,
689 1947 738 1981 uc
758 1940 897 1995 plura
911 1947 1186 1995 praeteream
1212 1939 1290 1981 &c.
1351 1939 1408 1982 Et
1429 1939 1585 1996 jacebit
1612 1937 1830 1993 ἀκέφαλον,

426 1996 502 2038 nisi
531 1996 703 2039 dicimus
723 1996 779 2038 sic
799 2011 826 2039 a
846 1996 1102 2039 Tertulliano
1123 1997 1330 2039 adnexum
1350 1996 1475 2039 fuisse
1495 1996 1611 2053 operi
1632 1996 1684 2039 de
1706 1996 1831 2039 Prae-
1844 2010 1897 2048 30

425 2053 647 2110 scriptione
678 2054 1008 2102 naereticorum,
1040 2060 1087 2097 ut
1116 2069 1166 2097 eo
1195 2054 1398 2104 absoluto,
1428 2069 1554 2111 quum
1583 2053 1731 2110 aliquis
1759 2053 1833 2096 ad-

426 2111 655 2168 scripsisset
682 2113 727 2153 Ε
785 2112 879 2154 licit
905 2113 957 2155 de
981 2113 1334 2168 Praescriptione
1361 2112 1701 2161 Haereticorum,
1722 2111 1831 2154 idem

426 2169 610 2226 quisquis
640 2169 708 2211 ille
758 2169 878 2219 uerit,
907 2169 995 2225 ejus
1025 2169 1116 2212 aevi
1143 2169 1333 2227 scriptor,
1360 2184 1437 2226 pro
1474 2169 1593 2212 titulo
1623 2168 1832 2225 sequentis

427 2226 611 2283 opusculi
641 2226 863 2282 subjecerit
889 2227 1078 2278 Quorum
1108 2228 1448 2276 haereticorum;
1478 2227 1652 2270 daturus
1678 2225 1833 2270 scilicet

427 2284 660 2341 catalogum
683 2299 839 2333 eorum,
861 2298 964 2350 quos
984 2285 1170 2350 generali
1190 2284 1512 2341 praescriptione
1533 2284 1832 2327 submovendos
1845 2294 1896 2335 35

428 2348 635 2391 censcret3
656 2356 705 2383 ac
718 2341 867 2383 deinde
880 2341 1049 2398 incipiat
1062 2342 1314 2398 opusculum,
1335 2343 1469 2385 Taceo
1482 2343 1594 2385 enim
1605 2342 1833 2385 ‚Iudaismi

429 2401 674 2448 haereticos,
695 2399 806 2455 quod
837 2398 987 2441 idcirco
1019 2399 1153 2455 portio
1180 2414 1228 2442 ac
1253 2399 1420 2456 sequela
1447 2398 1732 2455 praecedentis
1759 2399 1831 2441 ha—

430 2458 591 2508 beatur,
620 2463 923 2513 propterczuluo
955 2456 1096 2499 nullibi
1125 2457 1293 2500 citatum
1321 2457 1374 2499 ab
1403 2457 1579 2499 authore
1610 2456 1832 2513 separatim

430 2514 677 2571 reperiatur.
739 2513 868 2557 Stilus
897 2520 1010 2557 certe
1042 2529 1121 2556 non
1153 2514 1348 2556 absimilis
1378 2514 1542 2557 videtur
1564 2513 1828 2571 Septinliano.

435 2572 478 2614 ln
521 2571 764 2628 quibusdam
817 2586 915 2614 voro
965 2572 1270 2628 exemplaribus
1319 2572 1532 2629 praecedit
1582 2571 1730 2614 librum
1780 2571 1832 2614 dc
1847 2590 1898 2624 40

436 2631 618 2671 l'racscr.
645 2629 970 2671 llam-eticorum.
1003 2629 1240 2672 RlGALT.
1302 2629 1359 2679 Si,
1382 2636 1428 2672 ut
1455 2629 1677 2686 opinantur
1699 2629 1833 2671 Allix-

433 2687 507 2735 ius,
533 2687 782 2734 Noesscltus.
808 2687 972 2743 aliique,
1003 2693 1095 2744 post
1125 2687 1368 2729 'l'ortullinni
1400 2687 1439 2730 la
1454 2703 1557 2729 isnin
1588 2686 1835 2743 compositus

434 2744 510 2786 fuit
533 2745 595 2786 hic
617 2745 721 2786 libor
742 2745 794 2787 do
820 2744 1160 2801 l'raescriptiono,
1184 2745 1277 2787 hinc
1306 2759 1404 2788 sanc
1432 2703 1514 2787 duo
1539 2744 1604 2787 isti
1633 2749 1834 2787 tractatus

434 2802 614 2843 ‹fivvmn-
665 2809 852 2844 auctores
904 2802 1080 2845 habeant
1133 2802 1295 2844 omnino
1346 2817 1510 2845 necesso
1561 2808 1636 2844 est.
1708 2801 1834 2844 Haud
