2034 3204
395 251 462 294 IN
496 252 944 295 TERTULLIANI
979 253 1062 294 DE
1102 254 1461 295 ORATIONE.
1543 253 1622 294 181

227 364 236 380 ‘
258 373 386 415 goreo
407 357 521 416 leges
540 358 647 400 illius
674 359 797 416 regis,
818 359 980 416 profert
1006 359 1114 401 hanc
1141 373 1317 416 quoque,
1348 361 1403 402 Ut
1429 361 1629 403 sedeatur

228 422 237 438 ‘
251 424 484 472 poetquam
504 417 738 459 adoratum
744 418 891 472 fiaerit
903 433 918 466 ;
950 431 1073 473 quam
1102 416 1238 459 tribus
1265 416 1396 458 modis
1422 417 1628 474 explicat:

227 480 237 496 ⁸
260 473 373 530 quod
394 473 538 516 firmae
568 488 656 516 esse
684 474 864 517 debeant
891 488 1046 531 precea
1068 474 1476 531 permanendumque
1502 475 1556 517 sit
1587 474 1630 516 in

228 537 237 552 ⁴
259 530 375 573 bonis
387 547 400 581 ς
431 531 540 587 quod
569 531 835 574 interstitium
862 547 1016 589 ponere
1043 538 1235 589 oporteat
1265 531 1493 575 orationem
1522 532 1630 575 inter

189 596 212 635 5
227 594 237 612 ‘
259 594 302 631 et
330 588 533 631 actionem
563 595 824 638 secuturam
869 590 1062 646 quodque
1095 588 1138 631 in
1173 589 1269 639 otio,
1301 604 1384 632 non
1418 595 1557 633 autem
1588 589 1631 632 in
1704 631 1711 635 .

227 651 238 670 ‘
259 646 526 703 occupatione
565 662 614 689 ac
652 653 942 704 properanter,
978 647 1143 690 Numen
1182 647 1300 690 adire
1340 647 1500 690 deceat.
1582 648 1631 689 In

227 710 237 726 ‘
261 704 580 755 Quaestionibus
612 719 711 747 vero
741 705 953 755 Romanis,
984 711 1130 748 narrat
1164 719 1237 748 suo
1272 705 1409 748 adhuc
1443 711 1632 762 tempore

228 768 237 784 ‘
260 761 457 804 usitatum
491 762 630 812 fuisse,
663 769 710 805 ut
744 763 815 819 qui
850 763 1008 820 precati
1042 768 1181 806 esseut
1215 768 1341 820 atque
1375 763 1631 812 adorassent,

229 826 238 840 ‘
260 819 303 861 in
332 819 496 876 templis
522 826 840 876 perseverarent
866 827 909 864 et
935 820 1157 863 sederent!
1217 821 1334 863 Haec
1356 820 1439 862 ille.
1500 821 1634 863 Porro

165 893 214 919 το
227 882 372 920 notatu
400 877 441 920 ‹li
475 893 572 920 num
599 884 674 928 est,
696 878 738 920 in
766 878 955 921 manibus
981 878 1065 920 suis
1094 878 1287 921 habuisse
1314 878 1632 928 Tertullianum,

227 934 299 991 qui
319 941 433 978 certe
443 892 603 978 {iatine
630 936 807 992 scripsit,
828 950 930 993 opus
951 936 1062 992 quod
1089 950 1197 978 nunc
1223 942 1426 993 superest,
1449 936 1635 979 Hermae

229 993 444 1036 Pastorem
480 993 648 1046 dictum,
682 994 753 1050 qui
787 993 905 1043 liber,
939 1000 1108 1036 auctore
1145 993 1404 1051 Hieronymo
1440 994 1492 1036 de
1524 993 1635 1036 Viris

230 1050 384 1093 Illustr.
421 1065 520 1093 voce
559 1052 760 1101 Hermas,
801 1052 913 1108 apud
953 1052 1124 1094 Latinos
1163 1066 1295 1108 paene
1334 1052 1502 1109 ignotus
1542 1051 1635 1093 fuit.

231 1108 395 1165 Quippe
425 1108 619 1174 suspicati
649 1115 746 1152 sunt
773 1108 900 1166 aliqui
930 1109 1007 1151 viri
1038 1109 1161 1158 docti,
1190 1109 1272 1151 duo
1302 1109 1399 1151 olim
1429 1109 1636 1152 exstitisse

168 1175 215 1214 15
229 1165 317 1222 ejus
357 1166 529 1208 nominis
569 1167 777 1223 opuscula,
819 1181 843 1208 e
883 1166 1032 1223 quibus
1072 1182 1198 1209 unum
1238 1173 1369 1210 restet
1408 1182 1432 1208 e
1474 1167 1636 1210 Graeco

230 1238 407 1272 versum,
429 1223 606 1267 alterum
632 1239 730 1267 vero
760 1239 787 1267 a
815 1224 947 1267 fratre
969 1225 1031 1267 Pii
1063 1224 1240 1266 Romani
1270 1224 1463 1282 episcopi,
1486 1224 1637 1267 Latine

229 1281 404 1324 fortasse
424 1281 635 1338 scriptum,
651 1282 738 1338 jam
759 1281 945 1338 perierit.
1006 1282 1113 1325 Vide
1134 1282 1347 1338 Reliquias
1369 1283 1484 1325 Sacr.
1507 1282 1585 1324 vol.
1608 1296 1635 1323 1.

229 1353 298 1396 pp.
316 1340 820 1396 396—399‚426—430.
882 1340 959 1382 Cui
989 1340 1155 1396 quidem
1186 1339 1367 1396 opinioni
1397 1340 1535 1382 obstat
1564 1354 1638 1396 ag-

231 1397 332 1439 nitio
353 1396 489 1454 operis
509 1411 532 1438 e
554 1397 716 1440 Graeco
737 1397 857 1444 versi,
880 1397 990 1453 quod
1011 1397 1147 1440 adhuc
1168 1403 1312 1448 restat,
1334 1412 1360 1439 a
1380 1397 1638 1440 Tertulliano

169 1467 218 1492 20
232 1454 380 1497 Latino
401 1453 601 1511 scriptore
621 1454 751 1499 literis
765 1454 1021 1512 consignata.
1086 1455 1252 1497 Interea
1272 1456 1324 1497 ab
1341 1455 1450 1496 omni
1469 1454 1638 1497 concilio

231 1511 507 1554 Ecclesiarum
547 1512 840 1556 catholicarum
881 1513 989 1555 inter
1028 1528 1053 1554 a
1083 1513 1271 1570 ocrypha
1310 1519 1353 1555 ct
1392 1512 1496 1555 falsa
1535 1528 1639 1569 opus

230 1569 353 1618 istud,
375 1570 485 1626 quod
506 1575 655 1621 exstat,
671 1569 954 1627 judicabatur;
987 1528 1129 1612 eotiem
1151 1570 1360 1612 referente
1381 1570 1638 1613 Tertulliano

230 1627 272 1669 in
293 1627 398 1670 libro
419 1627 472 1670 de
492 1627 710 1676 Pudicitia,
734 1642 823 1685 cap.
848 1641 909 1670 10.

290 1686 337 1727 P.
361 1699 453 1727 111.
482 1685 510 1727 l.
537 1697 600 1737 17.
632 1685 796 1741 Angelo
830 1686 966 1739 adhuc
1000 1685 1198 1728 orationis
1233 1687 1412 1739 astante]
1453 1685 1640 1742 Angelus

170 1742 300 1791 25ille
341 1742 507 1784 Domini
546 1743 740 1799 apparuit
781 1742 1007 1786 Zachariae
1046 1751 1168 1786 stam
1210 1757 1236 1784 a
1277 1744 1440 1786 dextris
1479 1744 1640 1786 altaris

232 1802 406 1843 incensi.
429 1801 529 1842 Luc.
550 1800 575 1842 i.
598 1814 660 1842 11.
719 1800 875 1843 Attulit
894 1807 1033 1843 autem
1055 1801 1107 1842 dc
1127 1800 1428 1843 ministratione
1452 1801 1640 1857 angelica

234 1863 280 1900 ut
302 1858 342 1901 S.
357 1858 614 1915 Augustinus
634 1858 691 1900 sic
714 1858 920 1915 Rigaltius
940 1859 1073 1900 locum
1094 1858 1232 1907 Tobit,
1253 1873 1342 1915 cap.
1361 1858 1430 1900 xii.
1452 1873 1555 1900 com.
1576 1871 1639 1906 12,

233 1917 277 1959 in
296 1930 378 1972 quo
398 1915 584 1972 Angelus
613 1915 725 1965 dicit,
746 1916 808 1958 Et
836 1931 950 1959 nunc
979 1917 1155 1972 quando
1183 1917 1342 1958 orabas
1372 1924 1418 1958 tu
1448 1924 1487 1958 et
1509 1917 1639 1965 Sara,

234 1988 309 2029 eqo
335 1974 471 2016 obtuli
497 1974 733 2016 orationem
753 1982 939 2016 vestram
969 1975 1017 2015 in
1046 1982 1269 2029 conspectu
1298 1975 1522 2016 claritatis
1543 1975 1640 2016 Dei.

172 2045 223 2080 30
237 2030 356 2074 Conf.
378 2036 421 2073 et
441 2032 570 2087 Apoc.
593 2030 674 2072 viii.
691 2044 733 2087 3,
753 2045 794 2083 4.

295 2088 400 2130 Ibid.
431 2088 460 2130 l.
482 2101 546 2130 22.
579 2088 790 2131 sublimius
820 2088 953 2142 elatis]
991 2090 1101 2130 Dum
1132 2088 1306 2131 alteram
1337 2104 1477 2131 vocem
1514 2091 1643 2132 elatis

236 2146 422 2203 proxime
437 2152 691 2202 sequentem,
709 2152 754 2188 ut
775 2146 940 2188 minime
961 2146 1244 2195 necessariam,
1263 2146 1481 2189 delendam
1502 2153 1642 2190 censet

236 2203 400 2254 Junius,
421 2203 557 2246 malim
579 2218 658 2261 ego
679 2204 786 2246 hanc
807 2204 884 2246 hoc
904 2203 993 2246 loco
1013 2203 1239 2246 eliminare.

296 2262 344 2303 P.
368 2275 459 2303 112.
491 2261 516 2303 l.
542 2275 606 2304 11.
637 2261 689 2304 de
719 2276 794 2304 sua
822 2276 923 2318 pace
953 2262 1074 2304 fratri
1105 2261 1356 2318 transigere]
1396 2262 1643 2318 Repetenda

174 2330 224 2368 35
238 2324 334 2361 sunt
379 2334 429 2361 ca
468 2319 520 2361 de
560 2319 865 2376 superioribus:
917 2319 1177 2362 Christianae
1217 2319 1403 2362 caritatis
1443 2319 1642 2362 beneficio

239 2377 342 2426 ficri,
379 2384 425 2419 ut
460 2376 511 2419 de
539 2376 767 2434 jejunantis
802 2376 1041 2434 operatione
1076 2377 1230 2420 fratres
1267 2376 1391 2419 etiam
1424 2392 1505 2419 non
1537 2377 1644 2433 jeju-

241 2441 386 2477 nantes
422 2434 684 2492 participent,
725 2449 856 2491 eoque
896 2435 1094 2478 beneficio
1134 2434 1300 2484 adfecti,
1335 2435 1421 2490 jam
1463 2435 1645 2477 audeant

241 2491 472 2548 transigere
502 2507 593 2534 cum
618 2493 848 2549 jejunante,
884 2493 944 2535 ita
980 2498 1026 2535 ut
1063 2507 1139 2550 pro
1175 2492 1472 2535 communicato
1496 2491 1645 2549 jejunii

242 2549 389 2592 merito
429 2550 540 2615 pacis
579 2565 678 2592 suae
715 2550 976 2592 Christianae
1011 2550 1190 2607 gratiam
1227 2556 1370 2591 mutua
1404 2549 1645 2606 pensatione

178 2625 228 2659 40
242 2613 551 2650 communicent.
614 2607 846 2650 RIGALT.

302 2663 405 2706 Ibid.
457 2665 481 2706 l.
518 2677 586 2720 33.
641 2671 684 2707 et
732 2665 959 2720 reservato]
1018 2665 1154 2706 Variis
1204 2665 1256 2706 de
1306 2665 1437 2706 causis
1486 2670 1646 2707 veteres

244 2721 468 2764 Christiani
489 2736 635 2778 panem
657 2722 971 2764 eucharisticum
993 2722 1104 2778 apud
1128 2737 1173 2764 se
1201 2736 1417 2764 reservare
1443 2722 1644 2765 solebant.

243 2780 379 2823 Causa
418 2779 656 2822 reservandi
696 2779 762 2821 hic
802 2779 913 2822 dicta
952 2786 1091 2821 utrum
1136 2779 1232 2822 alibi
1273 2786 1540 2831 memoretur,
1581 2795 1646 2822 me

245 2837 360 2880 latet.
1502 2856 1506 2859 ·

182 2901 231 2939 45
304 2895 350 2936 P.
371 2908 462 2952 113.
481 2895 504 2935 l.
524 2896 562 2936 6.
588 2895 650 2936 Dc
678 2894 821 2937 habitu
851 2910 947 2937 vero
969 2895 1172 2952 duntaxat
1199 2894 1642 2951 feminarum—quasi]
