2034 3204
675 258 758 300 DE
799 257 1287 301 MORTALITATE.
1598 259 1675 300 281

279 367 411 422 dicit,
434 365 567 414 Mihi
600 368 749 415 vivere
781 365 996 416 Christus
1030 373 1109 424 est,
1135 373 1176 414 et
1210 367 1332 414 mori
1365 365 1577 420 laentum
1612 370 1684 415 lu·
1695 385 1782 417 Phil.
1802 385 1822 417 i.
1840 393 1891 416 αι.

279 461 414 491 crum
436 445 698 492 maximum
724 452 1005 506 computans
1030 446 1135 508 jam
1159 445 1335 492 saeculi
1367 445 1551 506 laqueis
1588 462 1682 492 non

279 522 448 578 teneri,
467 523 570 584 jam
597 522 742 569 nullis
778 523 982 585 peccatis
1010 530 1060 570 et
1083 523 1213 570 vitiis
1237 523 1394 570 carnis
1423 523 1684 570 obnoxium

278 599 396 654 fieri,
434 606 712 660 exemptum
751 601 984 662 pressuris
1021 601 1322 663 angentibu8‚
1358 607 1407 646 et
1442 601 1685 647 venenatis

241 678 265 717 5
278 676 455 723 diaboli
481 677 698 724 faucibus
723 677 990 732 liberatum,
1009 680 1070 725 ad
1093 678 1325 725 laetitiam
1345 678 1515 724 salutis
1534 685 1686 724 aeter·

278 770 367 801 nae
391 752 586 800 Christo
610 762 806 801 vocante
832 756 1078 816 proficisci.

345 830 406 878 V.
442 830 642 877 Atenim
666 833 898 892 quosdam
931 840 1088 879 movet
1117 833 1244 894 quod
1280 832 1544 893 aequaliter
1574 848 1680 879 cum
1697 846 1819 887 Inepta
1834 849 1886 878 est

280 909 556 955 Gentilibus
588 916 773 955 nostros
817 910 971 956 morbi
1004 910 1143 956 istius
1173 910 1389 956 valitudo
1422 910 1651 970 corripiat
1668 925 1680 965 ;
1696 890 1853 965 ἓῖἷῗέᾆ-

278 986 416 1046 quasi
452 988 511 1032 ad
549 987 638 1032 hoc
675 986 931 1033 crediderit
962 987 1268 1034 Christianus
1306 994 1361 1034 ut
1392 988 1621 1034 immunis
1657 988 1877 1062 agssfflhm

219 1077 266 1102 10
279 1071 501 1111 contactu
539 1066 787 1117 malorum,
823 1066 1004 1110 mundo
1038 1071 1086 1110 et
1122 1064 1311 1111 saeculo
1343 1065 1547 1111 feliciter
1582 1081 1687 1126 per-
1698 1064 1892 1151 ggssfflgffiss

278 1142 484 1198 fruatur,
508 1148 555 1188 et
584 1158 680 1188 non
709 1143 871 1188 omnia
902 1143 978 1189 hic
1007 1144 1208 1189 adversa
1239 1158 1487 1204 perpessus
1517 1144 1576 1188 ad
1612 1143 1687 1189 fu·
1893 1135 1901 1143 ⁶

279 1225 437 1265 turam
474 1219 707 1265 laetitiam
743 1226 1023 1266 reservetur.
1095 1220 1260 1265 Movet
1291 1221 1522 1280 quosdam
1559 1221 1686 1280 quod

279 1297 344 1342 sit
393 1296 532 1343 nobis
579 1312 688 1342 cum
734 1297 900 1343 ceteris
947 1297 1229 1346 mortalitas,
1263 1297 1358 1343 ista
1402 1297 1685 1343 communis.

279 1373 409 1428 Quid
432 1373 559 1420 enim
594 1373 731 1420 nobis
766 1374 817 1420 in
852 1375 942 1420 hoc
971 1375 1151 1420 mundo
1174 1390 1270 1420 non
1299 1390 1549 1420 commune
1577 1390 1687 1421 cum

219 1450 459 1505 15ceteris,
483 1451 714 1511 quamdiu
738 1452 893 1498 adhuc
918 1452 1179 1498 secundum
1205 1454 1357 1514 legem
1387 1452 1571 1512 primae
1605 1468 1688 1499 na-

278 1527 482 1574 tivitatis
519 1535 681 1575 manet
726 1543 836 1575 caro
875 1529 967 1574 ista
1006 1529 1311 1576 communis?
1365 1529 1688 1589 Quoadusque

279 1604 387 1650 istic
420 1604 472 1650 in
507 1607 685 1651 mundo
720 1622 902 1661 sumuS‚
937 1623 1046 1653 cum
1081 1623 1252 1670 genere
1286 1608 1498 1653 humano
1532 1608 1688 1654 carnis

278 1683 564 1742 aequalitate
582 1683 934 1745 conjungimur,
959 1684 1135 1744 spiritu
1159 1700 1450 1746 separamur.
1517 1685 1687 1745 Itaque

279 1761 426 1807 donec
467 1760 778 1823 corruptivum
827 1761 954 1807 istud
992 1761 1155 1808 induat
1203 1763 1607 1825 iucmruptionem,
1646 1769 1715 1809 et1
1735 1776 1810 1809 cor.
1829 1787 1884 1810 xv.

218 1855 268 1881 20
281 1836 469 1884 mortale
526 1836 610 1884 hoc
665 1838 864 1900 accipiat
922 1839 1323 1896 immortalitatem,
1369 1848 1417 1887 et
1475 1841 1686 1902 Spiritus
1700 1828 1753 1861 ⁵3'

278 1930 364 1961 nos
411 1916 638 1975 perducat
677 1917 736 1962 ad
774 1916 930 1962 Deum
974 1918 1182 1970 Patrem,
1223 1934 1531 1978 quaecunque
1576 1926 1691 1964 sunt

279 1992 435 2038 carnis
471 1992 772 2038 incommoda
806 2000 919 2039 sunt
954 1994 1091 2040 nobis
1125 2011 1235 2041 cum
1270 1995 1483 2042 humano
1516 2011 1689 2058 genere

278 2069 565 2115 communia.
636 2070 714 2116 Sic
738 2085 889 2130 quum
917 2071 1050 2118 foetu
1083 2072 1235 2118 sterili
1263 2079 1390 2119 terra
1408 2073 1578 2135 jejuna
1602 2081 1689 2127 cst,

281 2146 519 2193 neminem
543 2147 693 2194 fames
718 2155 920 2208 separat.
961 2149 1038 2195 Sic
1062 2165 1212 2210 quum
1235 2150 1501 2210 irruptione
1527 2151 1689 2196 hostili

218 2234 266 2274 25
280 2223 448 2270 civitas
489 2225 651 2285 aliqua
686 2241 902 2285 possessa
936 2233 1022 2281 est,
1059 2242 1222 2273 omnes
1260 2227 1403 2273 simul
1438 2228 1690 2288 captivitas

281 2307 452 2348 vastat.
524 2302 593 2348 Et
627 2304 820 2362 quando
855 2304 1056 2349 imbrem
1094 2304 1259 2350 nubila
1295 2320 1461 2351 serena
1495 2321 1692 2366 suspen-

281 2379 419 2432 dunt,
454 2379 675 2426 omnibus
713 2380 900 2427 siccitas
939 2396 1036 2427 una
1074 2389 1158 2428 est.
1232 2379 1299 2428 Et
1333 2398 1483 2442 quum
1519 2399 1691 2430 navem

282 2456 531 2514 scopulosa
571 2472 686 2502 saxa
723 2458 1072 2520 constringunt,
1114 2459 1455 2522 navigantibus
1497 2460 1691 2507 naufra-

281 2531 417 2592 gium
452 2532 554 2578 sine
590 2534 867 2594 exceptione
905 2551 1155 2583 commune
1190 2544 1275 2583 est.
1347 2538 1415 2584 Et
1446 2540 1691 2584 oculorum

218 2622 270 2658 30
282 2613 431 2667 dolor,
455 2619 503 2659 et
526 2614 733 2675 impetus
757 2615 977 2671 febrium,
997 2624 1043 2663 et
1068 2619 1285 2665 omnium
1310 2619 1522 2665 valitudo
1545 2636 1693 2666 mem-

283 2690 476 2736 brorum
513 2706 621 2737 cum
660 2693 829 2739 ceteris
869 2695 1135 2742 communis
1176 2703 1247 2742 est
1286 2697 1425 2743 nobis
1462 2698 1693 2758 quamdiu

282 2772 503 2825 portatur
526 2766 576 2812 in
601 2770 789 2814 saeculo
812 2785 923 2816 caro
946 2771 1040 2817 ista
1063 2774 1341 2820 communis.
1413 2774 1693 2828 Quinimmo

283 2841 324 2888 si
361 2858 457 2902 qua
497 2844 778 2898 conditione,
814 2863 910 2907 qua
956 2850 1057 2912 lege
1099 2851 1352 2898 crediderit
1388 2852 1693 2898 Christianus
