1988 3216
356 203 412 245 74

863 202 906 244 S.
938 201 1255 244 HIPPOLYTI

353 316 438 362 τοῦ
470 309 913 378 δημιουργήσαντος
936 309 1157 378 ἔμπειρον
1181 312 1259 362 καὶ
1289 308 1626 377 ἀνεκδιήγητον
1650 311 1759 381 τέχ-

354 418 459 460 νην,
482 393 644 460 ἀλλ’ἢ
671 394 819 460 μόνον
849 397 1033 463 ὁρῶντα
1061 399 1180 447 νοεῖν
1206 397 1283 447 καὶ
1307 393 1563 458 πιστεύειν,
1593 394 1664 448 ὅτι
1689 396 1764 464 ἔρ-

353 502 444 546 γον
470 483 598 532 Θεοῦ
634 479 900 548 ἄνθρωπος.
962 481 1082 548 Περὶ
1115 479 1163 531 δὲ
1194 477 1359 546 Λόγου
1384 478 1571 546 γε’νεσιν
1597 478 1760 547 ζητεῖς,

354 564 498 633 ὅνπερ
521 566 775 630 βουληθεὶς
806 567 832 617 ὁ
859 563 983 621 Θεὸς
1011 563 1184 633 Πατὴρ
1207 564 1457 631 ἐγέννησεν
1492 567 1557 620 ὡς
1586 566 1761 632 ἠθέλη-

353 671 471 713 σεν;
515 651 593 702 Οὐ
625 649 722 718 γὰρ
745 649 975 717 αὔταρκές
1010 673 1092 702 σοι
1125 651 1258 702 ἐστὶν
1281 653 1446 715 μαθεῖν
1473 649 1543 702 ὅτι
1577 649 1764 716 κόσμον
1778 672 1800 711 5

354 736 380 786 ὁ
406 732 530 790 Θεὸς
565 735 802 800 ἐποίησεν·
845 733 981 786 ἀλλὰ
1018 736 1094 786 καὶ
1131 733 1276 786 πόθεν
1312 734 1548 799 ἐποίησεν,
1580 737 1765 806 τολμᾷς

352 819 608 886 ἐπιζητεῖνς
653 817 683 884 ἢ
711 820 795 871 οὐκ
820 818 1046 887 αὔταρκές
1069 842 1151 871 σοι
1182 820 1317 871 ἐστὶν
1340 822 1523 883 μαθεῖν,
1552 818 1624 872 ὅτι
1648 818 1766 876 Υἱὸς

354 909 482 958 Θεοῦ
519 928 601 956 σοι
637 903 911 975 ἐφανερώθη
950 907 1014 960 εἰς
1055 904 1318 972 σωτηρίαν,
1355 902 1438 955 ἐὰν
1475 904 1760 974 πιστεύσῃς,

353 988 487 1041 ἀλλὰ
516 992 593 1042 καὶ
626 994 730 1045 πῶς
753 988 978 1056 ἐγεννήθη
1015 987 1137 1042 κατὰ
1164 993 1378 1054 Πνεῦμα,
1407 995 1761 1057 πολυπραγμο-

354 1078 474 1138 νεῖς,
524 1077 620 1128 Καὶ
657 1073 746 1140 τὴν
782 1073 868 1140 μὲν
905 1073 1027 1127 κατὰ
1064 1072 1226 1142 σάρκα
1262 1073 1491 1141 γέννησιν
1528 1075 1673 1128 αὐτοῦ
1710 1076 1766 1128 οὐ
1782 1100 1830 1128 10

351 1160 566 1216 πλείονες
597 1158 949 1225 ἐπιστεύθησαν
983 1157 1312 1226 διηγήσασθαι
1349 1157 1482 1224 πλὴν
1507 1158 1608 1212 δύο.
1670 1161 1766 1213 Καὶ

352 1243 419 1297 σὺ
455 1246 641 1315 τολμᾷς
676 1243 903 1311 ἐπιζητεῖν
930 1243 1018 1310 τὴν
1051 1243 1172 1296 κατὰ
1202 1248 1400 1310 Πνεῦμα
1436 1242 1677 1311 διήγησιν,
1706 1244 1766 1310 ἣν

451 1329 463 1346 9
500 1331 511 1345 (
617 1332 638 1343 Α
800 1329 814 1345 Ι
1069 1327 1083 1345 Χ
1197 1330 1208 1346 )
1392 1328 1405 1346 Ι
1619 1329 1634 1347 Ι

351 1353 452 1399 παρ
489 1353 639 1401 eamq>
677 1334 907 1401 φυλαττει
948 1333 1140 1398 Πατηρ,
1181 1336 1534 1382 αποκαλυπτειν
1569 1337 1766 1395 μελλων

351 1415 456 1468 τότε
487 1414 605 1488 [fors.
626 1414 773 1488 ποτε]
803 1420 901 1471 τοῖς
928 1416 1079 1483 ἁγίοις
1105 1417 1182 1467 καὶ
1213 1412 1365 1483 ἀξίοις
1390 1416 1502 1467 ἰδεῖν
1525 1412 1581 1467 τό
1605 1413 1762 1483 πρόσ-

352 1523 485 1553 ωπον
505 1502 649 1554 αὑτοῦ
668 1519 681 1564 3
724 1499 967 1568 Αὔταρκές
992 1522 1074 1552 σοι
1099 1498 1198 1564 ἤτω
1222 1496 1278 1551 τὸ
1302 1498 1543 1567 εἰρημένον
1563 1497 1655 1551 ὑπὸ
1679 1505 1766 1552 τοῦ
1782 1527 1829 1566 15

352 1589 589 1653 Χριστοῦ·
639 1585 710 1639 ὅτι
750 1593 763 1615 ‘
783 1583 839 1637 τὸ
876 1583 1216 1652 γεγεννημένον
1253 1585 1302 1636 ἐκ
1339 1590 1425 1637 τοῦ
1466 1582 1761 1649 Πνεύματος,

351 1680 363 1703 ‘
388 1670 586 1736 Πνεῦμα
617 1670 783 1724 ἐστιν.’
840 1669 1014 1726 Καθὼς
1039 1668 1116 1721 διὰ
1149 1675 1234 1722 τοῦ
1262 1668 1528 1740 Προφήτου
1560 1666 1648 1734 τὴν
1680 1673 1765 1721 τοῦ

354 1755 518 1824 Λόγου
547 1757 775 1824 γε’ννησιν
799 1756 1049 1822 σημαίνων
1074 1754 1146 1807 ὅτι
1177 1754 1468 1822 γεγέννηται,
1497 1753 1552 1807 τὸ
1580 1752 1627 1805 δὲ
1662 1757 1765 1810 πῶς

352 1939 435 1963 cere
463 1930 586 1963 artem
615 1925 697 1975 ejus
716 1923 781 1974 qui
812 1923 964 1970 creavit,
989 1923 1028 1960 in

352 1979 588 2030 experientia
617 1985 656 2018 et
683 1991 754 2016 usu
784 1978 961 2028 positam,
991 1982 1030 2016 et

352 2047 428 2071 non
467 2033 748 2080 enarrabilem3
795 2032 861 2070 sed
905 2031 1030 2070 solum

353 2087 518 2126 videndo
556 2087 769 2138 intelligere
802 2092 840 2125 et
877 2086 1030 2125 eredere

353 2143 455 2194 quod
485 2155 581 2193 opus
606 2141 678 2179 Dei
703 2146 760 2180 est
786 2140 911 2179 homo.
970 2140 1030 2179 De

354 2197 470 2235 Verbi
509 2201 637 2235 autem
677 2194 934 2246 generationis
971 2208 1029 2232 ra-

353 2251 457 2291 tione
487 2250 648 2302 (maerin,
678 2263 754 2301 qua
782 2249 887 2287 Deus
918 2249 1031 2288 Pater

352 2318 534 2356 generare
555 2304 702 2351 voluit3
735 2303 933 2355 generavit
960 2303 1030 2341 sic-

353 2365 398 2399 ut
427 2359 558 2398 voluit.
623 2358 714 2397 Non
747 2357 840 2396 satis
869 2363 927 2396 est
959 2357 1029 2396 tibi

353 2414 449 2452 seire
472 2413 574 2466 quod
601 2412 704 2451 Deus
731 2411 915 2450 mundum
943 2424 1029 2449 eon-

353 2468 463 2515 didit,
511 2467 582 2506 nisi
631 2467 770 2505 audeas
826 2465 1028 2518 inquirere,

353 2522 546 2574 quomodo
574 2521 773 2560 condidit?
809 2520 899 2558 Non
928 2519 1029 2558 suffi-

354 2577 406 2616 eit
433 2576 500 2615 tibi
530 2589 767 2626 cognoscere,
788 2574 889 2626 quod
913 2573 1032 2612 Filius

360 2631 426 2669 Dei
461 2631 530 2670 tibi
566 2630 743 2682 apparuit
776 2629 823 2668 ad
857 2628 1030 2675 salutem,

355 2685 384 2723 ni
407 2692 533 2725 tannen
556 2685 592 2723 id
614 2684 735 2723 ‹et-odiu
753 2698 762 2731 ;
791 2683 855 2722 sed
877 2682 1032 2734 insuper

356 2739 547 2790 qumnodo
573 2739 726 2786 ,gc-nium
746 2745 802 2777 out
822 2737 1029 2776 secundum

1086 1922 1286 1973 Spiritum,
1307 1921 1454 1960 curiose
1475 1921 1659 1972 indagas?
1691 1920 1764 1960 At-

1085 1989 1159 2027 que
1192 1976 1479 2027 generationem
1518 1976 1599 2027 ejus
1632 1989 1763 2014 secun-

1085 2030 1178 2068 dum
1197 2043 1350 2069 earnem
1375 2043 1550 2069 enarrare
1577 2043 1653 2068 non
1679 2030 1763 2081 plu-

1085 2085 1191 2123 ribus
1206 2098 1320 2136 quam
1336 2085 1485 2122 duobus
1502 2084 1764 2123 concreditum

1087 2144 1155 2186 est,
1185 2145 1224 2178 et
1254 2144 1298 2178 tu
1328 2138 1444 2177 audes
1477 2138 1764 2190 generationem

1086 2194 1296 2232 secundum
1349 2193 1537 2244 Spiritum
1589 2192 1762 2240 scrutari,

1086 2261 1201 2299 quam
1230 2248 1330 2298 apud
1356 2261 1395 2285 se
1416 2247 1530 2286 Pater
1547 2251 1684 2294 servat,
1705 2259 1763 2285 re-

1087 2302 1280 2341 velaturus
1313 2306 1404 2340 tunc
1437 2301 1588 2349 sanetis,
1619 2300 1685 2352 qui
1717 2306 1763 2340 ut

1085 2356 1219 2394 faeiem
1262 2356 1343 2406 ejus
1381 2355 1536 2394 videant
1575 2354 1681 2406 digni
1725 2367 1762 2394 e-

1087 2411 1204 2449 runt?
1243 2409 1344 2448 Satis
1369 2409 1466 2448 habe
1484 2409 1587 2460 quod
1610 2423 1633 2447 a
1652 2408 1762 2448 Chri-

1084 2470 1145 2503 sto
1171 2464 1316 2503 dictum
1343 2468 1426 2502 est:
1460 2464 1600 2512 ¹¹Quod
1622 2469 1763 2502 natum

1084 2525 1136 2556 eet
1183 2532 1228 2557 ea:
1269 2518 1435 2569 Spiritu,
1478 2518 1654 2569 Spiritu&
1698 2523 1761 2565 est,

1087 2573 1187 2611 sicut
1215 2586 1283 2623 per
1311 2572 1541 2623 Prophetam
1572 2571 1763 2624 significat

1088 2627 1205 2666 Verbi
1244 2626 1529 2677 generationem
1562 2626 1664 2677 quod
1697 2638 1761 2689 ge-

1088 2682 1191 2721 nitus
1224 2686 1309 2720 ost:
1344 2681 1536 2732 quomodo
1569 2693 1670 2726 vero,
1704 2692 1761 2718 re-

1086 2741 1212 2775 servat
1241 2735 1341 2786 apud
1369 2749 1408 2774 se
1438 2735 1474 2773 in
1505 2740 1656 2785 tempus
1683 2747 1761 2773 cer-

942 2862 955 2877 *
971 2856 1049 2887 doh.
1071 2855 1111 2886 iii.
1133 2855 1162 2885 6.
