2034 3204
193 354 362 394 Apostoli-

191 407 306 428 corum
318 402 400 430 tem-

193 450 308 481 porum
326 453 378 473 ex-

191 484 350 525 emplum·

190 529 397 569 proponitur.

184 1274 264 1306 Act.
278 1274 322 1307 iv.
340 1284 390 1316 32.

180 2599 311 2634 Meroen
326 2601 380 2634 ‹le-

179 2655 270 2676 mum
288 2645 333 2676 fu-

179 2692 255 2719 tum
272 2699 342 2730 pro·

181 2732 324 2773 ponitur.

411 230 499 272 314
910 234 952 277 S.
977 234 1308 277 CYPRIANI

478 340 624 394 XIX.
661 341 953 405 Cogitemus,
993 344 1164 390 fratres
1210 345 1520 400 dilectissimi,
1560 346 1675 405 quid
1721 347 1812 393 sub

411 417 658 478 Apostolis
693 420 856 465 fecerit
892 421 1185 466 credentium
1219 423 1436 480 populus,
1460 423 1653 481 quando
1686 422 1813 468 inter

410 496 515 556 ipsa
551 497 813 556 primordia
845 498 1107 558 majoribus
1142 498 1404 544 virtutibus
1437 514 1571 545 mens
1605 499 1811 562 vigebat,

409 575 603 632 quando
641 575 933 620 credentium
976 574 1092 620 fides
1140 591 1262 621 novo
1307 577 1463 623 adhuc
1503 575 1613 622 fidei
1658 579 1812 624 calore

407 651 634 697 fervebat.
703 652 958 698 Domicilia
993 659 1108 698 tunc
1142 659 1190 699 et
1226 653 1422 713 praedia
1458 656 1808 709 venundabant,
1823 667 1846 707 5

407 736 456 774 et
485 730 852 789 dispensandam
878 730 1166 790 pauperibus
1190 731 1509 790 quantitatem
1533 731 1735 778 libenter
1756 748 1811 779 ac

407 807 605 869 largiter
654 806 902 866 Apostolis
956 808 1231 861 offerebant,
1282 814 1470 855 terreno
1521 809 1811 868 patrimonio

407 884 601 930 vendito
642 891 785 944 atque
824 885 1052 930 distracto
1091 884 1264 931 fundos
1310 885 1423 932 illuc
1471 886 1809 933 transferentes

405 962 488 1007 ubi
513 963 698 1008 fructus
722 969 946 1022 caperent
968 962 1278 1021 possessionis
1306 969 1538 1016 aeternae,
1562 963 1660 1009 illic
1684 979 1811 1009 com-

404 1046 629 1098 parantes
680 1041 844 1086 domos
894 1039 978 1085 ubi
1028 1039 1293 1100 inciperent
1339 1056 1526 1100 semper
1573 1040 1806 1086 habitare.
1825 1062 1874 1088 10

407 1116 541 1163 Talis
573 1124 687 1163 tunc
713 1117 808 1163 fuit
836 1117 889 1163 in
923 1117 1279 1177 operationibus
1314 1120 1533 1164 cumulus
1568 1117 1724 1178 qualis
1757 1117 1809 1164 in

406 1194 655 1241 dilectione
677 1210 947 1249 consensus,
972 1194 1097 1241 sicut
1128 1195 1332 1257 legimus
1363 1195 1414 1241 in
1438 1195 1577 1242 Actis
1601 1195 1810 1255 Aposto-

405 1273 588 1318 lorum:
640 1271 797 1319 Turba
831 1278 980 1319 autem
1016 1287 1172 1318 eorum
1209 1272 1289 1335 qui
1323 1271 1617 1319 crediderunt
1650 1272 1810 1319 anima

405 1365 460 1396 ac
494 1356 638 1397 mente
668 1366 763 1397 una
794 1348 995 1414 agebant,
1027 1365 1108 1398 nec
1125 1348 1233 1413 fuit
1265 1350 1387 1396 inter
1421 1348 1523 1397 illos
1558 1349 1808 1397 discrimen

404 1427 559 1482 ullum,
584 1445 666 1476 nec
699 1429 940 1491 quicquam
976 1444 1107 1474 suum
1130 1427 1406 1489 judicabant
1439 1443 1498 1474 ω’
1530 1426 1660 1474 bonis
1695 1443 1809 1490 quae
1824 1444 1871 1484 15

403 1507 469 1552 eis
503 1512 646 1559 erant,
681 1506 763 1552 sed
779 1505 983 1569 fuerunt
1024 1504 1120 1552 illis
1159 1506 1316 1552 omnia
1354 1505 1626 1552 communia.
1700 1505 1807 1552 Hoc

402 1592 475 1630 est
510 1582 764 1631 nativitate
798 1584 1004 1644 spiritali
1040 1599 1149 1630 vere
1183 1583 1276 1629 Dei
1312 1583 1433 1629 filios
1468 1582 1586 1637 fieri,
1610 1583 1700 1629 hoc
1735 1590 1807 1630 est

406 1663 508 1725 lege
531 1662 720 1708 coelesti
754 1661 1044 1722 aequitatem
1070 1660 1161 1707 Dei
1187 1660 1346 1706 Patris
1376 1660 1574 1706 imitari.
1644 1661 1808 1715 Quod-

401 1755 588 1799 cunque
626 1739 754 1785 enim
791 1739 884 1785 Dei
924 1745 996 1784 est
1032 1738 1083 1784 in
1124 1744 1287 1784 nostra
1326 1737 1637 1797 usurpatione
1682 1753 1808 1784 com-

402 1832 546 1863 mune
580 1824 665 1871 est,
691 1832 776 1863 nec
810 1816 1064 1877 quisquam
1100 1831 1129 1861 a
1154 1814 1390 1861 beneficiis
1425 1815 1528 1876 ejus
1563 1821 1612 1860 et
1643 1830 1807 1862 mune·
1822 1836 1872 1862 20

402 1894 534 1941 ribus
575 1900 764 1941 arcetur
808 1909 904 1954 quo
953 1892 1112 1939 minus
1158 1908 1297 1939 omne
1343 1893 1610 1939 humanum
1655 1908 1806 1955 genus

404 1972 615 2019 bonitate
652 1987 706 2019 ac
747 1971 970 2033 largitate
1007 1970 1172 2017 divina
1212 1970 1476 2031 aequaliter
1514 1969 1804 2030 perfruatur.

402 2049 481 2096 Sic
504 2050 767 2110 aequaliter
789 2049 890 2095 dies
920 2048 1174 2102 illuminat,
1199 2049 1269 2094 sol
1293 2047 1459 2102 radiat,
1484 2046 1638 2094 imber
1660 2047 1804 2109 rigat,

401 2134 570 2174 ventus
594 2127 807 2187 aspirat3
845 2132 892 2172 et
917 2125 1263 2172 dormientibus
1288 2140 1482 2172 somnus
1506 2140 1632 2172 unus
1655 2130 1738 2179 est,
1757 2130 1806 2173 et

400 2208 647 2252 stellarum
687 2206 910 2265 splendor
948 2219 1002 2250 ac
1044 2205 1186 2250 lunae
1225 2202 1491 2250 communis
1531 2209 1617 2249 est.
1696 2202 1804 2256 Quo
1820 2216 1868 2257 25

398 2283 702 2344 aequalitatis
737 2283 954 2342 exemplo
987 2281 1071 2342 qui
1107 2296 1346 2341 possessor
1379 2280 1431 2327 in
1455 2280 1594 2328 terris
1622 2280 1803 2329 reditus

397 2377 451 2408 ac
475 2362 660 2408 fructus
684 2376 794 2406 suos
817 2375 925 2406 cum
951 2358 1251 2405 fraternitate
1275 2357 1498 2418 partitur,
1520 2359 1636 2404 dum
1660 2357 1805 2420 largi-

399 2439 607 2485 tionibus
631 2437 856 2500 gratuitis
879 2436 1144 2483 communis
1169 2451 1222 2482 ac
1239 2436 1403 2497 Justus
1427 2441 1514 2490 est,
1532 2435 1624 2483 Dei
1644 2433 1803 2483 Patris

399 2518 614 2563 imitator
635 2523 719 2563 est.

467 2594 582 2641 XX.
619 2593 755 2648 Quae
783 2592 867 2640 illa
896 2591 1004 2647 erit,
1029 2591 1201 2638 fratres
1229 2589 1477 2645 carissimi,
1501 2590 1801 2650 operantium
1815 2607 1867 2646 30

398 2672 564 2735 gloria,
588 2686 732 2732 quam
757 2670 953 2732 grandis
978 2677 1025 2716 et
1048 2684 1237 2716 summa
1260 2667 1455 2723 laetitia,
1480 2683 1627 2729 quum
1653 2683 1803 2728 popu-

401 2754 497 2796 lum
537 2765 675 2797 suum
715 2748 950 2795 Dominus
994 2747 1201 2807 coeperit
1236 2761 1490 2797 recensere,
1529 2754 1577 2792 et
1617 2745 1799 2792 meritis

399 2836 542 2888 atquc
561 2826 783 2887 operibus
803 2825 980 2872 nostris
1000 2825 1211 2886 praemia
1230 2823 1461 2885 promissa
1478 2823 1799 2879 contribuens,
