1950 3210
779 237 1090 279 LECTORI.
1594 236 1632 277 ix

225 355 489 414 gerentur:
524 355 728 399 tantum
757 366 884 413 quos
919 351 1028 413 ipso
1053 351 1198 398 initio
1234 350 1392 398 habes
1427 351 1635 413 scripto-

226 449 319 492 reS,
345 449 430 483 eos
454 435 605 483 simul
620 435 912 498 jungendos
942 435 1129 492 censui,
1155 435 1507 497 Polycarpum,
1534 436 1633 482 Ire-

226 532 427 574 naeum,
453 517 801 580 Hippolytum,
827 533 988 581 quum
1019 518 1329 581 Hippolytus
1353 518 1632 580 discipulus

226 597 421 646 Irenaei
449 597 642 655 fuisset,
668 598 1010 662 Irenaeusque
1040 598 1393 662 Polycarpum,
1416 599 1449 646 J
1452 600 1632 647 oannis

225 679 456 742 Apostoli
479 679 798 742 discipulum,
823 680 1118 730 audivisset.

293 760 575 810 Dicendum
610 777 748 811 nunc
776 763 838 811 de
863 763 1294 812 Annotationibus
1317 778 1447 827 quas
1481 764 1658 831 adpo-o

225 843 320 892 sui.
391 844 499 894 Hae
523 845 576 893 in
599 849 778 894 textus
801 846 1157 895 emendatione
1180 847 1405 895 maxime
1430 862 1634 895 versan-

225 930 324 975 tur.
395 927 620 976 Concilia
661 929 797 976 enim
838 944 955 977 cum
997 934 1122 986 octo,
1161 930 1474 993 Cyprianum
1515 945 1634 978 vero

225 1026 343 1060 cum
367 1016 561 1075 septem
580 1011 850 1061 Codicibus
870 1012 1041 1070 MStis,
1066 1028 1226 1076 eoque
1254 1014 1383 1076 plus
1409 1014 1602 1062 contuli
1622 1034 1630 1063 :

227 1093 597 1143 Tertullianum
646 1109 712 1143 ex
758 1094 1066 1144 editionibus
1111 1096 1474 1144 vetustissimis
1530 1111 1635 1144 cor-

226 1177 351 1224 rexi.

294 1258 432 1316 Vale,
480 1260 669 1317 Lector,
711 1266 764 1309 et
810 1276 875 1308 ex
923 1261 1148 1309 utilitate
1195 1261 1378 1310 horum
1424 1276 1633 1324 operum

226 1342 444 1391 aestima
466 1346 664 1392 veteres
697 1343 825 1392 istos
857 1344 1228 1392 ecclesiasticae
1252 1345 1512 1393 doctrinae
1535 1350 1635 1393 tes-

225 1428 319 1473 tes,
387 1424 462 1473 Ne
492 1425 645 1474 citius
678 1426 953 1489 prodirent,
977 1426 1179 1475 obstitit
1210 1427 1343 1476 alius
1367 1427 1634 1490 cujusdam

224 1507 358 1556 telae
403 1511 626 1566 textura,
669 1523 800 1572 quae
845 1513 1082 1572 suscepta
1118 1509 1244 1558 mihi
1290 1526 1381 1574 pro
1419 1511 1635 1559 veritate

224 1591 469 1642 adversus
515 1597 751 1642 exterum
792 1595 1049 1658 quendam
1088 1596 1322 1644 criticum
1368 1597 1632 1659 pugnanti,

224 1677 492 1737 propterea
530 1675 710 1724 relicta
746 1679 838 1734 est,
880 1677 1001 1739 quia
1037 1681 1211 1740 partes
1254 1677 1562 1728 defensionis
1603 1695 1634 1729 a

223 1756 457 1819 pluribus
491 1762 769 1821 occupatae
803 1759 1122 1809 videbantur.

426 1913 623 1977 [1832]
