2034 3204
228 2172 336 2204 (ἷΛΡ.

192 2216 372 2248 XXXIII.

185 2643 194 2663 1
218 2633 291 2664 ('or.
314 2644 366 2665 xv.

395 262 478 301 148
863 259 1322 302 TERTULLIANI

394 371 443 416 in
481 371 804 430 episcopatum
845 370 1142 423 constitutos,
1178 369 1426 430 apostolici
1465 368 1659 414 seminis
1702 374 1798 412 tra·

392 450 535 494 duces
560 449 765 494 habeant
789 447 943 508 [sors.
970 449 1159 499 habent,
1179 445 1437 508 Latinius}
1509 445 1799 507 Confingant

393 525 488 569 tale
511 523 695 583 aliquid
722 523 959 568 haeretici.
1031 523 1161 576 Quid
1185 523 1314 568 enim
1339 523 1434 569 illis
1457 530 1564 583 post
1582 523 1800 582 blasphe-

394 602 541 647 miam
578 601 817 647 inlicitum
858 601 975 646 est?
1048 601 1155 653 Sed,
1184 602 1273 646 etsi
1311 600 1640 654 confinxerint,
1677 600 1800 646 nihil

394 680 754 739 promovebunt.
850 679 961 737 Ipsa
1014 679 1141 723 enim
1195 679 1411 724 doctrina
1464 694 1642 733 eorum,
1691 685 1838 724 cu1n5

394 757 652 815 apostolica
683 764 970 815 comparata,
997 772 1055 801 ex
1080 756 1360 802 diversitate
1391 762 1439 801 et
1467 756 1802 802 contrarietate

395 849 481 879 sua
520 834 864 893 pronuntiabit,
902 849 1053 893 neque
1091 833 1309 893 Apostoli
1348 834 1553 895 alicujus
1594 832 1802 878 auctoris

395 927 509 964 esse,
538 927 690 970 neque
725 911 1001 970 apostolici:
1038 912 1153 971 quia
1187 912 1311 957 sicut
1343 911 1566 970 Apostoli
1602 926 1697 956 non
1731 910 1804 956 di-

395 1004 531 1033 versa
586 989 711 1034 inter
761 1004 810 1034 se
856 988 1140 1039 docuissent,
1195 989 1264 1034 ita
1318 996 1365 1034 et
1410 988 1660 1048 apostolici
1707 1003 1802 1033 non

394 1066 634 1111 contraria
649 1066 894 1125 Apostolis
919 1066 1193 1117 edidissent,
1208 1066 1302 1112 nisi
1326 1066 1398 1112 illi
1413 1067 1497 1126 qui
1521 1068 1583 1112 ab
1597 1066 1803 1126 Apostoa
1822 1083 1869 1108 10

396 1144 454 1189 lis
489 1144 800 1194 desciverunt,
831 1152 879 1190 et
913 1144 1052 1190 aliter
1087 1144 1494 1204 praedicaverunt.
1566 1145 1645 1190 Ad
1682 1145 1802 1190 hanc

396 1223 558 1281 itaque
582 1224 785 1268 formam
810 1223 1195 1282 provocabuntur
1217 1223 1278 1268 ab
1302 1222 1397 1268 illis
1423 1222 1665 1276 Ecclesiis‚
1681 1238 1804 1282 quae

396 1300 506 1345 licet
547 1303 732 1346 nullum
769 1317 827 1346 ex
863 1301 1110 1360 Apostolis
1146 1302 1219 1346 vel
1255 1300 1527 1360 apostolicis
1562 1306 1803 1346 auctorem

397 1394 537 1424 suum
573 1380 831 1439 proferant,
857 1388 912 1424 ut
946 1381 1096 1424 multo
1127 1378 1424 1438 posteriores,
1449 1394 1572 1438 quae
1599 1378 1804 1437 denique

397 1456 611 1515 quotidie
647 1457 982 1517 instituuntur,
1015 1464 1175 1502 tamen
1212 1456 1261 1501 in
1297 1457 1461 1502 eadem
1494 1454 1585 1501 fide
1619 1455 1804 1515 conspi-
1822 1471 1868 1510 15

398 1541 569 1587 rantes,
603 1551 697 1580 non
734 1534 893 1580 minus
928 1534 1213 1594 apostolicae
1248 1535 1542 1593 deputantur
1574 1548 1662 1593 pro
1695 1549 1805 1579 con-

398 1612 724 1674 sanguinitate
771 1613 1027 1659 doctrinae.
1123 1612 1198 1658 Ita
1249 1628 1411 1658 omnes
1471 1613 1686 1658 haereses
1744 1614 1803 1658 ad

399 1697 653 1750 utramque
695 1692 897 1736 formam
945 1707 973 1736 a
1020 1691 1195 1736 nostris
1238 1690 1464 1736 Ecclesiis
1510 1697 1803 1750 provocatae,

399 1769 603 1828 probant
641 1784 689 1814 se
727 1784 919 1828 quaqua
960 1775 1133 1828 putant
1179 1768 1475 1828 apostolicas.
1549 1769 1640 1814 Sed
1687 1769 1804 1814 adeo

401 1862 484 1892 nec
508 1853 634 1899 sunt,
660 1862 744 1892 nec
780 1847 980 1906 probare
1013 1852 1239 1905 possunt3
1275 1847 1402 1905 quod
1438 1861 1531 1891 non
1568 1852 1693 1899 sunt,
1719 1860 1803 1891 nec
1820 1866 1869 1891 20

399 1924 697 1984 recipiuntur
720 1924 770 1969 in
795 1939 958 1983 pacem
984 1930 1031 1969 et
1053 1923 1528 1970 communicationem
1555 1924 1616 1969 ab
1641 1923 1805 1969 Eccle-

399 2002 483 2047 siis
497 2018 689 2062 quoquo
707 2003 847 2047 modo
870 2002 1167 2062 apostolicis:
1205 2001 1382 2047 scilicet
1401 2002 1463 2047 ob
1476 2001 1801 2047 diversitatem

398 2081 682 2126 sacramenti
710 2081 841 2125 nullo
867 2081 1006 2126 modo
1029 2079 1327 2140 apostolicae.

467 2156 691 2203 Adhibeo
726 2156 1007 2216 superhaec
1044 2156 1253 2216 ipsarum
1284 2156 1608 2202 doctrinarum
1646 2171 1805 2218 recog-

400 2234 644 2287 nitionem,
663 2249 785 2294 quae
810 2241 923 2280 tunc
948 2234 1037 2279 sub
1057 2234 1302 2293 Apostolis
1327 2234 1534 2287 fuerunt,
1551 2235 1612 2279 ab
1635 2233 1803 2279 iisdem
1821 2249 1868 2287 ²5

403 2312 647 2372 Apostolis
671 2319 719 2358 et
742 2313 1093 2358 demonstratae
1121 2318 1168 2357 et
1190 2312 1440 2372 dejeratae.
1515 2311 1640 2357 Nam
1666 2318 1714 2357 et
1738 2310 1804 2357 sic

400 2389 590 2436 facilius
626 2391 950 2445 traducentur,
987 2391 1101 2435 dum
1137 2397 1222 2435 aut
1256 2390 1357 2450 jam
1397 2396 1509 2436 tunc
1545 2389 1692 2435 fuisse
1726 2390 1805 2435 de-

400 2468 755 2527 prehendentur
804 2474 888 2513 aut
922 2483 980 2513 ex
1017 2467 1126 2520 inis.
1151 2483 1273 2527 quae
1303 2468 1406 2529 jam
1443 2474 1557 2513 tunc
1592 2467 1804 2521 fuerunt,

400 2545 582 2591 semina
611 2544 882 2605 sumpsisse.
958 2545 1135 2590 Paulus
1170 2544 1218 2590 in
1255 2544 1411 2604 prima
1445 2546 1503 2590 ad
1530 2544 1805 2591 Corinthios

401 2629 534 2668 notat
560 2630 807 2683 negatores
831 2630 878 2668 et
901 2622 1197 2668 dubitatores
1227 2621 1597 2668 resurrectionis.
1672 2620 1803 2666 Haec
1818 2638 1869 2675 30

399 2700 561 2760 opinio
597 2701 788 2761 propria
813 2701 1225 2747 Sadducaeorum:
1263 2707 1443 2760 partem
1470 2700 1573 2761 ejus
1606 2705 1804 2758 usurpat

403 2777 631 2829 Marcion,
667 2786 715 2824 et
751 2777 958 2838 Apelles,
994 2785 1041 2824 et
1086 2777 1385 2831 Valentinus,
1420 2784 1467 2823 et
1513 2776 1553 2823 si
1590 2775 1671 2837 qui
1720 2775 1800 2821 alii

401 2856 787 2901 resurrectionem
838 2856 993 2901 can-uis
1044 2855 1328 2917 infringunt.
1405 2854 1469 2900 Et
1510 2854 1567 2899 ad
1606 2852 1802 2899 Galatas
