1988 3216
326 215 384 258 94
742 213 1214 262 ANNOTATIONES,
1243 212 1318 254 810.

326 320 446 360 docio
455 320 680 375 fimyente,
701 322 840 376 paulo
869 329 969 363 ame
1000 329 1210 376 tanquam
1233 321 1346 362 Deus
1367 320 1614 367 honoratus,
1637 318 1732 360 inde

325 375 439 418 haud
459 376 621 420 difficile
650 377 729 420 fuit
749 378 911 421 Graeca
939 377 998 420 ita
1022 378 1258 427 emendare,
1281 379 1302 418 ὁ
1323 377 1514 430 πρότερον
1534 376 1598 418 ὑπ
1614 376 1733 418 αὐτοῦ

327 434 624 486 ἱερατευομένου
643 436 860 488 τιμώμενος
880 436 932 480 ὡς
953 437 1072 479 Θεός.

391 491 496 533 Ibid.
518 492 544 534 l.
566 494 606 534 6.
641 494 693 537 ὣς
723 494 849 548 Θεός]
899 494 1127 549 Tanquam
1156 493 1273 535 Deus
1312 493 1558 534 honoratus.
1624 491 1733 542 Quia

324 563 450 604 quum
481 555 590 592 esset
621 550 804 607 pontifex
835 550 943 593 illius
971 550 1081 601 anni,
1107 549 1372 606 prophetavit
1393 548 1587 606 caiphas,
1608 549 1768 602 Joan5

323 620 413 662 cap.
436 606 490 658 xi,
512 608 622 664 quod
643 609 767 650 Jesus
797 608 1021 650 moriturus
1051 614 1143 650 erat
1172 622 1248 673 pro
1279 612 1430 664 gente3
1461 613 1504 650 et
1531 621 1612 648 non
1641 613 1733 649 tan-

326 670 411 705 tum
440 679 516 720 pro
543 672 685 722 gente,
705 666 778 708 sed
802 671 850 707 ut
877 665 980 707 filios
1000 665 1093 716 Dei,
1115 665 1186 721 qui
1209 671 1331 707 erant
1351 664 1538 720 dispersi,
1551 679 1734 730 congre-

325 727 447 778 garet
470 721 513 763 in
540 738 691 771 unum;
725 723 884 779 quodq
885 723 1021 765 uidem
1049 723 1186 765 faeere
1213 737 1293 764 non
1322 727 1499 778 poterat,
1521 721 1597 764 nisi
1618 723 1734 765 Deus

324 785 446 821 esset.
479 755 763 823 TURRIAN.

385 836 490 879 Ibid.
512 837 540 879 l.
564 849 626 891 17.
658 839 710 882 ὡς
728 837 824 893 ζωὴ]
861 838 1011 880 Melior
1032 836 1279 894 Interpretis
1308 836 1442 886 lectio,
1467 836 1511 880 ὃς
1537 836 1626 889 ζωὴ,
1655 837 1732 880 nisi
1750 850 1798 877 10

324 894 475 936 forte
453 912 509 936 ων
530 910 605 951 pro
627 896 679 938 ὡς
698 895 972 938 scribendum.

383 952 429 993 P.
451 954 516 1006 78.
533 953 559 994 l.
580 966 642 995 10.
663 953 740 994 ὑπὸ
759 953 958 1004 ποιμένων
974 954 1255 1007 θεωρούμενος]
1283 954 1401 1005 Quae
1421 952 1488 994 hic
1506 959 1734 1008 sequuntur

324 1009 378 1051 ad
410 1010 581 1052 verbum
614 1011 703 1052 fere
733 1010 981 1053 conveniunt
1011 1025 1103 1052 cum
1136 1010 1207 1059 eis,
1237 1026 1344 1068 quae
1374 1026 1425 1053 ex
1453 1011 1496 1052 S.
1516 1011 1734 1068 Hippolyti

326 1067 529 1110 Memoria
550 1067 796 1110 Haeresium
827 1068 970 1110 laudat
999 1069 1040 1110 S.
1057 1068 1281 1111 Gelasius
1271 1084 1313 1110 m
1343 1069 1431 1110 loco
1452 1083 1574 1124 quem
1606 1069 1734 1111 habes

324 1139 451 1181 supra
471 1131 501 1168 t
518 1125 543 1167 i.
563 1141 603 1182 p.
621 1139 716 1182 225.
751 1125 858 1168 Vide
879 1132 922 1168 et
937 1141 1043 1182 quae
1060 1127 1360 1175 Theodoretus,
1378 1141 1419 1183 p.
1436 1128 1529 1169 268.
1565 1126 1732 1169 FABR.
1751 1135 1799 1174 15

326 1182 502 1225 Pror'sus
527 1190 570 1226 et
595 1184 650 1226 ad
676 1198 856 1241 unguem
887 1183 1134 1226 conveniunt
1157 1184 1311 1227 Gelasii
1338 1184 1407 1226 illa
1431 1198 1523 1226 cum
1543 1183 1604 1233 iis,
1626 1198 1733 1240 quae

323 1241 497 1297 protulit
517 1241 805 1284 Theodoretus
831 1241 874 1283 in
899 1241 1076 1299 Dialogo
1105 1242 1295 1285 Secundo
1321 1256 1372 1284 ex
1395 1241 1624 1298 Hippolyto
1645 1242 1734 1299 qui-

322 1299 430 1347 dem,
453 1299 526 1342 sed
553 1305 599 1341 ut
625 1299 776 1342 ibidem
803 1299 874 1348 ait,
897 1314 949 1342 ex
970 1300 1247 1342 Enarratione
1271 1300 1359 1356 ejus
1381 1299 1560 1342 Secundi
1581 1300 1732 1342 Psalmi

322 1356 553 1414 desumpta.
604 1357 708 1399 Falli
728 1372 830 1414 ergo
851 1357 1014 1400 videtur
1037 1357 1225 1400 Gelasius
1245 1357 1476 1400 attribuens
1496 1358 1624 1400 verba
1643 1373 1670 1400 a
1689 1373 1733 1400 se

352 1414 486 1457 rolata
515 1414 569 1456 ad
598 1414 818 1472 Hippolyti
843 1415 1086 1457 Memoriam
1116 1415 1375 1468 Haeresium,
1402 1415 1516 1471 eujus
1546 1430 1643 1472 pars
1670 1421 1734 1458 est
1749 1428 1798 1454 20

322 1429 426 1514 liaeo
446 1478 592 1515 eontra
613 1472 798 1524 Noetum
829 1473 1067 1529 disputatio,
1089 1473 1131 1515 in
1158 1488 1241 1530 qua
1271 1479 1433 1516 tantum
1462 1472 1622 1523 similia,
1651 1489 1733 1516 non

321 1529 481 1580 eadem,
503 1531 700 1573 existunt.

384 1587 487 1630 lbid
510 1587 622 1643 l.17.
654 1591 924 1640 στεφανοῦται
951 1590 1049 1630 κατὰ
1073 1587 1288 1645 διαβόλου]
1322 1587 1545 1631 Victores
1535 1603 1577 1630 111
1602 1595 1734 1632 certa—

323 1644 500 1688 minibus
527 1646 858 1695 coronabantur3
890 1645 942 1687 de
963 1659 1044 1701 quo
1071 1646 1203 1688 multa
1224 1645 1397 1688 Carolus
1423 1646 1660 1689 Paschalius
1688 1647 1733 1689 li-

323 1703 399 1745 bro
419 1708 537 1745 sexto
558 1703 610 1746 de
634 1703 820 1746 coronis.
855 1703 1023 1748 FABR.
1749 1716 1797 1754 25

384 1760 431 1802 Ρ.
456 1771 524 1816 79.
546 1761 573 1803 l
595 1774 660 1805 12.
687 1761 757 1803 τὸν
777 1762 854 1815 γὰρ
875 1760 1116 1816 κοσμήτορα]
1148 1761 1406 1827 Legendum,
1427 1762 1496 1803 τόν
1516 1778 1563 1815 γε
1587 1780 1618 1804 κ.
1641 1777 1732 1804 cum

328 1818 579 1876 Interprete‚
601 1825 646 1862 ut
667 1819 768 1862 haee
788 1818 994 1861 sententia
1014 1833 1105 1861 eum
1128 1818 1256 1875 priori
1277 1818 1567 1876 conjungatur.
