1988 3216
526 305 764 347 CONTRA
796 304 1101 346 HAERESIM
1133 304 1330 345 NOETI.

1574 301 1630 345 67

222 414 391 483 τρέχει,
433 418 509 467 καὶ
549 413 670 467 κατὰ
705 415 1029 467 Οὐαλεντῖνον
1068 416 1144 466 καὶ
1182 412 1305 465 κατὰ
1346 412 1628 480 Μαρκίωνα,

227 498 465 568 Κηρινθόν
503 523 552 552 τε
597 501 675 552 καὶ
713 504 880 553 πᾶσαν
913 497 1001 564 τὴν
1031 499 1217 551 ἐκείνων
1251 498 1514 569 φλυαρίαν,
1554 498 1631 548 καὶ

222 584 414 640 ἄκοντες
451 588 513 640 εὶς
543 591 683 638 τοῦτο
716 584 1016 653 περιέπεσαν,
1043 584 1122 635 ἵνα
1153 582 1237 636 τὸν
1268 583 1350 635 ἕνα
1384 582 1628 649 ὁμολογή-

221 692 381 722 σωσιν
418 670 567 722 αἴτιον
599 676 696 723 τῶν
726 669 936 724 πάντων·
983 670 1131 726 οὕτως
1169 669 1253 721 οὖν
1286 667 1633 737 συντρέχουσιν

185 775 207 813 5
221 756 298 806 καὶ
335 756 468 807 αὐτοὶ
504 754 570 821 μὴ
604 755 822 812 θέλοντες
853 757 912 824 τῇ
950 755 1161 824 ἀληθείᾳ,
1195 754 1278 806 ἕνα
1309 752 1437 806 Θεὸν
1475 753 1634 820 λέγειν

225 837 304 912 [an
331 838 551 907 λέγοντες
566 839 622 913 '?]
655 840 925 907 ποιήσαντα
964 842 1027 896 ὡς
1064 840 1317 906 ἠθέλησεν.
1385 839 1545 894 Οὗτος
1583 838 1633 891 δὲ

219 923 389 976 ἔδωκεν
404 924 573 990 Νόμον
599 928 676 978 καὶ
697 924 979 997 Προφήτας·
1022 926 1099 977 καὶ
1124 922 1234 980 δοὺς
1258 923 1335 976 διὰ
1351 924 1631 990 Πνεύματος

218 1010 357 1076 ἁγίου
389 1008 664 1077 ἠνάγκασεν
687 1010 883 1066 τούτους
908 1008 1229 1082 φθέγξασθαι,
1258 1009 1386 1065 ὅπως
1415 1012 1500 1075 τῆς
1533 1033 1627 1062 πα-

217 1091 374 1165 τρῴας
404 1094 642 1162 δυνάμεως
666 1094 754 1161 τὴν
779 1095 1045 1148 ἀποπνοίαν
1069 1095 1304 1157 λαβόντες
1328 1093 1416 1159 τὴν
1440 1093 1630 1159 βουλὴν

160 1206 207 1231 10
219 1181 296 1231 καὶ
320 1178 376 1232 τὸ
397 1180 582 1246 θέλημα
605 1186 691 1233 τοῦ
718 1179 913 1249 Πατρὸς
938 1181 1339 1247 καταγγείλωσιν.

297 1263 379 1328 ιβ’.
421 1267 510 1318 Ἐν
553 1266 736 1322 τούτοις
779 1267 937 1319 τοίνυν
980 1265 1344 1331 πολιτευόμενος
1395 1267 1421 1317 ὁ
1467 1264 1628 1332 Λόγος

216 1352 476 1422 ἐφθέγγετο
513 1354 620 1421 περὶ
649 1353 832 1416 ἑαυτοῦ,
860 1351 950 1418 ἤδη
985 1351 1080 1420 γὰρ
1105 1350 1246 1407 αὐτὸς
1271 1353 1439 1404 ἑαυτοῦ
1475 1351 1631 1420 κῆρυξ

215 1437 419 1505 ἐγένετο,
453 1437 673 1490 δεικνύων
706 1437 953 1503 με’λλοντα
985 1436 1148 1504 Λόγον
1171 1439 1426 1507 φαίνεσθαι
1461 1439 1511 1490 ἐν
1542 1439 1625 1489 ἀν·

216 1522 439 1591 θρώποις·
468 1522 524 1574 δι’
541 1521 600 1588 ἣν
615 1523 769 1576 αἰτίαν
789 1524 937 1579 οὕτως
957 1521 1087 1587 ἐβόα,
1107 1533 1118 1552 ‘
1134 1521 1389 1593 Ἐμφανὴς
1402 1521 1629 1590 ἐγενόμην

158 1636 172 1660 ι
181 1612 343 1670 56τοῖς
374 1607 453 1673 ἐμὲ
484 1606 551 1674 μὴ
578 1607 819 1675 ζητοῦσιν,
846 1610 1038 1676 εὖρεθην
1062 1612 1160 1664 τοῖς
1185 1606 1262 1674 ἐμὲ
1291 1606 1358 1673 μὴ
1382 1609 1624 1676 ἐπερωτῶ-

221 1700 234 1724 ‘
248 1698 365 1746 σιν.’

429 1694 517 1750 Τίς
555 1693 611 1745 δέ
638 1694 770 1746 ἐστιν
798 1696 824 1746 ὁ
857 1691 1071 1764 ἐμφανὴς
1108 1692 1358 1761 γενόμενος
1395 1693 1510 1745 ἀλλ’
1536 1691 1565 1758 ἢ
1603 1696 1629 1745 ὁ

220 1777 382 1845 Λόγος
405 1783 491 1832 τοῦ
512 1777 735 1848 Πατρός;
776 1778 831 1831 ὃν
855 1779 1179 1832 ἀποστέλλων
1208 1777 1379 1847 Πατὴρ
1403 1780 1629 1831 ἐδείκνυεν

215 1862 483 1930 ἀνθρώποις
519 1861 608 1928 τὴν
643 1863 755 1932 παρ’
789 1864 957 1917 ἑαυτοῦ
1001 1862 1245 1932 ἐξουσίαν.

1328 1866 1499 1920 Οὕτως
1545 1865 1628 1916 οὖν

214 1945 428 2019 ἐμφανὴς
453 1948 634 2015 ἐγένετο
660 1950 686 2001 ὁ
713 1947 893 2015 Λόγος,
920 1948 1076 2005 καθὼς
1100 1949 1243 2016 λε’γει·
1300 1951 1623 2019 ἀνακεφαλαι-

215 2078 292 2116 iam
324 2078 533 2116 secundum
562 2078 822 2126 Valentinum,
851 2085 891 2118 et

214 2131 461 2179 Marcionem,
500 2138 538 2171 et
575 2133 815 2180 Cerinthum,
852 2140 891 2172 et

215 2199 368 2224 omnem
409 2186 563 2224 illorum
603 2187 891 2238 nugacitatem3

214 2245 254 2278 et
281 2240 356 2278 huc
386 2240 558 2279 nolentes
587 2241 818 2289 reciderunt,
847 2247 891 2280 ut

214 2307 331 2332 unam
356 2294 528 2332 omnium
555 2308 707 2333 causam
735 2295 890 2334 confite-

213 2353 337 2387 antur.
397 2348 526 2400 Igitur
544 2349 697 2388 veritati
717 2349 890 2389 nolentes

213 2402 467 2450 consentiunt,
488 2416 569 2442 esse
597 2403 741 2443 scilicet
769 2417 890 2442 unum

212 2456 351 2504 Deum,
366 2457 432 2508 qui
451 2457 541 2496 feeit
560 2458 688 2496 omnia
706 2458 805 2497 sicut
824 2472 890 2497 vo·

213 2510 295 2550 luit.
356 2511 432 2549 Hic
459 2517 590 2551 autem
615 2512 722 2551 dedit
747 2512 889 2563 Legem

212 2570 252 2604 et
279 2565 515 2616 Prophetas;
543 2572 582 2605 et
610 2566 736 2604 dando
764 2567 889 2618 coe'git

212 2619 282 2657 hos
310 2632 380 2670 per
405 2619 593 2670 Spiritum
623 2620 806 2660 Sanctum
835 2621 889 2659 lo-

212 2672 290 2723 qui,
315 2678 360 2712 ut
387 2673 616 2724 accipientes
638 2674 795 2714 virtutis
822 2687 888 2725 pa-

211 2731 343 2766 ternae
365 2726 666 2778 inspirationem,
685 2728 887 2767 consilium

212 2785 252 2820 et
287 2781 526 2820 voluntatem
565 2781 690 2821 Patris
736 2782 887 2822 nuntia-

213 2840 307 2873 rent.

1002 2079 1095 2117 XII.
1130 2080 1177 2117 In
1211 2080 1270 2118 his
1304 2081 1424 2131 igitur
1453 2080 1625 2119 Verbum

947 2134 1180 2181 versabatur,
1227 2135 1386 2186 loquens
1433 2135 1481 2173 de
1528 2135 1622 2186 ipso.

946 2187 971 2225 J
973 2201 1036 2225 am
1051 2188 1153 2226 enim
1166 2188 1246 2239 ipse
1259 2202 1350 2226 suus
1365 2202 1502 2240 praeco
1515 2195 1597 2228 erat
1614 2204 1624 2236 3

947 2242 1246 2293 ostendebatque
1269 2243 1442 2281 futurum
1468 2257 1561 2291 esse,
1581 2251 1625 2282 ut

947 2296 1119 2334 Verbum
1149 2297 1188 2334 in
1219 2297 1438 2335 hominibus
1466 2311 1625 2348 appare-

946 2355 1014 2389 ret.
1052 2350 1202 2389 Idcirco
1214 2351 1268 2389 sie
1280 2352 1488 2390 clamabat:
1508 2353 1624 2390 Ῥαο-

946 2411 1008 2442 tus
1026 2418 1115 2443 sum
1139 2405 1369 2455 manifestus
1387 2406 1439 2444 iis
1457 2407 1526 2456 qui
1545 2421 1624 2444 ποη

946 2459 1178 2508 quaerebant
1205 2473 1292 2505 ουκ
1326 2460 1507 2498 inventu-s
1537 2474 1623 2498 sum

945 2513 993 2550 ab
1029 2514 1082 2551 iis
1118 2514 1187 2563 qui
1222 2528 1303 2551 uon
1335 2514 1623 2564 intewvyabam

945 2580 1012 2605 me.
1072 2567 1168 2616 Quis
1197 2581 1287 2606 vero
1318 2574 1375 2606 est
1401 2568 1467 2619 qui
1501 2569 1622 2607 factus

945 2626 1003 2660 est
1046 2621 1280 2668 manifestus,
1329 2622 1401 2659 nisi
1448 2622 1621 2660 Verbum

944 2674 1070 2714 Patris
1083 2677 1096 2712 2
1126 2676 1229 2726 quod
1242 2689 1362 2726 quum
1375 2675 1489 2714 Pater
1502 2676 1619 2724 misit,

943 2734 1175 2780 potestatem
1207 2743 1316 2767 suam
1349 2730 1518 2769 ostendit
1552 2730 1618 2769 ho-

943 2783 1120 2822 minibus.
1179 2783 1241 2822 Sic
1259 2783 1380 2834 igitur
1398 2783 1539 2824 factum
1560 2789 1618 2823 est

944 2837 1187 2876 manifestum
1219 2838 1402 2885 Verbum,
1433 2838 1530 2877 sicut
1564 2839 1617 2878 ait

793 2945 806 2960 ¹¹
823 2939 911 2971 Esai.
928 2940 994 2971 lxv.
1013 2951 1037 2971 1.

875 3009 898 3035 F
921 3007 943 3037 2
