<?xml version="1.0" encoding="UTF-8"?>
<!DOCTYPE html PUBLIC "-//W3C//DTD XHTML 1.0 Transitional//EN"
    "http://www.w3.org/TR/xhtml1/DTD/xhtml1-transitional.dtd">
<html xmlns="http://www.w3.org/1999/xhtml" xml:lang="en" lang="en">
 <head>
  <title>
</title>
<meta http-equiv="Content-Type" content="text/html;charset=utf-8" />
  <meta name='ocr-system' content='tesseract 3.04.00' />
  <meta name='ocr-capabilities' content='ocr_page ocr_carea ocr_par ocr_line ocrx_word'/>
</head>
<body>
  <div class='ocr_page' id='page_1' title='image "./scriptorumeccles01rout_0398.png"; bbox 0 0 2034 3204; ppageno 0'>
   <div class='ocr_carea' id='block_1_1' title="bbox 424 207 513 248">
    <p class='ocr_par' dir='ltr' id='par_1_1' title="bbox 424 207 513 248">
     <span class='ocr_line' id='line_1_1' title="bbox 424 207 513 248; baseline -0.011 0"><span class='ocrx_word' id='word_1_1' title='bbox 424 207 513 248; x_wconf 73' lang='lat'><strong>382</strong></span> 
     </span>
    </p>
   </div>
   <div class='ocr_carea' id='block_1_2' title="bbox 976 204 1279 248">
    <p class='ocr_par' dir='ltr' id='par_1_2' title="bbox 976 204 1279 248">
     <span class='ocr_line' id='line_1_2' title="bbox 976 204 1279 248; baseline -0.007 0"><span class='ocrx_word' id='word_1_2' title='bbox 976 204 1279 248; x_wconf 86' lang='lat' dir='ltr'><strong>CANONES</strong></span> 
     </span>
    </p>
   </div>
   <div class='ocr_carea' id='block_1_3' title="bbox 425 310 1825 383">
    <p class='ocr_par' dir='ltr' id='par_1_3' title="bbox 425 310 1825 383">
     <span class='ocr_line' id='line_1_3' title="bbox 425 310 1825 383; baseline -0.001 -17"><span class='ocrx_word' id='word_1_3' title='bbox 425 313 476 366; x_wconf 81' lang='grc' dir='ltr'><strong>δὲ</strong></span> <span class='ocrx_word' id='word_1_4' title='bbox 499 312 621 366; x_wconf 78' lang='grc' dir='ltr'>κατὰ</span> <span class='ocrx_word' id='word_1_5' title='bbox 644 311 732 379; x_wconf 84' lang='grc' dir='ltr'>τὴν</span> <span class='ocrx_word' id='word_1_6' title='bbox 755 311 895 382; x_wconf 75' lang='grc' dir='ltr'>τάξιν</span> <span class='ocrx_word' id='word_1_7' title='bbox 915 312 1004 379; x_wconf 86' lang='grc' dir='ltr'>τὴν</span> <span class='ocrx_word' id='word_1_8' title='bbox 1029 313 1356 383; x_wconf 81' lang='grc' dir='ltr'>Εὐχαριστίαν</span> <span class='ocrx_word' id='word_1_9' title='bbox 1379 310 1498 377; x_wconf 77' lang='grc' dir='ltr'>μετὰ</span> <span class='ocrx_word' id='word_1_10' title='bbox 1522 335 1632 368; x_wconf 82' lang='grc' dir='ltr'>τους</span> <span class='ocrx_word' id='word_1_11' title='bbox 1660 315 1825 380; x_wconf 87' lang='grc' dir='ltr'>Πρεσ-</span> 
     </span>
    </p>
   </div>
   <div class='ocr_carea' id='block_1_4' title="bbox 425 394 1831 467">
    <p class='ocr_par' dir='ltr' id='par_1_4' title="bbox 425 394 1831 467">
     <span class='ocr_line' id='line_1_4' title="bbox 425 394 1831 467; baseline -0.004 -15"><span class='ocrx_word' id='word_1_12' title='bbox 425 397 727 467; x_wconf 73' lang='grc' dir='ltr'>βιπέρους,</span> <span class='ocrx_word' id='word_1_13' title='bbox 703 422 733 464; x_wconf 94' lang='grc' dir='ltr'>η</span> <span class='ocrx_word' id='word_1_14' title='bbox 771 404 856 451; x_wconf 88' lang='grc' dir='ltr'><strong>τοῦ</strong></span> <span class='ocrx_word' id='word_1_15' title='bbox 880 397 1183 451; x_wconf 89' lang='grc' dir='ltr'>Ἐπισκόπου</span> <span class='ocrx_word' id='word_1_16' title='bbox 1221 395 1431 452; x_wconf 78' lang='grc' dir='ltr'>διδόντος</span> <span class='ocrx_word' id='word_1_17' title='bbox 1468 397 1640 461; x_wconf 72' lang='grc' dir='ltr'>αὐτοῖς,</span> <span class='ocrx_word' id='word_1_18' title='bbox 1676 394 1707 461; x_wconf 83' lang='grc' dir='ltr'>ἢ</span> <span class='ocrx_word' id='word_1_19' title='bbox 1746 401 1831 448; x_wconf 84' lang='grc' dir='ltr'><strong>τοῦ</strong></span> 
     </span>
    </p>
   </div>
   <div class='ocr_carea' id='block_1_5' title="bbox 428 480 1832 553">
    <p class='ocr_par' dir='ltr' id='par_1_5' title="bbox 428 480 1832 553">
     <span class='ocr_line' id='line_1_5' title="bbox 428 480 1832 553; baseline -0.003 -16"><span class='ocrx_word' id='word_1_20' title='bbox 428 483 786 553; x_wconf 86' lang='grc' dir='ltr'>Πρεσβυτερου·</span> <span class='ocrx_word' id='word_1_21' title='bbox 838 482 973 536; x_wconf 76' lang='grc' dir='ltr'>ἀλλὰ</span> <span class='ocrx_word' id='word_1_22' title='bbox 1022 481 1140 548; x_wconf 82' lang='grc' dir='ltr'>μηδὲ</span> <span class='ocrx_word' id='word_1_23' title='bbox 1186 484 1425 547; x_wconf 86' lang='grc' dir='ltr'>καθῆσθαι</span> <span class='ocrx_word' id='word_1_24' title='bbox 1467 482 1517 533; x_wconf 86' lang='grc' dir='ltr'>ἐν</span> <span class='ocrx_word' id='word_1_25' title='bbox 1556 480 1692 552; x_wconf 73' lang='grc' dir='ltr'>μέσῳ</span> <span class='ocrx_word' id='word_1_26' title='bbox 1735 485 1832 534; x_wconf 83' lang='grc' dir='ltr'>τῶν</span> 
     </span>
    </p>
   </div>
   <div class='ocr_carea' id='block_1_6' title="bbox 426 564 1833 639">
    <p class='ocr_par' dir='ltr' id='par_1_6' title="bbox 426 564 1833 639">
     <span class='ocr_line' id='line_1_6' title="bbox 426 564 1833 639; baseline -0.004 -16"><span class='ocrx_word' id='word_1_27' title='bbox 426 568 780 639; x_wconf 82' lang='grc' dir='ltr'>Πρεσβυτέρων</span> <span class='ocrx_word' id='word_1_28' title='bbox 814 567 997 637; x_wconf 81' lang='grc' dir='ltr'>ἐξέστω</span> <span class='ocrx_word' id='word_1_29' title='bbox 1034 572 1132 623; x_wconf 75' lang='grc' dir='ltr'>τοῖς</span> <span class='ocrx_word' id='word_1_30' title='bbox 1170 564 1438 622; x_wconf 79' lang='grc' dir='ltr'>Διακόνοις·</span> <span class='ocrx_word' id='word_1_31' title='bbox 1486 565 1619 634; x_wconf 81' lang='grc' dir='ltr'>παρὰ</span> <span class='ocrx_word' id='word_1_32' title='bbox 1655 565 1833 619; x_wconf 84' lang='grc' dir='ltr'>κανόνα</span> 
     </span>
    </p>
   </div>
   <div class='ocr_carea' id='block_1_7' title="bbox 424 650 1440 723">
    <p class='ocr_par' dir='ltr' id='par_1_7' title="bbox 424 650 1440 723">
     <span class='ocr_line' id='line_1_7' title="bbox 424 650 1440 723; baseline -0.003 -17"><span class='ocrx_word' id='word_1_33' title='bbox 424 654 522 723; x_wconf 79' lang='grc' dir='ltr'><strong>γὰρ</strong></span> <span class='ocrx_word' id='word_1_34' title='bbox 547 656 624 706; x_wconf 86' lang='grc' dir='ltr'>καὶ</span> <span class='ocrx_word' id='word_1_35' title='bbox 647 652 780 722; x_wconf 78' lang='grc' dir='ltr'>παρὰ</span> <span class='ocrx_word' id='word_1_36' title='bbox 804 651 943 722; x_wconf 80' lang='grc' dir='ltr'>τάξιν</span> <span class='ocrx_word' id='word_1_37' title='bbox 966 654 1071 705; x_wconf 82' lang='grc' dir='ltr'>ἐστὶ</span> <span class='ocrx_word' id='word_1_38' title='bbox 1096 651 1152 705; x_wconf 80' lang='grc' dir='ltr'><strong>τὸ</strong></span> <span class='ocrx_word' id='word_1_39' title='bbox 1178 650 1440 718; x_wconf 88' lang='grc' dir='ltr'>γινόμενον.</span> 
     </span>
    </p>
   </div>
   <div class='ocr_carea' id='block_1_8' title="bbox 425 735 1828 808">
    <p class='ocr_par' dir='ltr' id='par_1_8' title="bbox 425 735 1828 808">
     <span class='ocr_line' id='line_1_8' title="bbox 425 735 1828 808; baseline -0.002 -17"><span class='ocrx_word' id='word_1_40' title='bbox 425 739 561 792; x_wconf 82' lang='grc' dir='ltr'>θέλοι</span> <span class='ocrx_word' id='word_1_41' title='bbox 597 743 866 808; x_wconf 86' lang='grc' dir='ltr'>πειθαρχεῖν</span> <span class='ocrx_word' id='word_1_42' title='bbox 902 740 979 790; x_wconf 81' lang='grc' dir='ltr'>καὶ</span> <span class='ocrx_word' id='word_1_43' title='bbox 1015 737 1134 804; x_wconf 81' lang='grc' dir='ltr'>μετὰ</span> <span class='ocrx_word' id='word_1_44' title='bbox 1169 735 1366 792; x_wconf 79' lang='grc' dir='ltr'>τούτους</span> <span class='ocrx_word' id='word_1_45' title='bbox 1402 735 1513 792; x_wconf 78' lang='grc' dir='ltr'>τοὺς</span> <span class='ocrx_word' id='word_1_46' title='bbox 1551 735 1707 804; x_wconf 78' lang='grc' dir='ltr'>ὅρους,</span> <span class='ocrx_word' id='word_1_47' title='bbox 1742 758 1828 789; x_wconf 87' lang='grc' dir='ltr'>πε·-</span> 
     </span>
    </p>
   </div>
   <div class='ocr_carea' id='block_1_9' title="bbox 426 823 1019 889">
    <p class='ocr_par' dir='ltr' id='par_1_9' title="bbox 426 823 1019 889">
     <span class='ocr_line' id='line_1_9' title="bbox 426 823 1019 889; baseline -0.005 -12"><span class='ocrx_word' id='word_1_48' title='bbox 426 824 633 877; x_wconf 81' lang='grc' dir='ltr'>παύσθω</span> <span class='ocrx_word' id='word_1_49' title='bbox 658 826 743 889; x_wconf 78' lang='grc' dir='ltr'><strong>τῆς</strong></span> <span class='ocrx_word' id='word_1_50' title='bbox 769 823 1019 878; x_wconf 76' lang='grc' dir='ltr'>διακονίας.</span> 
     </span>
    </p>
   </div>
   <div class='ocr_carea' id='block_1_10' title="bbox 923 938 1330 989">
    <p class='ocr_par' dir='ltr' id='par_1_10' title="bbox 923 938 1330 989">
     <span class='ocr_line' id='line_1_10' title="bbox 923 938 1330 989; baseline -0.005 0"><span class='ocrx_word' id='word_1_51' title='bbox 923 939 1192 989; x_wconf 88' lang='grc' dir='ltr'><strong>ΚΑΝΩΝ</strong></span> <span class='ocrx_word' id='word_1_52' title='bbox 1238 938 1330 988; x_wconf 84' lang='grc' dir='ltr'><strong>ΙΘ.</strong></span> 
     </span>
    </p>
   </div>
   <div class='ocr_carea' id='block_1_11' title="bbox 507 1024 1836 1098">
    <p class='ocr_par' dir='ltr' id='par_1_11' title="bbox 507 1024 1836 1098">
     <span class='ocr_line' id='line_1_11' title="bbox 507 1024 1836 1098; baseline -0.002 -17"><span class='ocrx_word' id='word_1_53' title='bbox 507 1030 627 1097; x_wconf 88' lang='grc' dir='ltr'>Περὶ</span> <span class='ocrx_word' id='word_1_54' title='bbox 669 1032 767 1081; x_wconf 83' lang='grc' dir='ltr'>τῶν</span> <span class='ocrx_word' id='word_1_55' title='bbox 811 1025 1260 1091; x_wconf 78' lang='grc' dir='ltr'>Παυλιανισάντων,</span> <span class='ocrx_word' id='word_1_56' title='bbox 1303 1024 1401 1079; x_wconf 78' lang='grc' dir='ltr'>εἶτα</span> <span class='ocrx_word' id='word_1_57' title='bbox 1445 1024 1836 1098; x_wconf 83' lang='grc' dir='ltr'>προσφυγόντων</span> 
     </span>
    </p>
   </div>
   <div class='ocr_carea' id='block_1_12' title="bbox 425 1110 1900 1183">
    <p class='ocr_par' dir='ltr' id='par_1_12' title="bbox 425 1110 1900 1183">
     <span class='ocr_line' id='line_1_12' title="bbox 425 1110 1900 1183; baseline -0.002 -17"><span class='ocrx_word' id='word_1_58' title='bbox 425 1115 486 1183; x_wconf 86' lang='grc' dir='ltr'><strong>τῇ</strong></span> <span class='ocrx_word' id='word_1_59' title='bbox 520 1115 752 1182; x_wconf 83' lang='grc' dir='ltr'>καθολικῇ</span> <span class='ocrx_word' id='word_1_60' title='bbox 777 1113 1065 1183; x_wconf 71' lang='grc' dir='ltr'>Ἐκκλησία,</span> <span class='ocrx_word' id='word_1_61' title='bbox 1092 1111 1202 1180; x_wconf 78' lang='grc' dir='ltr'>ὅρος</span> <span class='ocrx_word' id='word_1_62' title='bbox 1235 1110 1482 1165; x_wconf 81' lang='grc' dir='ltr'>ε’κτέθειται</span> <span class='ocrx_word' id='word_1_63' title='bbox 1518 1110 1832 1179; x_wconf 79' lang='grc' dir='ltr'>ἀναβαπτίζε-</span> <span class='ocrx_word' id='word_1_64' title='bbox 1851 1138 1900 1163; x_wconf 86' lang='lat'><strong>10</strong></span> 
     </span>
    </p>
   </div>
   <div class='ocr_carea' id='block_1_13' title="bbox 425 1196 1044 1267">
    <p class='ocr_par' dir='ltr' id='par_1_13' title="bbox 425 1196 1044 1267">
     <span class='ocr_line' id='line_1_13' title="bbox 425 1196 1044 1267; baseline -0.002 -17"><span class='ocrx_word' id='word_1_65' title='bbox 425 1202 544 1251; x_wconf 90' lang='grc' dir='ltr'>σθαι</span> <span class='ocrx_word' id='word_1_66' title='bbox 568 1196 739 1254; x_wconf 78' lang='grc' dir='ltr'>αὐτοὺς</span> <span class='ocrx_word' id='word_1_67' title='bbox 762 1196 1044 1267; x_wconf 76' lang='grc' dir='ltr'>ἐξάπαντος.</span> 
     </span>
    </p>
   </div>
   <div class='ocr_carea' id='block_1_14' title="bbox 1104 1197 1837 1267">
    <p class='ocr_par' dir='ltr' id='par_1_14' title="bbox 1104 1197 1837 1267">
     <span class='ocr_line' id='line_1_14' title="bbox 1104 1197 1837 1267; baseline -0.003 -17"><span class='ocrx_word' id='word_1_68' title='bbox 1104 1201 1165 1250; x_wconf 81' lang='grc' dir='ltr'><strong>Εἰ</strong></span> <span class='ocrx_word' id='word_1_69' title='bbox 1190 1198 1248 1249; x_wconf 79' lang='grc' dir='ltr'><strong>δέ</strong></span> <span class='ocrx_word' id='word_1_70' title='bbox 1263 1220 1384 1253; x_wconf 78' lang='grc' dir='ltr'>τινες</span> <span class='ocrx_word' id='word_1_71' title='bbox 1407 1197 1456 1249; x_wconf 85' lang='grc' dir='ltr'>ἐν</span> <span class='ocrx_word' id='word_1_72' title='bbox 1473 1198 1541 1267; x_wconf 74' lang='grc' dir='ltr'><strong>τῷ</strong></span> <span class='ocrx_word' id='word_1_73' title='bbox 1560 1203 1837 1265; x_wconf 87' lang='grc' dir='ltr'>παρεληλυ-</span> 
     </span>
    </p>
   </div>
   <div class='ocr_carea' id='block_1_15' title="bbox 426 1281 1838 1440">
    <p class='ocr_par' dir='ltr' id='par_1_15' title="bbox 426 1281 1838 1440">
     <span class='ocr_line' id='line_1_15' title="bbox 426 1281 1833 1355; baseline -0.001 -20"><span class='ocrx_word' id='word_1_74' title='bbox 426 1283 530 1336; x_wconf 91' lang='grc' dir='ltr'>θότι</span> <span class='ocrx_word' id='word_1_75' title='bbox 564 1281 723 1355; x_wconf 83' lang='grc' dir='ltr'>χρόνῳ</span> <span class='ocrx_word' id='word_1_76' title='bbox 746 1284 796 1336; x_wconf 85' lang='grc' dir='ltr'>ἐν</span> <span class='ocrx_word' id='word_1_77' title='bbox 819 1288 888 1355; x_wconf 75' lang='grc' dir='ltr'><strong>τῷ</strong></span> <span class='ocrx_word' id='word_1_78' title='bbox 914 1282 1080 1355; x_wconf 80' lang='grc' dir='ltr'>κλήρῳ</span> <span class='ocrx_word' id='word_1_79' title='bbox 1110 1281 1473 1351; x_wconf 76' lang='grc' dir='ltr'>ἐξητάσθησαν,</span> <span class='ocrx_word' id='word_1_80' title='bbox 1500 1285 1538 1334; x_wconf 78' lang='grc' dir='ltr'>εἰ</span> <span class='ocrx_word' id='word_1_81' title='bbox 1571 1281 1659 1348; x_wconf 83' lang='grc' dir='ltr'>μὲν</span> <span class='ocrx_word' id='word_1_82' title='bbox 1683 1281 1833 1348; x_wconf 78' lang='grc' dir='ltr'>ἄμεμ-</span> 
     </span>
     <span class='ocr_line' id='line_1_16' title="bbox 426 1367 1838 1440; baseline -0.001 -19"><span class='ocrx_word' id='word_1_83' title='bbox 426 1392 538 1421; x_wconf 87' lang='grc' dir='ltr'>πτοι</span> <span class='ocrx_word' id='word_1_84' title='bbox 576 1369 653 1421; x_wconf 81' lang='grc' dir='ltr'>καὶ</span> <span class='ocrx_word' id='word_1_85' title='bbox 690 1370 1003 1436; x_wconf 84' lang='grc' dir='ltr'>ἀνεπίληπτοι</span> <span class='ocrx_word' id='word_1_86' title='bbox 1034 1373 1235 1440; x_wconf 86' lang='grc' dir='ltr'>φανεῖεν,</span> <span class='ocrx_word' id='word_1_87' title='bbox 1274 1367 1707 1431; x_wconf 76' lang='grc' dir='ltr'>ἀναβαπτισθέντες</span> <span class='ocrx_word' id='word_1_88' title='bbox 1742 1390 1838 1438; x_wconf 89' lang='grc' dir='ltr'>χει-</span> 
     </span>
    </p>
   </div>
   <div class='ocr_carea' id='block_1_16' title="bbox 427 1452 1837 1521">
    <p class='ocr_par' dir='ltr' id='par_1_16' title="bbox 427 1452 1837 1521">
     <span class='ocr_line' id='line_1_17' title="bbox 427 1452 1837 1521; baseline -0.001 -15"><span class='ocrx_word' id='word_1_89' title='bbox 427 1454 815 1521; x_wconf 87' lang='grc' dir='ltr'>ροτονείσθωσαν</span> <span class='ocrx_word' id='word_1_90' title='bbox 858 1452 951 1507; x_wconf 80' lang='grc' dir='ltr'><strong>ὑπὸ</strong></span> <span class='ocrx_word' id='word_1_91' title='bbox 995 1459 1080 1506; x_wconf 88' lang='grc' dir='ltr'><strong>τοῦ</strong></span> <span class='ocrx_word' id='word_1_92' title='bbox 1122 1456 1207 1519; x_wconf 77' lang='grc' dir='ltr'><strong>τῆς</strong></span> <span class='ocrx_word' id='word_1_93' title='bbox 1245 1455 1502 1519; x_wconf 80' lang='grc' dir='ltr'>καθολικῆς</span> <span class='ocrx_word' id='word_1_94' title='bbox 1537 1453 1837 1519; x_wconf 77' lang='grc' dir='ltr'>Ἐκκλησίας</span> 
     </span>
    </p>
   </div>
   <div class='ocr_carea' id='block_1_17' title="bbox 428 1534 1899 1607">
    <p class='ocr_par' dir='ltr' id='par_1_17' title="bbox 428 1534 1899 1607">
     <span class='ocr_line' id='line_1_18' title="bbox 428 1534 1899 1607; baseline 0.001 -16"><span class='ocrx_word' id='word_1_95' title='bbox 428 1534 748 1592; x_wconf 74' lang='grc' dir='ltr'>Ἐπισκόπον·</span> <span class='ocrx_word' id='word_1_96' title='bbox 790 1542 827 1591; x_wconf 86' lang='grc' dir='ltr'>εἶ</span> <span class='ocrx_word' id='word_1_97' title='bbox 862 1538 912 1592; x_wconf 83' lang='grc' dir='ltr'><strong>δὲ</strong></span> <span class='ocrx_word' id='word_1_98' title='bbox 947 1540 976 1605; x_wconf 85' lang='grc' dir='ltr'><strong><em>ἡ</em></strong></span> <span class='ocrx_word' id='word_1_99' title='bbox 1011 1537 1258 1607; x_wconf 78' lang='grc' dir='ltr'>ἀνάκρισις</span> <span class='ocrx_word' id='word_1_100' title='bbox 1295 1537 1638 1604; x_wconf 81' lang='grc' dir='ltr'>ἀνεπιτηδείους</span> <span class='ocrx_word' id='word_1_101' title='bbox 1665 1536 1836 1595; x_wconf 76' lang='grc' dir='ltr'>αὐτοὺς</span> <span class='ocrx_word' id='word_1_102' title='bbox 1853 1563 1899 1603; x_wconf 85' lang='lat'><strong>15</strong></span> 
     </span>
    </p>
   </div>
   <div class='ocr_carea' id='block_1_18' title="bbox 428 1622 1523 1693">
    <p class='ocr_par' dir='ltr' id='par_1_18' title="bbox 428 1622 1523 1693">
     <span class='ocr_line' id='line_1_19' title="bbox 428 1622 1523 1693; baseline 0.001 -17"><span class='ocrx_word' id='word_1_103' title='bbox 428 1624 657 1693; x_wconf 85' lang='grc' dir='ltr'>εὑρίσκοι,</span> <span class='ocrx_word' id='word_1_104' title='bbox 700 1628 1024 1693; x_wconf 79' lang='grc' dir='ltr'>καθαιρεῖσθαι</span> <span class='ocrx_word' id='word_1_105' title='bbox 1067 1622 1238 1680; x_wconf 78' lang='grc' dir='ltr'>αὐτοὺς</span> <span class='ocrx_word' id='word_1_106' title='bbox 1277 1622 1523 1692; x_wconf 83' lang='grc' dir='ltr'>προσήκει.</span> 
     </span>
    </p>
   </div>
   <div class='ocr_carea' id='block_1_19' title="bbox 1582 1622 1838 1680">
    <p class='ocr_par' dir='ltr' id='par_1_19' title="bbox 1582 1622 1838 1680">
     <span class='ocr_line' id='line_1_20' title="bbox 1582 1622 1838 1680; baseline 0.016 -4"><span class='ocrx_word' id='word_1_107' title='bbox 1582 1622 1838 1680; x_wconf 70' lang='grc' dir='ltr'>Ὡσαύτως</span> 
     </span>
    </p>
   </div>
   <div class='ocr_carea' id='block_1_20' title="bbox 430 1708 1838 1779">
    <p class='ocr_par' dir='ltr' id='par_1_20' title="bbox 430 1708 1838 1779">
     <span class='ocr_line' id='line_1_21' title="bbox 430 1708 1838 1779; baseline -0.001 -18"><span class='ocrx_word' id='word_1_108' title='bbox 430 1709 481 1762; x_wconf 79' lang='grc' dir='ltr'><strong>δὲ</strong></span> <span class='ocrx_word' id='word_1_109' title='bbox 514 1711 592 1762; x_wconf 82' lang='grc' dir='ltr'>καὶ</span> <span class='ocrx_word' id='word_1_110' title='bbox 625 1713 731 1779; x_wconf 87' lang='grc' dir='ltr'>περὶ</span> <span class='ocrx_word' id='word_1_111' title='bbox 757 1714 853 1762; x_wconf 84' lang='grc' dir='ltr'>τῶν</span> <span class='ocrx_word' id='word_1_112' title='bbox 879 1713 1242 1774; x_wconf 84' lang='grc' dir='ltr'>Διακονισσῶν,</span> <span class='ocrx_word' id='word_1_113' title='bbox 1273 1710 1350 1761; x_wconf 85' lang='grc' dir='ltr'>καὶ</span> <span class='ocrx_word' id='word_1_114' title='bbox 1382 1708 1510 1765; x_wconf 78' lang='grc' dir='ltr'>ὅλως</span> <span class='ocrx_word' id='word_1_115' title='bbox 1537 1710 1644 1777; x_wconf 85' lang='grc' dir='ltr'>περὶ</span> <span class='ocrx_word' id='word_1_116' title='bbox 1667 1712 1766 1761; x_wconf 82' lang='grc' dir='ltr'>τῶν</span> <span class='ocrx_word' id='word_1_117' title='bbox 1787 1709 1838 1761; x_wconf 82' lang='grc' dir='ltr'>ἐν</span> 
     </span>
    </p>
   </div>
   <div class='ocr_carea' id='block_1_21' title="bbox 428 1792 1834 1866">
    <p class='ocr_par' dir='ltr' id='par_1_21' title="bbox 428 1792 1834 1866">
     <span class='ocr_line' id='line_1_22' title="bbox 428 1792 1834 1866; baseline -0.001 -19"><span class='ocrx_word' id='word_1_118' title='bbox 428 1796 499 1866; x_wconf 76' lang='grc' dir='ltr'><strong>τῷ</strong></span> <span class='ocrx_word' id='word_1_119' title='bbox 532 1794 693 1848; x_wconf 90' lang='grc' dir='ltr'>κανόνι</span> <span class='ocrx_word' id='word_1_120' title='bbox 722 1793 1083 1864; x_wconf 75' lang='grc' dir='ltr'>ἐξεταζομένων,</span> <span class='ocrx_word' id='word_1_121' title='bbox 1121 1796 1148 1847; x_wconf 88' lang='grc' dir='ltr'><strong>ὁ</strong></span> <span class='ocrx_word' id='word_1_122' title='bbox 1182 1792 1323 1850; x_wconf 79' lang='grc' dir='ltr'>αὐτὸς</span> <span class='ocrx_word' id='word_1_123' title='bbox 1357 1793 1506 1850; x_wconf 75' lang='grc' dir='ltr'>τύπος·</span> <span class='ocrx_word' id='word_1_124' title='bbox 1539 1797 1834 1865; x_wconf 87' lang='grc' dir='ltr'>παραφυλα-</span> 
     </span>
    </p>
   </div>
   <div class='ocr_carea' id='block_1_22' title="bbox 430 1878 1838 1950">
    <p class='ocr_par' dir='ltr' id='par_1_22' title="bbox 430 1878 1838 1950">
     <span class='ocr_line' id='line_1_23' title="bbox 430 1878 1838 1950; baseline -0.001 -17"><span class='ocrx_word' id='word_1_125' title='bbox 430 1879 675 1950; x_wconf 84' lang='grc' dir='ltr'>χθήσεται·</span> <span class='ocrx_word' id='word_1_126' title='bbox 713 1879 1015 1947; x_wconf 82' lang='grc' dir='ltr'>ἐμνήσθημεν</span> <span class='ocrx_word' id='word_1_127' title='bbox 1052 1878 1103 1931; x_wconf 81' lang='grc' dir='ltr'><strong>δὲ</strong></span> <span class='ocrx_word' id='word_1_128' title='bbox 1143 1883 1240 1932; x_wconf 80' lang='grc' dir='ltr'>τῶν</span> <span class='ocrx_word' id='word_1_129' title='bbox 1278 1883 1624 1932; x_wconf 86' lang='grc' dir='ltr'>Διακονισσῶν</span> <span class='ocrx_word' id='word_1_130' title='bbox 1654 1882 1751 1932; x_wconf 84' lang='grc' dir='ltr'>τῶν</span> <span class='ocrx_word' id='word_1_131' title='bbox 1787 1879 1838 1932; x_wconf 87' lang='grc' dir='ltr'>ἐν</span> 
     </span>
    </p>
   </div>
   <div class='ocr_carea' id='block_1_23' title="bbox 430 1962 1902 2037">
    <p class='ocr_par' dir='ltr' id='par_1_23' title="bbox 430 1962 1902 2037">
     <span class='ocr_line' id='line_1_24' title="bbox 430 1962 1902 2037; baseline -0.001 -18"><span class='ocrx_word' id='word_1_132' title='bbox 430 1969 500 2037; x_wconf 70' lang='grc' dir='ltr'><strong>τῷ</strong></span> <span class='ocrx_word' id='word_1_133' title='bbox 525 1965 740 2036; x_wconf 87' lang='grc' dir='ltr'>σχήματι</span> <span class='ocrx_word' id='word_1_134' title='bbox 764 1964 1127 2034; x_wconf 79' lang='grc' dir='ltr'>ἐξετασθεισῶν,</span> <span class='ocrx_word' id='word_1_135' title='bbox 1151 1965 1248 2017; x_wconf 80' lang='grc' dir='ltr'>ἐπεὶ</span> <span class='ocrx_word' id='word_1_136' title='bbox 1272 1962 1389 2030; x_wconf 81' lang='grc' dir='ltr'>μηδὲ</span> <span class='ocrx_word' id='word_1_137' title='bbox 1414 1964 1709 2034; x_wconf 87' lang='grc' dir='ltr'>χειροθεσίαν</span> <span class='ocrx_word' id='word_1_138' title='bbox 1733 1962 1837 2018; x_wconf 76' lang='grc' dir='ltr'>τινὰ</span> <span class='ocrx_word' id='word_1_139' title='bbox 1852 1991 1902 2017; x_wconf 87' lang='lat'><strong>20</strong></span> 
     </span>
    </p>
   </div>
   <div class='ocr_carea' id='block_1_24' title="bbox 430 2086 1110 2670">
    <p class='ocr_par' dir='ltr' id='par_1_24' title="bbox 430 2086 1110 2670">
     <span class='ocr_line' id='line_1_25' title="bbox 430 2086 1108 2138; baseline 0 -14"><span class='ocrx_word' id='word_1_140' title='bbox 430 2086 607 2125; x_wconf 85' lang='lat' dir='ltr'><strong>ordinem</strong></span> <span class='ocrx_word' id='word_1_141' title='bbox 633 2099 726 2138; x_wconf 84' lang='lat' dir='ltr'><strong>ergo</strong></span> <span class='ocrx_word' id='word_1_142' title='bbox 748 2091 838 2138; x_wconf 88' lang='lat' dir='ltr'><strong>post</strong></span> <span class='ocrx_word' id='word_1_143' title='bbox 860 2086 1108 2137; x_wconf 83' lang='lat' dir='ltr'><strong>Presbyteros</strong></span> 
     </span>
     <span class='ocr_line' id='line_1_26' title="bbox 430 2140 1109 2192; baseline -0.003 -12"><span class='ocrx_word' id='word_1_144' title='bbox 430 2141 597 2192; x_wconf 84' lang='lat' dir='ltr'><strong>gratiam</strong></span> <span class='ocrx_word' id='word_1_145' title='bbox 651 2154 779 2180; x_wconf 84' lang='lat' dir='ltr'><strong>sacrae</strong></span> <span class='ocrx_word' id='word_1_146' title='bbox 829 2140 1109 2179; x_wconf 88' lang='lat' dir='ltr'><strong>communionis</strong></span> 
     </span>
     <span class='ocr_line' id='line_1_27' title="bbox 430 2195 1110 2246; baseline 0 -13"><span class='ocrx_word' id='word_1_147' title='bbox 430 2195 632 2246; x_wconf 76' lang='lat' dir='ltr'><strong>accipiant,</strong></span> <span class='ocrx_word' id='word_1_148' title='bbox 652 2195 707 2234; x_wconf 89' lang='lat' dir='ltr'><strong>cis</strong></span> <span class='ocrx_word' id='word_1_149' title='bbox 735 2199 802 2235; x_wconf 87' lang='lat' dir='ltr'><strong>aut</strong></span> <span class='ocrx_word' id='word_1_150' title='bbox 823 2195 1014 2246; x_wconf 79' lang='lat' dir='ltr'>Episcopo</span> <span class='ocrx_word' id='word_1_151' title='bbox 1042 2199 1110 2233; x_wconf 78' lang='lat' dir='ltr'><strong>sut</strong></span> 
     </span>
     <span class='ocr_line' id='line_1_28' title="bbox 434 2249 1110 2301; baseline 0 -14"><span class='ocrx_word' id='word_1_152' title='bbox 434 2249 662 2300; x_wconf 81' lang='lat' dir='ltr'><strong>Presbytero</strong></span> <span class='ocrx_word' id='word_1_153' title='bbox 676 2250 907 2301; x_wconf 79' lang='lat' dir='ltr'><strong>porrigente.</strong></span> <span class='ocrx_word' id='word_1_154' title='bbox 950 2249 1026 2288; x_wconf 81' lang='lat' dir='ltr'><strong>Sed</strong></span> <span class='ocrx_word' id='word_1_155' title='bbox 1040 2262 1110 2287; x_wconf 84' lang='lat' dir='ltr'><strong>nec</strong></span> 
     </span>
     <span class='ocr_line' id='line_1_29' title="bbox 431 2304 1107 2354; baseline -0.001 -12"><span class='ocrx_word' id='word_1_156' title='bbox 431 2304 563 2343; x_wconf 87' lang='lat' dir='ltr'><strong>sedere</strong></span> <span class='ocrx_word' id='word_1_157' title='bbox 582 2304 621 2342; x_wconf 90' lang='lat' dir='ltr'><strong>in</strong></span> <span class='ocrx_word' id='word_1_158' title='bbox 645 2304 772 2343; x_wconf 89' lang='lat' dir='ltr'><strong>medio</strong></span> <span class='ocrx_word' id='word_1_159' title='bbox 793 2304 1107 2354; x_wconf 86' lang='lat' dir='ltr'><strong>Presbyterorum</strong></span> 
     </span>
     <span class='ocr_line' id='line_1_30' title="bbox 431 2358 1106 2410; baseline 0.001 -14"><span class='ocrx_word' id='word_1_160' title='bbox 431 2358 602 2397; x_wconf 80' lang='lat' dir='ltr'><strong>diaconis</strong></span> <span class='ocrx_word' id='word_1_161' title='bbox 621 2358 733 2397; x_wconf 82' lang='lat' dir='ltr'><strong>liceat</strong></span> <span class='ocrx_word' id='word_1_162' title='bbox 748 2372 759 2406; x_wconf 82' lang='lat'>3</span> <span class='ocrx_word' id='word_1_163' title='bbox 778 2358 869 2410; x_wconf 85' lang='lat' dir='ltr'><strong>quia</strong></span> <span class='ocrx_word' id='word_1_164' title='bbox 887 2358 918 2397; x_wconf 90' lang='lat' dir='ltr'><strong>si</strong></span> <span class='ocrx_word' id='word_1_165' title='bbox 938 2358 1010 2397; x_wconf 88' lang='lat' dir='ltr'><strong>hoc</strong></span> <span class='ocrx_word' id='word_1_166' title='bbox 1028 2358 1106 2406; x_wconf 77' lang='lat' dir='ltr'><strong>flat,</strong></span> 
     </span>
     <span class='ocr_line' id='line_1_31' title="bbox 431 2412 1107 2464; baseline -0.001 -13"><span class='ocrx_word' id='word_1_167' title='bbox 431 2418 585 2464; x_wconf 86' lang='lat' dir='ltr'><strong>praeter</strong></span> <span class='ocrx_word' id='word_1_168' title='bbox 630 2413 802 2462; x_wconf 76' lang='lat' dir='ltr'><strong>regulam</strong></span> <span class='ocrx_word' id='word_1_169' title='bbox 848 2418 888 2451; x_wconf 88' lang='lat' dir='ltr'><strong>et</strong></span> <span class='ocrx_word' id='word_1_170' title='bbox 933 2412 1107 2450; x_wconf 86' lang='lat' dir='ltr'><strong>ordinem</strong></span> 
     </span>
     <span class='ocr_line' id='line_1_32' title="bbox 432 2466 1108 2518; baseline 0 -13"><span class='ocrx_word' id='word_1_171' title='bbox 432 2468 619 2518; x_wconf 86' lang='lat' dir='ltr'><strong>probatur</strong></span> <span class='ocrx_word' id='word_1_172' title='bbox 648 2467 822 2507; x_wconf 79' lang='lat' dir='ltr'><strong>existere.</strong></span> <span class='ocrx_word' id='word_1_173' title='bbox 882 2466 1010 2518; x_wconf 80' lang='lat' dir='ltr'>Siquis</span> <span class='ocrx_word' id='word_1_174' title='bbox 1042 2480 1108 2505; x_wconf 89' lang='lat' dir='ltr'><strong>au-</strong></span> 
     </span>
     <span class='ocr_line' id='line_1_33' title="bbox 432 2521 1108 2573; baseline -0.001 -13"><span class='ocrx_word' id='word_1_175' title='bbox 432 2527 511 2560; x_wconf 83' lang='lat' dir='ltr'><strong>tem</strong></span> <span class='ocrx_word' id='word_1_176' title='bbox 532 2522 647 2561; x_wconf 86' lang='lat' dir='ltr'><strong>etiam</strong></span> <span class='ocrx_word' id='word_1_177' title='bbox 671 2527 759 2573; x_wconf 88' lang='lat' dir='ltr'><strong>post</strong></span> <span class='ocrx_word' id='word_1_178' title='bbox 781 2521 849 2560; x_wconf 89' lang='lat' dir='ltr'><strong>has</strong></span> <span class='ocrx_word' id='word_1_179' title='bbox 868 2521 1108 2560; x_wconf 82' lang='lat' dir='ltr'><strong>definitiones</strong></span> 
     </span>
     <span class='ocr_line' id='line_1_34' title="bbox 432 2575 1107 2624; baseline 0.001 -10"><span class='ocrx_word' id='word_1_180' title='bbox 432 2576 587 2614; x_wconf 86' lang='lat' dir='ltr'><strong>obedire</strong></span> <span class='ocrx_word' id='word_1_181' title='bbox 625 2576 802 2624; x_wconf 85' lang='lat' dir='ltr'><strong>nolucrit,</strong></span> <span class='ocrx_word' id='word_1_182' title='bbox 835 2590 858 2615; x_wconf 87' lang='lat' dir='ltr'><strong>a</strong></span> <span class='ocrx_word' id='word_1_183' title='bbox 894 2575 1107 2615; x_wconf 89' lang='lat' dir='ltr'><strong>ministerio</strong></span> 
     </span>
     <span class='ocr_line' id='line_1_35' title="bbox 434 2631 764 2670; baseline 0.003 -2"><span class='ocrx_word' id='word_1_184' title='bbox 434 2644 581 2669; x_wconf 86' lang='lat' dir='ltr'><strong>cessare</strong></span> <span class='ocrx_word' id='word_1_185' title='bbox 600 2631 764 2670; x_wconf 87' lang='lat' dir='ltr'><strong>debebit.</strong></span> 
     </span>
    </p>
   </div>
   <div class='ocr_carea' id='block_1_25' title="bbox 601 2722 937 2762">
    <p class='ocr_par' dir='ltr' id='par_1_25' title="bbox 601 2722 937 2762">
     <span class='ocr_line' id='line_1_36' title="bbox 601 2722 937 2762; baseline -0.003 -1"><span class='ocrx_word' id='word_1_186' title='bbox 601 2722 795 2762; x_wconf 83' lang='lat' dir='ltr'>CANON</span> <span class='ocrx_word' id='word_1_187' title='bbox 829 2722 937 2761; x_wconf 87' lang='lat' dir='ltr'><strong>XIX.</strong></span> 
     </span>
    </p>
   </div>
   <div class='ocr_carea' id='block_1_26' title="bbox 432 2791 1107 2897">
    <p class='ocr_par' dir='ltr' id='par_1_26' title="bbox 432 2791 1107 2897">
     <span class='ocr_line' id='line_1_37' title="bbox 489 2791 1107 2832; baseline 0.002 -3"><span class='ocrx_word' id='word_1_188' title='bbox 489 2791 548 2830; x_wconf 85' lang='lat' dir='ltr'><strong>De</strong></span> <span class='ocrx_word' id='word_1_189' title='bbox 568 2792 810 2832; x_wconf 74' lang='lat' dir='ltr'><strong>paulianistis</strong></span> <span class='ocrx_word' id='word_1_190' title='bbox 828 2793 876 2831; x_wconf 88' lang='lat' dir='ltr'><strong>ad</strong></span> <span class='ocrx_word' id='word_1_191' title='bbox 899 2791 1107 2831; x_wconf 86' lang='lat' dir='ltr'><strong>Ecclesiam</strong></span> 
     </span>
     <span class='ocr_line' id='line_1_38' title="bbox 432 2845 1106 2897; baseline 0.001 -15"><span class='ocrx_word' id='word_1_192' title='bbox 432 2845 657 2885; x_wconf 69' lang='lat' dir='ltr'><strong>mtholicmn</strong></span> <span class='ocrx_word' id='word_1_193' title='bbox 690 2846 1009 2897; x_wconf 66' lang='lat' dir='ltr'><strong>confugientibuS,</strong></span> <span class='ocrx_word' id='word_1_194' title='bbox 1043 2846 1106 2884; x_wconf 80' lang='lat' dir='ltr'><strong>dc-</strong></span> 
     </span>
    </p>
   </div>
   <div class='ocr_carea' id='block_1_27' title="bbox 1161 2084 1838 2896">
    <p class='ocr_par' dir='ltr' id='par_1_27' title="bbox 1161 2084 1838 2896">
     <span class='ocr_line' id='line_1_39' title="bbox 1163 2084 1838 2137; baseline 0.004 -15"><span class='ocrx_word' id='word_1_195' title='bbox 1163 2084 1288 2123; x_wconf 86' lang='lat' dir='ltr'><strong>finitio</strong></span> <span class='ocrx_word' id='word_1_196' title='bbox 1310 2084 1460 2135; x_wconf 81' lang='lat' dir='ltr'><strong>prolata</strong></span> <span class='ocrx_word' id='word_1_197' title='bbox 1483 2089 1551 2133; x_wconf 85' lang='lat' dir='ltr'><strong>est,</strong></span> <span class='ocrx_word' id='word_1_198' title='bbox 1574 2090 1620 2124; x_wconf 90' lang='lat' dir='ltr'><strong>ut</strong></span> <span class='ocrx_word' id='word_1_199' title='bbox 1642 2085 1838 2137; x_wconf 83' lang='lat' dir='ltr'><strong>baptizen-</strong></span> 
     </span>
     <span class='ocr_line' id='line_1_40' title="bbox 1162 2139 1838 2191; baseline 0.001 -13"><span class='ocrx_word' id='word_1_200' title='bbox 1162 2144 1229 2178; x_wconf 89' lang='lat' dir='ltr'><strong>tur</strong></span> <span class='ocrx_word' id='word_1_201' title='bbox 1252 2139 1492 2178; x_wconf 84' lang='lat' dir='ltr'><strong>omnimodis.</strong></span> <span class='ocrx_word' id='word_1_202' title='bbox 1552 2139 1594 2179; x_wconf 81' lang='lat' dir='ltr'><strong>Si</strong></span> <span class='ocrx_word' id='word_1_203' title='bbox 1618 2140 1684 2191; x_wconf 91' lang='lat' dir='ltr'><strong>qui</strong></span> <span class='ocrx_word' id='word_1_204' title='bbox 1707 2145 1838 2179; x_wconf 85' lang='lat' dir='ltr'><strong>autem</strong></span> 
     </span>
     <span class='ocr_line' id='line_1_41' title="bbox 1164 2193 1838 2245; baseline 0.004 -14"><span class='ocrx_word' id='word_1_205' title='bbox 1164 2194 1212 2232; x_wconf 89' lang='lat' dir='ltr'><strong>de</strong></span> <span class='ocrx_word' id='word_1_206' title='bbox 1240 2193 1300 2232; x_wconf 90' lang='lat' dir='ltr'><strong>his</strong></span> <span class='ocrx_word' id='word_1_207' title='bbox 1327 2194 1536 2244; x_wconf 84' lang='lat' dir='ltr'><strong>praeterito</strong></span> <span class='ocrx_word' id='word_1_208' title='bbox 1560 2198 1735 2245; x_wconf 85' lang='lat' dir='ltr'><strong>tempore</strong></span> <span class='ocrx_word' id='word_1_209' title='bbox 1758 2194 1838 2234; x_wconf 87' lang='lat' dir='ltr'><strong>fue·</strong></span> 
     </span>
     <span class='ocr_line' id='line_1_42' title="bbox 1165 2248 1838 2299; baseline 0.003 -14"><span class='ocrx_word' id='word_1_210' title='bbox 1165 2248 1243 2287; x_wconf 87' lang='lat' dir='ltr'><strong>rint</strong></span> <span class='ocrx_word' id='word_1_211' title='bbox 1262 2248 1301 2286; x_wconf 93' lang='lat' dir='ltr'><strong>in</strong></span> <span class='ocrx_word' id='word_1_212' title='bbox 1321 2248 1433 2295; x_wconf 87' lang='lat' dir='ltr'><strong>clero,</strong></span> <span class='ocrx_word' id='word_1_213' title='bbox 1448 2248 1639 2299; x_wconf 83' lang='lat' dir='ltr'><strong>siquidem</strong></span> <span class='ocrx_word' id='word_1_214' title='bbox 1656 2248 1838 2288; x_wconf 86' lang='lat' dir='ltr'><strong>immacu-</strong></span> 
     </span>
     <span class='ocr_line' id='line_1_43' title="bbox 1162 2301 1837 2355; baseline 0.003 -15"><span class='ocrx_word' id='word_1_215' title='bbox 1162 2302 1231 2341; x_wconf 89' lang='lat' dir='ltr'><strong>lati</strong></span> <span class='ocrx_word' id='word_1_216' title='bbox 1255 2307 1294 2341; x_wconf 85' lang='lat' dir='ltr'><strong>et</strong></span> <span class='ocrx_word' id='word_1_217' title='bbox 1319 2301 1698 2353; x_wconf 87' lang='lat' dir='ltr'><strong>inrepraehensibiles</strong></span> <span class='ocrx_word' id='word_1_218' title='bbox 1722 2316 1837 2355; x_wconf 80' lang='lat' dir='ltr'><strong>appa-</strong></span> 
     </span>
     <span class='ocr_line' id='line_1_44' title="bbox 1163 2356 1838 2407; baseline 0.004 -13"><span class='ocrx_word' id='word_1_219' title='bbox 1163 2356 1322 2403; x_wconf 86' lang='lat' dir='ltr'><strong>ruerint,</strong></span> <span class='ocrx_word' id='word_1_220' title='bbox 1341 2356 1526 2407; x_wconf 83' lang='lat' dir='ltr'><strong>baptizati</strong></span> <span class='ocrx_word' id='word_1_221' title='bbox 1545 2357 1772 2396; x_wconf 85' lang='lat' dir='ltr'><strong>ordinentur</strong></span> <span class='ocrx_word' id='word_1_222' title='bbox 1789 2358 1838 2397; x_wconf 81' lang='lat' dir='ltr'><strong>ab</strong></span> 
     </span>
     <span class='ocr_line' id='line_1_45' title="bbox 1165 2410 1838 2461; baseline 0.003 -13"><span class='ocrx_word' id='word_1_223' title='bbox 1165 2410 1355 2461; x_wconf 84' lang='lat' dir='ltr'><strong>Episcopo</strong></span> <span class='ocrx_word' id='word_1_224' title='bbox 1386 2410 1576 2450; x_wconf 81' lang='lat' dir='ltr'><strong>Ecclesiae</strong></span> <span class='ocrx_word' id='word_1_225' title='bbox 1605 2411 1838 2451; x_wconf 84' lang='lat' dir='ltr'><strong>catholicae:</strong></span> 
     </span>
     <span class='ocr_line' id='line_1_46' title="bbox 1162 2464 1838 2517; baseline 0.004 -15"><span class='ocrx_word' id='word_1_226' title='bbox 1162 2464 1266 2516; x_wconf 90' lang='lat' dir='ltr'><strong>quod</strong></span> <span class='ocrx_word' id='word_1_227' title='bbox 1306 2464 1338 2503; x_wconf 92' lang='lat' dir='ltr'><strong>si</strong></span> <span class='ocrx_word' id='word_1_228' title='bbox 1376 2464 1560 2504; x_wconf 89' lang='lat' dir='ltr'><strong>discussio</strong></span> <span class='ocrx_word' id='word_1_229' title='bbox 1607 2465 1838 2517; x_wconf 84' lang='lat' dir='ltr'><strong>incongruos</strong></span> 
     </span>
     <span class='ocr_line' id='line_1_47' title="bbox 1163 2519 1838 2571; baseline 0.003 -14"><span class='ocrx_word' id='word_1_230' title='bbox 1163 2532 1227 2558; x_wconf 81' lang='lat' dir='ltr'><strong>cos</strong></span> <span class='ocrx_word' id='word_1_231' title='bbox 1257 2519 1456 2566; x_wconf 87' lang='lat' dir='ltr'><strong>invenerit,</strong></span> <span class='ocrx_word' id='word_1_232' title='bbox 1486 2519 1598 2571; x_wconf 89' lang='lat' dir='ltr'><strong>abjici</strong></span> <span class='ocrx_word' id='word_1_233' title='bbox 1625 2520 1721 2559; x_wconf 87' lang='lat' dir='ltr'><strong>tales</strong></span> <span class='ocrx_word' id='word_1_234' title='bbox 1749 2534 1838 2559; x_wconf 92' lang='lat' dir='ltr'><strong>con-</strong></span> 
     </span>
     <span class='ocr_line' id='line_1_48' title="bbox 1162 2573 1838 2614; baseline 0.003 -2"><span class='ocrx_word' id='word_1_235' title='bbox 1162 2573 1299 2612; x_wconf 86' lang='lat' dir='ltr'><strong>veniet.</strong></span> <span class='ocrx_word' id='word_1_236' title='bbox 1359 2573 1545 2613; x_wconf 87' lang='lat' dir='ltr'><strong>Similiter</strong></span> <span class='ocrx_word' id='word_1_237' title='bbox 1567 2578 1697 2613; x_wconf 83' lang='lat' dir='ltr'><strong>autem</strong></span> <span class='ocrx_word' id='word_1_238' title='bbox 1722 2578 1762 2614; x_wconf 88' lang='lat' dir='ltr'><strong>ct</strong></span> <span class='ocrx_word' id='word_1_239' title='bbox 1790 2574 1838 2614; x_wconf 85' lang='lat' dir='ltr'><strong>de</strong></span> 
     </span>
     <span class='ocr_line' id='line_1_49' title="bbox 1164 2627 1838 2675; baseline 0.003 -9"><span class='ocrx_word' id='word_1_240' title='bbox 1164 2627 1407 2675; x_wconf 89' lang='lat' dir='ltr'><strong>Diaconissis‚</strong></span> <span class='ocrx_word' id='word_1_241' title='bbox 1437 2632 1476 2667; x_wconf 87' lang='lat' dir='ltr'><strong>et</strong></span> <span class='ocrx_word' id='word_1_242' title='bbox 1504 2628 1661 2667; x_wconf 90' lang='lat' dir='ltr'><strong>omnino</strong></span> <span class='ocrx_word' id='word_1_243' title='bbox 1694 2628 1742 2668; x_wconf 87' lang='lat' dir='ltr'><strong>de</strong></span> <span class='ocrx_word' id='word_1_244' title='bbox 1777 2628 1838 2668; x_wconf 87' lang='lat' dir='ltr'><strong>his</strong></span> 
     </span>
     <span class='ocr_line' id='line_1_50' title="bbox 1162 2682 1838 2734; baseline 0.003 -14"><span class='ocrx_word' id='word_1_245' title='bbox 1162 2682 1227 2734; x_wconf 90' lang='lat' dir='ltr'><strong>qui</strong></span> <span class='ocrx_word' id='word_1_246' title='bbox 1254 2682 1325 2721; x_wconf 90' lang='lat' dir='ltr'><strong>sub</strong></span> <span class='ocrx_word' id='word_1_247' title='bbox 1351 2682 1484 2733; x_wconf 81' lang='lat' dir='ltr'><strong>regula</strong></span> <span class='ocrx_word' id='word_1_248' title='bbox 1505 2687 1716 2731; x_wconf 82' lang='lat' dir='ltr'><strong>versantur,</strong></span> <span class='ocrx_word' id='word_1_249' title='bbox 1745 2682 1838 2722; x_wconf 80' lang='lat' dir='ltr'><strong>haec</strong></span> 
     </span>
     <span class='ocr_line' id='line_1_51' title="bbox 1162 2736 1837 2776; baseline 0 -1"><span class='ocrx_word' id='word_1_250' title='bbox 1162 2737 1285 2775; x_wconf 75' lang='lat' dir='ltr'><strong>sonna</strong></span> <span class='ocrx_word' id='word_1_251' title='bbox 1307 2737 1530 2775; x_wconf 81' lang='lat' dir='ltr'><strong>servabitur.</strong></span> <span class='ocrx_word' id='word_1_252' title='bbox 1590 2736 1837 2776; x_wconf 88' lang='lat' dir='ltr'><strong>Meminimus</strong></span> 
     </span>
     <span class='ocr_line' id='line_1_52' title="bbox 1161 2790 1838 2843; baseline 0 -14"><span class='ocrx_word' id='word_1_253' title='bbox 1161 2796 1291 2830; x_wconf 84' lang='lat' dir='ltr'><strong>antem</strong></span> <span class='ocrx_word' id='word_1_254' title='bbox 1320 2791 1367 2829; x_wconf 87' lang='lat' dir='ltr'><strong>do</strong></span> <span class='ocrx_word' id='word_1_255' title='bbox 1396 2790 1640 2839; x_wconf 84' lang='lat' dir='ltr'><strong>Diaconissis‚</strong></span> <span class='ocrx_word' id='word_1_256' title='bbox 1668 2804 1765 2843; x_wconf 86' lang='lat' dir='ltr'><strong>quae</strong></span> <span class='ocrx_word' id='word_1_257' title='bbox 1797 2791 1838 2830; x_wconf 87' lang='lat' dir='ltr'><strong>in</strong></span> 
     </span>
     <span class='ocr_line' id='line_1_53' title="bbox 1162 2845 1837 2896; baseline 0 -12"><span class='ocrx_word' id='word_1_258' title='bbox 1162 2845 1296 2884; x_wconf 83' lang='lat' dir='ltr'><strong>eodem</strong></span> <span class='ocrx_word' id='word_1_259' title='bbox 1330 2845 1462 2884; x_wconf 84' lang='lat' dir='ltr'><strong>habitu</strong></span> <span class='ocrx_word' id='word_1_260' title='bbox 1496 2858 1577 2885; x_wconf 83' lang='lat' dir='ltr'><strong>esse</strong></span> <span class='ocrx_word' id='word_1_261' title='bbox 1614 2845 1837 2896; x_wconf 86' lang='lat' dir='ltr'><strong>probantur,</strong></span> 
     </span>
    </p>
   </div>
   <div class='ocr_carea' id='block_1_28' title="bbox 1511 648 1934 716">
    <p class='ocr_par' dir='ltr' id='par_1_28' title="bbox 1511 648 1934 716">
     <span class='ocr_line' id='line_1_54' title="bbox 1511 648 1934 716; baseline 0.009 -13"><span class='ocrx_word' id='word_1_262' title='bbox 1511 654 1571 703; x_wconf 82' lang='grc' dir='ltr'><strong>Εἰ</strong></span> <span class='ocrx_word' id='word_1_263' title='bbox 1597 651 1742 707; x_wconf 77' lang='grc' dir='ltr'>δέτις</span> <span class='ocrx_word' id='word_1_264' title='bbox 1764 648 1868 716; x_wconf 79' lang='grc' dir='ltr'><strong>μὴ5</strong></span> <span class='ocrx_word' id='word_1_265' title='bbox 1931 650 1934 653; x_wconf 69' lang='lat'><em>,</em></span> 
     </span>
    </p>
   </div>
  </div>
 </body>
</html>
