2034 3204
497 220 578 260 DE
619 218 1204 261 PRAESCRIPTIONE
1244 218 1435 259 HAER.
1586 219 1670 261 157

265 331 504 376 stantibus
551 330 752 382 ruinam,
804 345 897 374 non
947 329 987 374 si
1037 328 1309 390 jacentibus
1357 328 1670 373 elevationem

264 415 544 468 operentur:
581 408 807 468 quoniam
843 415 888 453 et
925 407 1082 467 ipsum
1125 422 1243 467 opus
1281 422 1443 452 eorum
1482 421 1575 451 non
1613 407 1670 450 de

265 501 352 531 suo
396 486 588 546 proprio
634 484 847 531 aedificio
895 485 1039 536 venit,
1088 486 1168 530 sed
1215 486 1274 530 de
1321 483 1537 529 veritatis
1592 485 1671 528 de-

264 563 536 609 structione.
610 562 787 608 Nostra
844 563 1107 609 suffodiunt
1162 570 1216 608 ut
1273 578 1360 607 sua
1407 560 1668 607 aedificent.

226 639 440 691 5Adime
469 641 564 686 illis
599 641 649 686 in
676 640 853 702 Legem
883 639 1045 701 Moysi
1069 638 1218 702 [fors.
1248 638 1457 700 Moysis]
1481 645 1529 684 et
1556 638 1671 684 Pro-

264 719 431 779 phetas
455 726 502 765 et
526 719 576 764 in
597 718 874 764 Creatorem
896 717 1053 764 Deum
1078 718 1442 770 accusationem,
1466 725 1513 762 et
1538 717 1667 776 loqui

264 813 358 842 non
406 797 594 843 habent.
667 797 742 842 Ita
781 795 835 842 fit
876 803 930 842 ut
976 795 1138 841 ruinas
1180 795 1368 841 facilius
1415 803 1670 854 operentur

261 875 494 920 stantium
519 874 859 930 aedificiorum,
878 890 1022 934 quam
1043 873 1385 920 exstructiones
1403 872 1667 934 jacentium

263 952 526 998 ruinarum.
597 952 675 998 Ad
718 953 833 998 haec
871 953 1166 997 solummodo
1200 966 1344 1010 opera
1381 950 1585 996 humiles
1620 957 1667 995 et

204 1030 426 1075 10blandi
451 1037 496 1075 et
512 1030 735 1075 submissi
761 1037 924 1090 agunt.
995 1029 1234 1081 Ceterum,
1260 1044 1344 1074 nec
1369 1028 1467 1074 suis
1492 1028 1669 1088 praesi-

262 1107 402 1152 dibus
427 1107 740 1152 reverentiam
770 1113 1015 1152 noverunt.
1072 1106 1138 1152 Et
1163 1107 1251 1151 hoc
1276 1112 1348 1151 est
1370 1106 1497 1166 quod
1523 1104 1670 1150 schis-

263 1191 392 1230 mata
415 1186 542 1244 apud
568 1184 827 1230 haereticos
852 1185 949 1230 fere
973 1200 1066 1230 non
1094 1190 1221 1236 sunt,
1246 1184 1361 1244 quia
1384 1199 1534 1242 quum
1559 1182 1669 1235 sint,

262 1279 357 1308 non
389 1270 569 1323 parent.
641 1262 856 1308 Schisma
890 1269 961 1307 est
994 1262 1155 1308 unitas
1190 1261 1320 1321 ipsis,
1394 1260 1605 1306 Mentior
1630 1261 1668 1305 si

261 1355 355 1386 non
380 1340 525 1386 etiam
549 1356 578 1386 a
602 1341 781 1402 regulis
805 1340 906 1386 suis
931 1341 1116 1386 variant
1143 1341 1269 1386 inter
1293 1356 1357 1392 se,
1382 1341 1495 1386 dum
1524 1355 1668 1385 unus-

201 1432 247 1470 15
261 1418 462 1478 quisque
487 1418 686 1477 proinde
710 1417 863 1480 [sorS.
884 1417 1105 1479 perinde]
1130 1434 1216 1463 suo
1235 1418 1439 1463 arbitrio
1459 1418 1672 1463 modula-

259 1501 341 1541 tur
363 1511 485 1555 quae
509 1496 715 1556 accepit:
752 1497 1155 1556 quemadmodum
1180 1498 1239 1542 de
1275 1511 1361 1542 suo
1390 1495 1593 1542 arbitrio
1615 1511 1670 1541 ea

258 1571 527 1632 composuit
549 1572 630 1618 ille
653 1573 737 1633 qui
761 1574 974 1619 tradidit.
1020 1574 1256 1635 Agnoscit
1281 1580 1503 1619 naturam
1528 1589 1663 1618 suam

258 1656 306 1695 et
341 1649 541 1712 originis
577 1666 690 1696 suae
726 1666 905 1697 morem
941 1651 1180 1711 profectus
1217 1651 1298 1696 rei.
1372 1651 1505 1696 Idem
1529 1650 1667 1696 licuit

259 1727 613 1774 Valentinianis
631 1730 757 1788 quod
777 1729 1047 1782 Valentin0‚
1068 1730 1192 1775 idem
1216 1728 1521 1775 Marcionitis
1539 1731 1664 1789 quod

198 1813 247 1838 20
261 1804 512 1860 Marcioni,
535 1806 594 1851 de
627 1806 827 1852 arbitrio
850 1822 936 1852 suo
961 1807 1099 1852 fidem
1131 1807 1371 1853 innovare.
1443 1805 1667 1867 Denique

260 1882 450 1942 penitus
496 1882 734 1942 inspectae
782 1884 997 1930 haereses
1037 1899 1214 1937 omnes,
1252 1884 1303 1930 in
1346 1884 1511 1930 multis
1558 1900 1665 1930 cum

259 1960 534 2006 auctoribus
569 1962 668 2006 suis
699 1961 1032 2007 dissentientes
1055 1962 1490 2022 deprehenduntur.
1562 1962 1669 2008 Ple-

260 2038 396 2098 rique
428 2054 512 2084 nec
550 2038 789 2085 Ecclesias
827 2040 1019 2094 habent,
1054 2039 1157 2086 sine
1198 2048 1365 2094 matre,
1404 2040 1506 2086 sine
1543 2041 1665 2093 sede,

259 2116 364 2161 orbi
392 2116 497 2168 fide,
528 2123 751 2169 extorres,
781 2118 919 2176 quasi
949 2117 1051 2163 sine
1080 2119 1178 2163 lare
1207 2125 1457 2180 vagantur.

197 2200 245 2238 25
328 2194 509 2240 Notata
540 2201 653 2240 sunt
687 2195 832 2241 etiam
863 2195 1144 2242 commercia
1176 2195 1521 2242 haereticorum
1557 2211 1665 2241 cum

259 2270 414 2332 magis
446 2272 824 2331 quampluribus,
849 2288 957 2319 cum
981 2273 1358 2326 circulatoribus,
1383 2289 1492 2319 cum
1518 2279 1668 2319 astro-

259 2347 394 2410 logis,
435 2364 543 2394 cum
591 2349 904 2410 philosophiS,
946 2350 1213 2396 curiositati
1256 2350 1435 2397 scilicet
1475 2350 1666 2403 deditis,

261 2423 490 2484 Quaerite,
529 2433 570 2472 et
613 2427 864 2480 inve-uicti&
903 2428 1082 2489 ubique
1124 2429 1458 2475 meminerunt.
1528 2428 1668 2474 Adeo

259 2510 307 2549 et
341 2505 399 2549 de
434 2520 606 2566 genere
637 2506 1008 2552 conversationis
1041 2507 1248 2567 qualitas
1281 2506 1389 2552 fidei
1422 2506 1665 2552 aestimari

195 2599 246 2635 30
259 2587 439 2640 potest:
475 2583 718 2628 doctrinae
741 2583 884 2629 index
908 2584 1162 2644 disciplina
1175 2591 1272 2629 est:
1309 2591 1488 2646 negant
1506 2584 1662 2630 Deum

259 2658 540 2705 timendum.
614 2660 784 2720 Itaque
807 2661 958 2707 libera
980 2668 1092 2707 sunt
1117 2661 1213 2707 illis
1237 2662 1399 2707 omnia
1421 2668 1469 2707 et
1492 2663 1662 2708 soluta.

259 2735 358 2781 Ubi
400 2744 560 2782 autem
603 2738 734 2784 Deus
776 2754 870 2784 non
909 2739 1121 2791 timetur,
1164 2739 1256 2785 nisi
1296 2739 1381 2785 ubi
1419 2755 1512 2785 non
1555 2739 1663 2785 est?

261 2815 357 2861 Ubi
384 2815 514 2860 Deus
540 2831 633 2860 non
659 2824 743 2868 est,
769 2832 853 2861 nec
878 2817 1051 2862 veritas
1087 2818 1185 2862 ulla
1215 2823 1298 2862 est.
1371 2817 1467 2862 Ubi
1494 2818 1665 2863 veritas

1727 2205 1794 2236 CA
1805 2205 1843 2236 P.

1717 2248 1856 2281 XLIII.
