2034 3204
428 228 513 269 412
907 226 988 268 AN
990 226 1030 268 N
1034 225 1296 269 OTATION
1299 227 1367 270 Es

438 348 549 389 quae
562 334 782 389 pertinent
802 334 863 374 ad
882 333 1137 375 Ecclesiam.
1197 333 1340 375 Habet
1359 333 1387 374 J
1390 347 1542 374 oannes
1559 331 1841 374 Antiochenus

438 394 528 433 τινὰ
557 391 638 439 τὸν,
661 404 767 446 quae
791 390 966 432 fortasse
995 390 1116 432 lectio
1147 390 1301 446 duplex
1330 396 1406 432 est.
1468 389 1716 432 Notissimae
1745 395 1842 431 sunt

439 447 643 490 Demetrii
682 447 954 490 Alexandrini
994 447 1187 503 Episcopi
1227 447 1420 503 querelae
1461 447 1513 489 de
1558 447 1748 489 ordinato
1787 447 1840 488 ab

438 506 682 548 Alexandro
703 505 883 547 Aeliensi
914 504 1065 546 celebri
1089 504 1263 561 Origine
1292 504 1335 546 in
1360 505 1656 570 Presbyterum
1686 504 1841 560 injussu

439 563 623 619 ejusdem
653 562 869 604 Demetrii.
932 563 1126 604 Ceterum
1157 562 1286 603 verba
1316 562 1386 603 illa
1414 562 1530 604 initio
1562 562 1740 604 Canonis
1769 574 1877 618 po-5

438 620 530 670 sita,
551 620 650 672 μήτε
679 620 748 661 τὸν
778 621 913 672 φόβον
943 623 1012 660 τοῦ
1043 622 1153 661 Θεοῦ
1183 619 1258 673 πρὸ
1290 620 1511 673 ὀφθαλμῶν
1541 620 1715 674 ἔχοντες,
1746 633 1841 661 exa-

438 678 605 720 mussim
633 676 916 719 convenientia
943 691 1034 718 cum
1062 676 1317 718 accusatoria
1342 676 1519 719 formula
1543 691 1649 733 quae
1678 676 1720 718 in
1745 676 1842 732 jure

438 735 613 792 Anglieo
644 734 814 783 obtinet,
837 735 927 776 Not
957 735 1119 788 having]
1149 736 1217 776 the
1233 736 1343 790 sear
1369 736 1424 790 of
1438 735 1534 777 aod
1564 735 1701 790 before.
1731 735 1843 776 their

437 808 542 847 eyes,
574 798 710 834 ortum
743 792 895 834 debere
929 806 1047 833 suum
1078 791 1260 833 Paulinis
1290 791 1369 833 illis
1403 791 1446 833 in
1476 793 1596 834 Rom.
1621 791 1678 842 iii,
1702 791 1750 833 18
1776 806 1842 833 me

437 849 596 892 monuit
617 849 781 891 amicus.
1859 864 1907 891 10

495 909 542 949 P.
564 908 662 962 380.
684 907 710 948 l.
733 920 796 949 11.
820 908 865 948 ἐν
882 907 925 958 τῇ
947 905 1314 962 αὖτοῦἘκκλησίᾳ]
1344 908 1474 948 Αὑτοῦ
1493 919 1569 962 pro
1585 905 1754 962 vulgato
1775 905 1842 947 αὖ·

437 968 507 1007 τοῦ
545 979 598 1006 ex
629 964 797 1006 Pedalie
830 964 1085 1007 Graecorum
1116 963 1466 1020 Versionibusque
1498 962 1655 1005 Latinis
1689 962 1842 1019 recepi,

437 1023 535 1064 dum
567 1024 706 1063 ἑαυτοῦ
737 1022 863 1064 habet
894 1021 1082 1064 Gelasius
1115 1021 1354 1077 Cyzicenus,
1417 1021 1499 1063 Sed
1536 1020 1723 1062 conferas
1757 1026 1842 1063 not.

440 1080 494 1122 ad
517 1080 726 1122 Canonem
749 1094 824 1121 ΧΗ.

937 1174 1164 1217 CANON
1204 1174 1345 1216 XVII.
1860 1191 1908 1231 15

497 1250 606 1293 Ibid.
639 1251 665 1293 l.
693 1251 756 1292 18.
799 1251 1017 1294 ἑκατοστᾶς
1052 1246 1381 1300 ἀπαιτοῦσιν-ἢ
1416 1247 1601 1300 ἡμιολίας
1641 1248 1838 1300 ἀπαιτεῖν]

438 1309 592 1351 Ooncil.
616 1308 837 1350 Laodiceni
859 1309 961 1350 Can.
983 1321 1038 1357 w,
1060 1307 1148 1360 περὶ
1178 1309 1247 1347 τοῦ
1275 1305 1329 1358 μὴ
1359 1308 1443 1347 δεῖν
1475 1305 1688 1358 ἱερατικοὺς
1716 1306 1844 1347 δανεί-

441 1367 532 1417 ζειν,
556 1367 620 1408 καὶ
640 1367 776 1410 τόκους
804 1366 866 1407 καὶ
887 1367 956 1409 τὰς
981 1363 1200 1418 λεγομένας
1223 1363 1406 1415 ἡμιολίας
1433 1362 1672 1414 λαμβάνειν.
1733 1361 1843 1404 Usu-

439 1438 512 1466 rae
541 1424 718 1476 ἡμιολίαι
747 1429 855 1472 sunt,
877 1437 1002 1479 quum
1033 1421 1159 1463 tertia
1187 1435 1285 1477 pars
1312 1420 1413 1462 sorti
1435 1434 1653 1462 usurarum
1681 1419 1846 1461 nomine

437 1481 608 1523 accedit.
652 1480 814 1530 Suidas,
831 1481 1006 1532 ἡμιολία,
1027 1479 1073 1520 τὸ
1093 1479 1213 1530 ἥμισυ
1233 1481 1301 1519 τοῦ
1323 1478 1569 1531 κεφαλαίους
1602 1482 1645 1519 et
1664 1491 1844 1529 rursum,
1860 1501 1911 1527 20

439 1539 618 1592 ἡμιόλιός
638 1535 749 1580 ἐστιν
769 1537 932 1591 ἀριθμὸς
953 1539 974 1578 ὁ
993 1537 1098 1590 ἔχων
1118 1537 1230 1584 ὅλον,
1253 1536 1315 1576 καὶ
1336 1535 1381 1576 τὸ
1401 1535 1522 1587 ἥμισυ
1543 1535 1675 1576 αὐτοῦ.
1726 1534 1846 1576 Ideo-

439 1611 520 1654 que
550 1595 783 1648 ἡμιολισμὸς
812 1595 924 1652 apud
955 1592 1329 1650 Harpocrationem
1360 1599 1403 1634 et
1429 1591 1611 1635 Suidam.
1674 1590 1843 1642 Gellius,

439 1654 508 1696 lib.
531 1667 652 1704 xvm,
674 1667 722 1694 ca
754 1685 763 1694 .
791 1666 854 1704 14,
880 1653 982 1693 'Est
1011 1658 1147 1693 autem
1180 1649 1406 1698 hemiolius,
1438 1649 1507 1705 qui
1538 1663 1753 1691 numerum
1783 1654 1847 1691 to-

441 1716 454 1735 ‘
469 1717 556 1753 tum
584 1710 627 1752 in
654 1725 698 1752 se
724 1668 867 1760 liabet,
889 1708 1184 1764 dimidiumque
1211 1707 1323 1764 ejus:
1354 1712 1401 1749 ut
1421 1712 1507 1749 tres
1534 1706 1589 1748 ad
1613 1706 1707 1756 duo,
1729 1705 1846 1762 quin-

441 1774 453 1792 ‘
469 1768 599 1811 decim
621 1768 676 1810 ad
697 1768 850 1817 decem,
868 1766 1042 1824 triginta
1062 1766 1115 1808 ad
1132 1764 1302 1822 viginti.'
1329 1763 1545 1817 Ἥμιόλιον
1560 1763 1730 1806 dimidia
1748 1778 1846 1820 pars
1862 1782 1910 1822 25

441 1825 759 1882 uniuscujusque
779 1824 840 1867 rei
861 1830 935 1868 est.
987 1824 1044 1866 Et
1063 1823 1174 1880 apud
1197 1822 1380 1872 Suidam‚
1402 1822 1582 1863 δίδοσθαι
1601 1822 1644 1863 δὲ
1665 1822 1847 1875 ὀψώνιον

442 1885 670 1937 στρατεύειν
698 1883 940 1935 αἱρουμένοις
967 1883 1059 1934 παρ’
1083 1881 1199 1936 αὐτῷ,
1231 1880 1412 1932 ἡμιόλιον
1436 1882 1506 1920 τοῦ
1537 1881 1606 1921 νῦν
1630 1878 1845 1931 διδομένου.

443 1941 551 1984 Vide
571 1940 680 1983 infra
700 1941 753 1982 ad
777 1940 878 1983 Can.
894 1953 1008 1990 cvm,
1025 1944 1067 1981 et
1087 1938 1194 1980 adde
1216 1938 1348 1979 locum
1370 1935 1642 1993 Hieronymi:
1675 1939 1688 1959 ‘
1704 1935 1848 1978 Solent

443 2006 454 2023 ‘
471 1999 754 2041 foeneratores
783 1996 1067 2055 argumentari
1097 2010 1146 2038 ac
1176 1994 1326 2045 dicere,
1357 1993 1465 2036 Dedi
1495 2008 1622 2036 unum
1651 1993 1846 2043 modium,

444 2064 454 2081 ‘
473 2056 543 2113 qui
564 2062 676 2098 satus
697 2055 794 2098 feeit
814 2055 955 2097 decem
977 2053 1157 2103 modios3
1190 2067 1325 2094 nonne
1340 2051 1498 2108 justum
1519 2057 1582 2094 est
1602 2056 1648 2093 ut
1668 2050 1844 2093 medium
1861 2075 1912 2113 30

445 2121 455 2138 ‘
476 2113 657 2156 modium
674 2113 726 2155 de
747 2127 838 2155 meo
858 2112 950 2169 plus
966 2111 1049 2154 acci
1082 2110 1175 2159 iam,
1189 2124 1315 2166 quum
1331 2109 1399 2151 ille
1416 2109 1467 2151 de
1489 2123 1580 2151 mea
1599 2107 1848 2151 liberalitate

445 2178 455 2196 ‘
477 2186 623 2214 novem
652 2177 695 2213 et
721 2170 843 2213 semis
863 2170 915 2213 de
935 2184 1025 2212 meo
1048 2126 1200 2211 liabent
1213 2166 1239 2210 .⁹’
1302 2166 1596 2210 Constantinus
1616 2165 1686 2208 lib.
1709 2178 1724 2207 1
1746 2165 1847 2208 Cod.

445 2229 524 2272 Th.
561 2229 613 2271 de
650 2227 799 2271 Usuris
833 2227 1012 2280 ἡμιολίας
1046 2226 1213 2282 frugum
1255 2224 1361 2267 tulit.
1423 2224 1579 2266 Verum
1614 2222 1850 2280 hujusmodi

444 2286 510 2330 fru
545 2301 612 2329 um
652 2285 844 2343 agricolis
883 2290 1025 2327 mutuo
1065 2283 1258 2326 datarum
1299 2296 1448 2324 usurae
1488 2281 1543 2324 ad
1582 2280 1849 2323 centesimum

446 2359 512 2387 mo
544 2359 611 2387 um
642 2343 837 2386 redactae
866 2347 962 2385 sunt
990 2356 1018 2384 a
1045 2342 1072 2384 J
1078 2339 1293 2389 ustiniano,
1322 2339 1348 2381 1.
1373 2339 1455 2381 Eos
1486 2338 1569 2395 qui,
1593 2339 1646 2380 26
1671 2338 1772 2381 cod.
1797 2337 1849 2380 de
1862 2356 1912 2397 35

448 2401 611 2451 Usuris,
639 2407 682 2444 et
710 2401 815 2443 Nov.
837 2411 907 2456 32.
928 2412 998 2455 33,
1020 2412 1089 2454 34,
1112 2412 1200 2454 cap.
1230 2411 1263 2446 1,
1286 2397 1395 2439 unde
1425 2396 1566 2439 desum
1598 2401 1643 2438 ta
1672 2401 1736 2438 est
1765 2395 1850 2438 Au-

446 2458 632 2503 thentica
651 2457 818 2501 subdita
837 2457 878 2500 d.
893 2457 917 2500 l.
955 2456 1092 2508 Quum
1114 2470 1194 2497 non
1212 2454 1464 2496 frumentum
1487 2454 1537 2495 16
1577 2452 1655 2495 lod.
1672 2453 1724 2495 de
1742 2453 1851 2496 Usu-

447 2517 516 2559 ris.
580 2516 817 2573 Specierum
849 2528 998 2557 usurae
1026 2513 1218 2556 dicuutur
1240 2511 1397 2554 Ilioron
1430 2525 1509 2560 mo,
1531 2510 1574 2553 id
1602 2516 1665 2553 est
1692 2514 1851 2563 καρπῶν

449 2582 496 2618 ut
525 2582 637 2617 recte
660 2572 808 2615 Graeci
842 2572 908 2614 lib.
933 2585 1043 2613 xxm
1070 2570 1100 2614 S
1133 2569 1269 2627 nopsis
1300 2526 1462 2611 Basilio.
1485 2568 1548 2611 tit.
1571 2581 1596 2624 3
1619 2568 1671 2610 de
1704 2567 1852 2610 Usuris

449 2647 539 2689 cap.
562 2634 631 2673 66.
676 2630 782 2673 Vide
815 2629 1006 2673 Scholion
1033 2634 1076 2671 et
1101 2586 1127 2670 l!
1156 2626 1368 2669 Frumenti
1398 2638 1457 2668 12.
1482 2625 1582 2669 Cod.
1610 2625 1662 2668 de
1690 2624 1850 2668 Usuris.
1865 2648 1916 2684 40

452 2690 506 2732 11.
522 2689 793 2732 JUSTELL.
828 2686 946 2730 Notis
962 2686 1002 2729 in
1019 2684 1355 2728 Biblioth..1uris.
1375 2684 1529 2726 Canon.
1548 2681 1722 2733 Veteris,
1739 2682 1769 2733 i,
1783 2694 1850 2736 74.

510 2747 554 2788 l’.
576 2748 675 2802 381.
705 2746 727 2788 l.
752 2758 792 2802 3.
822 2746 864 2787 ἐκ
893 2742 1207 2799 μεταχειρήσεως
1230 2740 1253 2794 ἢ
1281 2742 1413 2786 ἄλλως
1439 2738 1747 2796 μετερχόμενος]
1777 2740 1852 2781 Ζο-

452 2819 575 2846 narnus
596 2805 636 2846 in
660 2801 1066 2847 Commentario—dx
1092 2798 1416 2854 μεταχειρήσεως,
1438 2798 1561 2852 ἤγουν
1581 2798 1633 2842 ὡς
1659 2798 1745 2839 οἷόν
1764 2813 1852 2839 τινα

452 2862 722 2916 πραγματείαν
741 2860 786 2902 τὸ
807 2860 973 2911 τοκίζειν
984 2857 1350 2912 μεταχειριζόμενος
1370 2854 1394 2908 ἢ
1415 2856 1545 2900 ἄλλως
1564 2855 1852 2910 μετερχόμενος
