1950 3210
336 231 403 273 viii
893 232 1192 275 LECTORI.

337 345 741 408 Anglo-Saxonis
779 346 1032 408 Epistolis.
1104 347 1258 395 Porro
1299 348 1617 396 ethnicorum
1659 364 1740 397 su-

335 430 660 492 perstitiones
697 434 750 478 et
785 430 930 478 docte
969 435 1021 479 et
1058 432 1316 494 eleganter
1353 433 1634 480 insectatus
1663 435 1742 480 est

337 508 384 556 S.
405 508 646 571 Cypriani
671 508 733 556 de
758 508 1015 556 Idolorum
1040 509 1280 558 Vanitate
1304 509 1520 558 libellus.
1592 510 1742 558 Deni-

337 606 436 653 que
471 591 515 638 si
546 591 639 638 tibi
677 595 954 653 quaeratur
989 591 1129 648 fides,
1160 595 1274 639 tum
1310 607 1428 640 vero
1461 593 1741 654 disciplina,

337 674 591 722 Ecclesiae
627 674 906 729 universae,
944 678 1162 736 utraque
1197 675 1251 722 in
1287 673 1540 737 Symbolis
1575 679 1627 722 et
1651 674 1744 722 Ca-

336 757 556 804 nonibus
580 756 919 804 Conciliorum
949 757 1182 813 Quatuor
1214 757 1500 804 Primorum
1525 757 1745 805 Genera-

335 839 463 886 lium
489 841 738 889 αὐθεντικῶς
762 839 955 886 tradita
980 843 1229 886 servatur.

404 922 479 970 De
514 922 670 978 libris,
706 922 842 969 unde
881 922 1112 969 doctrina
1147 922 1490 970 ecclesiastica
1525 927 1745 985 petatur,

336 1010 555 1053 tantum.
627 1005 878 1052 Pietatem
903 1005 956 1052 in
982 1005 1147 1052 Deum
1171 1010 1224 1053 et
1248 1006 1414 1054 officia
1437 1006 1747 1055 Christiano·
1775 993 1779 996 Δ

336 1104 451 1136 rum
498 1103 742 1151 agnosces
789 1089 842 1135 in
890 1089 937 1136 S.
968 1089 1236 1151 Polycarpi
1283 1090 1349 1138 ad
1396 1090 1748 1153 Philippenses

337 1173 578 1235 Epistola,
626 1176 781 1235 atque
828 1171 1128 1220 Tertulliani
1183 1173 1245 1221 de
1293 1173 1534 1222 Oratione
1591 1174 1748 1232 libro;

337 1257 523 1320 quibus
562 1261 668 1305 tres
708 1256 880 1305 addidi
923 1256 971 1305 S.
996 1257 1239 1319 Cypriani
1275 1258 1486 1315 libellos,
1523 1273 1651 1320 quos
1687 1258 1749 1306 de

339 1340 653 1389 Mortalitate
690 1355 781 1388 seu
816 1340 980 1397 Peste,
1012 1341 1075 1388 de
1104 1341 1265 1403 Opere
1301 1346 1353 1390 et
1388 1342 1748 1405 EleemosyniS‚

338 1423 401 1471 de
426 1423 543 1471 Zelo
567 1428 723 1487 atque
749 1423 927 1471 Livore
951 1423 1250 1486 composuit.

406 1505 566 1553 Venio
605 1505 900 1568 adscripta
939 1520 1071 1568 quae
1111 1505 1177 1553 ad
1214 1506 1566 1568 quaestionem
1607 1507 1750 1554 illam

339 1590 402 1637 de
448 1589 663 1651 antiqua
704 1589 924 1637 Romani
965 1589 1224 1639 Praesulis
1265 1591 1572 1639 auctoritate
1614 1606 1753 1654 spec-

338 1676 468 1720 tant.
540 1671 707 1733 Hujus
738 1686 858 1719 vero
892 1672 1093 1734 generis
1129 1672 1230 1720 duo
1262 1672 1469 1735 quidem
1505 1673 1588 1722 hic
1619 1688 1752 1722 com-

338 1760 521 1819 parent
560 1756 835 1819 opuscula;
876 1756 1109 1819 Epistola
1149 1757 1435 1805 Firmiliani
1476 1756 1753 1806 Caesareae

340 1838 698 1902 Cappadocum
735 1838 985 1901 Episcopi,
1010 1839 1157 1901 cujus
1191 1839 1442 1902 interpres
1478 1839 1527 1888 S.
1547 1840 1755 1903 Cypria-

340 1938 440 1971 nus
485 1922 731 1981 habetur;
773 1922 862 1970 ubi
908 1922 1097 1970 dicitur
1138 1922 1430 1985 Stephanus
1477 1922 1754 1980 RomanuS,

342 2005 546 2069 quando
572 2021 626 2054 se
650 2005 715 2053 ab
733 2005 1083 2054 Orientalibus
1107 2005 1325 2063 sciderit,
1350 2020 1383 2054 a
1400 2005 1755 2054 communione

341 2088 713 2137 ecclesiasticae
741 2088 959 2138 unitatis
987 2103 1090 2137 non
1123 2088 1251 2145 illos,
1285 2088 1374 2137 sed
1408 2088 1631 2151 seipsum
1664 2089 1757 2138 sci-

342 2171 492 2220 disse.
563 2170 708 2219 Hanc
749 2171 980 2233 sequitur
1020 2171 1291 2234 epistolam
1332 2171 1629 2235 Capitulum
1671 2171 1756 2220 Se-

343 2252 568 2302 cundum
594 2253 729 2301 Libri
755 2252 937 2301 Diurni
973 2253 1283 2302 Pontificum
1316 2253 1678 2311 Romanorum,
1702 2254 1755 2302 in

344 2352 446 2400 quo
471 2336 751 2385 Honorium
788 2336 928 2384 urbis
962 2336 1154 2385 Romae
1190 2336 1511 2399 Episcopum,
1543 2352 1575 2386 a
1609 2352 1758 2399 geue-

347 2419 441 2468 rali
483 2418 708 2468 Concilio
754 2423 875 2467 ante
927 2418 1243 2476 damnatum,
1289 2434 1603 2468 successores
1649 2420 1759 2482 ejus

352 2503 681 2552 anathemate
718 2501 1019 2550 nominatim
1056 2490 1260 2551 feriunt.

421 2585 566 2644 Quod
592 2584 747 2633 libros
771 2584 895 2634 istos
918 2584 1010 2633 tali
1039 2584 1214 2633 ordine
1238 2585 1642 2642 commemoravi,
1667 2586 1761 2634 hoc

356 2685 415 2717 co
439 2667 746 2731 spectabam,
772 2672 831 2716 ut
855 2668 906 2715 in
932 2667 1068 2716 locos
1092 2667 1547 2726 distribuerentur;
1583 2672 1761 2716 contra

358 2753 552 2800 veroin
588 2753 696 2814 ipso
720 2751 976 2800 volmnine
1012 2755 1245 2800 auctores
1280 2750 1465 2812 singuli
1502 2765 1594 2800 suo
1625 2750 1760 2813 quis-

358 2850 456 2897 quc
489 2834 732 2897 temporis
760 2834 934 2883 ordino
963 2833 1192 2882 collocati
1231 2837 1364 2888 sunt,
1392 2837 1449 2880 ut
1484 2831 1659 2880 utilius
1695 2832 1761 2880 le-
