1988 3216
386 270 443 311 20
585 269 627 310 S.
653 267 986 310 POLYCARPI
1017 268 1196 311 EPIST.
1223 268 1304 310 AD
1335 268 1584 309 PHILIPP.

383 375 692 427 ἐνετείλασθε·
737 374 906 430 αἵτινες
944 374 1317 441 ὑποτεταγμέναι
1349 375 1442 426 εἶσὶ
1471 375 1530 442 τῇ
1555 373 1790 442 ἐπιστολῇ

463 458 476 475 Ι
604 461 616 477 )
689 457 711 477 v
876 458 890 475 Ι
1038 462 1049 477 ’
1225 461 1246 472 Α
1450 456 1463 475 Ι

385 479 549 528 ταυτῃ·
592 458 652 527 εξ
674 482 742 511 ων
767 467 958 527 μεγαλα
983 468 1001 488 ⁸
1020 463 1326 530 ωφεληθηναι
1351 460 1631 523 δυνησεσθε.
1697 462 1792 510 Πε-

384 544 596 613 ριέχουσι
627 543 724 612 γὰρ
748 545 933 608 πίστιν,
963 545 1040 596 καὶ
1077 542 1335 608 ὑπομονὴν,
1361 544 1438 595 καὶ
1468 548 1634 596 πᾶσαν
1665 546 1789 595 οἰκο-

386 627 537 694 δομὴν
561 628 649 694 τὴν
673 633 738 685 εἰς
761 628 846 681 τὸν
873 628 1053 696 Κύριον
1077 629 1212 694 ἡμῶν
1236 627 1528 694 ἀνήκουσαν-

386 753 560 791 misimus
582 753 702 801 vobis,
721 754 931 792 secundum
959 754 1062 804 quod
1117 753 1243 791 tinent
1276 753 1379 791 enim
1404 753 1530 800 fidem,
1555 753 1791 803 patientiam,
1808 765 1830 803 5

386 808 623 855 mandastis3
651 821 748 858 quae
767 813 857 846 sunt
871 808 1063 858 subjectae
1118 813 1157 846 et
1198 820 1352 845 omnem
1394 807 1698 845 aedificationem
1744 807 1793 844 ad

387 861 476 899 huic
495 861 679 912 epistolae
698 876 706 899 :
736 875 785 900 ex
799 862 938 912 quibus
957 875 1063 912 mag-
1119 861 1330 899 Dominum
1376 867 1551 899 nostrum
1602 861 1794 911 pertinen-

387 929 459 953 nus
478 916 586 954 vobis
605 916 680 954 erit
701 916 904 966 profectus.
964 915 1063 954 Con·
1118 920 1208 954 tem.

447 1003 503 1044 Et
538 1001 590 1043 de
625 1001 714 1058 ipso
746 1001 925 1059 Ignatio,
956 1007 1000 1043 et
1027 1001 1079 1042 de
1111 1001 1209 1042 bhis
1238 1001 1308 1057 qui
1339 1015 1430 1042 cum
1461 1015 1510 1043 eo
1545 1007 1653 1050 sunt,
1684 1000 1796 1057 quod

388 1070 541 1112 certius
561 1069 826 1127 agnoveritis,
847 1069 1087 1126 significate.
1814 1089 1861 1114 10

448 1139 566 1181 XIV.
599 1139 715 1180 Haec
737 1138 851 1181 vobis
881 1137 1024 1194 scripsi
1055 1152 1130 1194 per
1158 1138 1436 1187 Crescentem,
1458 1152 1579 1193 quem
1607 1137 1649 1178 in
1676 1151 1797 1193 prae-

389 1211 546 1247 sentem
571 1205 679 1247 diem
709 1205 991 1247 commendavi
1015 1205 1139 1255 vobis,
1161 1212 1204 1248 et
1233 1220 1342 1248 nunc
1373 1205 1627 1247 commendo.
1691 1204 1798 1247 Con-

389 1280 578 1316 versatus
607 1279 671 1316 est
700 1274 808 1316 enim
848 1274 1059 1317 nobiscum
1090 1274 1419 1331 inculpabiliter:
1461 1273 1585 1316 credo
1618 1272 1716 1329 quia
1754 1279 1798 1315 et

390 1343 597 1385 vobiscum
619 1342 819 1386 similiter.
881 1343 1076 1386 Sororem
1097 1350 1236 1386 autem
1258 1343 1346 1400 ejus
1366 1342 1572 1385 habebitis
1593 1356 1798 1384 commen-

389 1412 543 1462 datam,
566 1426 691 1468 quum
721 1411 882 1454 venerit
910 1412 965 1454 ad
986 1427 1070 1455 vos.
1133 1412 1362 1455 Incolumes
1393 1418 1525 1454 estote
1554 1411 1597 1453 in
1619 1410 1796 1453 Domino
1815 1428 1860 1466 15

389 1480 493 1522 Jesu
516 1480 697 1530 Christo,
719 1480 790 1522 cin
812 1480 962 1538 gratia,
985 1495 1078 1523 cum
1098 1480 1286 1524 omnibus
1307 1480 1466 1524 vestris.
1529 1481 1674 1522 Amen.

952 1591 1005 1623 Ex
1020 1591 1140 1624 Smicki
1155 1592 1231 1624 edit.

435 1650 685 1724 ⁸1413[Igmatii
701 1650 919 1693 Martyrium]
929 1651 1203 1692 Ὦφεληθήσεσθε.
1341 1650 1355 1671 b
1372 1651 1427 1683 Al.
1444 1650 1534 1692 ipsis.
1665 1658 1679 1676 c
1697 1649 1754 1682 Al.
1769 1654 1798 1683 ct

390 1705 450 1734 yra
469 1705 502 1725 ια
518 1704 632 1735 ipsius.
