2034 3204
450 218 513 260 IN
546 218 673 261 CAN.
705 218 871 260 CONC.
903 217 1448 260 CONSTANTINOPOL.
1567 217 1652 259 423

250 324 510 381 desumptum
545 339 634 367 esse
668 330 808 367 censet
838 323 1092 380 Beveregius
1124 323 1332 366 Canonem
1365 337 1449 364 xcv
1481 321 1652 365 Concilii

251 381 449 433 Tmllani,
478 382 592 439 cujus
619 381 784 438 quidem
814 381 993 424 Canonis
1022 395 1119 438 pars
1149 380 1263 437 prior
1294 386 1336 423 et
1365 380 1496 436 major
1527 380 1652 437 plane

250 439 394 482 eadem
429 445 492 482 est
525 446 651 496 atque
689 439 756 482 hic
793 440 936 482 Canon
972 439 1179 486 CPtanus‚
1210 438 1324 480 nulla
1358 444 1498 480 tamen
1538 452 1652 479 men-

250 496 361 540 tione
387 497 498 540 facta
517 497 604 554 ejus
624 511 651 539 a
671 497 864 540 Patribus
884 496 1103 539 Trullanis.
1164 495 1392 553 Epistolam
1413 495 1467 538 ad
1489 496 1653 552 Marty-

213 554 356 603 5rium
390 554 548 611 primus
579 554 709 597 edidit
737 556 922 598 Joannes
953 553 1224 596 Leunclavius
1253 553 1295 595 in
1325 553 1354 595 J
1357 552 1442 595 uris
1473 553 1653 595 Graeco·

251 612 427 654 Romani
456 612 562 654 libro
582 618 745 669 quarto,
766 627 808 669 p.
830 625 926 667 290.
986 612 1076 654 Nec
1103 610 1295 654 dubitant
1314 611 1366 653 de
1386 609 1548 668 septimi
1576 610 1653 652 hu—

243 669 312 725 jus
335 670 512 712 Canonis
541 670 819 727 suppositione
847 670 1000 712 fratres
1024 668 1235 718 Ballerini,
1256 668 1326 725 qui
1354 668 1407 711 de
1435 683 1498 716 eo,
1522 682 1571 710 ac
1600 667 1654 709 si-

249 727 334 769 mul
361 727 413 770 de
437 727 579 784 quinto
610 734 653 770 et
682 733 799 770 sexto
821 727 1069 776 canonibus,
1091 727 1194 768 haec
1223 732 1416 769 monent:
1450 732 1460 749 ‘
1476 724 1655 768 Canoni-

251 791 261 808 ‘
279 785 355 827 bus
375 799 418 826 1v
440 785 599 841 synodi
621 786 815 828 CPtanae
835 800 902 827 an.
919 787 998 839 381
1018 785 1047 827 J
1051 784 1220 826 ustellus
1246 790 1332 826 tres
1357 783 1458 826 alios
1487 783 1652 840 adjecit.

189 850 237 876 10
251 848 260 865 ‘
279 842 335 884 Hi
356 842 498 898 utique
524 858 606 885 non
626 848 747 885 erant
771 842 814 884 in
837 842 966 885 veteri
988 842 1148 885 Gracco
1171 841 1334 891 Codice,
1356 856 1480 907 quum
1509 855 1585 883 nec
1610 840 1654 883 in

251 906 260 923 ‘
278 899 534 957 Dionysiana
569 915 643 942 nec
677 900 720 942 in
753 900 843 942 aliis
876 899 1056 956 antiquis
1087 899 1341 941 versionibus
1375 898 1653 941 inveniantur.

250 963 261 981 ‘
280 957 405 1000 Certe
438 958 581 1000 Canon
607 971 667 1000 vn
700 958 755 1000 ad
789 958 975 1000 eamdem
1007 958 1218 1000 CPtanam
1251 957 1465 1013 Synodum
1500 970 1655 1013 nequa-

251 1021 262 1038 ‘
277 1029 403 1071 quam
437 1015 645 1071 pertinet:
686 1016 795 1058 unde
834 1029 910 1058 nec
949 1015 1061 1072 apud
1100 1015 1304 1057 Joannem
1343 1014 1653 1063 Scholasticam,

251 1079 261 1096 ‘
278 1072 350 1129 qui
385 1072 573 1115 Canones
607 1073 795 1130 quintum
831 1079 874 1115 et
908 1079 1069 1114 sextum
1105 1072 1201 1114 licet
1235 1071 1446 1114 addititios
1481 1071 1654 1128 recepit,

189 1130 345 1178 15‘hic
379 1131 576 1187 septimus
611 1130 776 1186 legitur.
838 1131 980 1174 Serius
1012 1130 1141 1172 multo
1174 1129 1240 1172 hic
1270 1130 1471 1178 conditus,
1502 1129 1654 1172 nedum

252 1193 262 1211 ‘
278 1188 463 1244 adjectus
487 1188 576 1231 fuit.
641 1188 819 1240 Quintus
839 1195 975 1230 autem
997 1194 1040 1230 et
1060 1193 1201 1230 sextus
1223 1189 1412 1230 Canones
1431 1187 1540 1230 forte
1560 1202 1656 1229 con-

252 1251 263 1269 ‘
278 1245 413 1288 stituti
433 1245 602 1288 fuerunt
619 1245 662 1288 in
681 1246 763 1288 alia
785 1247 955 1288 CPtana
976 1245 1146 1302 Synodo
1166 1245 1452 1302 subsequentis
1471 1259 1538 1287 an.
1555 1246 1653 1300 382.

252 1309 262 1326 ‘
280 1304 372 1345 Hac
396 1318 495 1346 vero
516 1317 546 1345 11
573 1304 742 1360 Synodo
768 1304 820 1346 ob
847 1304 956 1346 idem
988 1318 1135 1345 nomen
1165 1303 1279 1345 urbis
1306 1309 1349 1345 et
1377 1303 1430 1344 ob
1458 1301 1656 1359 temporis

251 1367 261 1384 ‘
277 1361 627 1417 propinquitatem
647 1376 736 1403 cum
760 1361 889 1418 priori
913 1361 1093 1410 confusa,
1114 1360 1223 1403 facili
1254 1360 1570 1402 hallucinatione
1597 1360 1656 1402 al-

187 1424 261 1454 20‘
278 1418 408 1460 terius
431 1419 619 1461 Canones
646 1434 738 1460 cum
761 1418 996 1462 Canonibus
1026 1418 1196 1460 alterius
1224 1418 1382 1460 confusi
1407 1424 1450 1460 et
1476 1417 1656 1474 copulati

250 1483 260 1500 ‘
277 1475 471 1518 fuerunt!
504 1477 570 1518 De
600 1476 793 1532 Antiquis
827 1475 1145 1519 collectionibus
1175 1482 1217 1518 et
1249 1475 1546 1518 Collectoribus
1578 1476 1656 1518 Ca-

247 1547 414 1583 nonum,
435 1548 474 1590 p.
497 1547 524 1583 1,
555 1548 589 1576 c.
611 1534 637 1583 i,
660 1537 691 1591 ς.
715 1548 778 1584 10,
810 1549 850 1590 p.
874 1548 935 1576 10.
956 1533 1208 1590 Appendicis
1237 1533 1292 1575 ad
1324 1534 1467 1590 Opera
1492 1534 1534 1576 S.
1552 1533 1657 1575 Leo-

248 1591 312 1633 nis
332 1591 391 1633 M.
424 1592 572 1634 Venet.
593 1602 715 1647 1757.
777 1592 900 1634 Hunc
930 1591 1054 1633 fuisse
1080 1592 1293 1634 canonum
1315 1591 1447 1647 quinti
1477 1597 1520 1634 et
1549 1590 1656 1633 sexti

248 1655 398 1699 ortum,
424 1649 514 1692 aliis
541 1664 704 1706 quoque
730 1649 828 1692 viris
857 1649 1030 1692 eruditis
1060 1655 1244 1691 statuere
1275 1649 1513 1706 placuerat3
1544 1648 1656 1705 quod

187 1712 236 1752 25
250 1712 293 1749 ot
320 1706 478 1749 firmari
504 1706 668 1749 videtur
695 1706 832 1749 verbis
859 1707 1037 1750 Canonis
1067 1706 1185 1756 sexti,
1218 1707 1433 1759 αἰρετικοὺς
1462 1708 1506 1748 δὲ
1536 1706 1656 1760 λέγο-

248 1781 335 1816 μεν,
357 1764 447 1808 τοὺς
473 1763 598 1806 πάλαι
617 1767 686 1816 τῆς
701 1765 941 1817 Ἐκκλησίας
968 1764 1326 1818 ἆποκηρυχθέντας,
1352 1765 1416 1805 καὶ
1439 1764 1529 1808 τοὺς
1555 1766 1656 1814 μετὰ

249 1825 371 1863 ταῦτα
404 1821 471 1874 ὑφ’
496 1822 606 1874 ἡμῶν
641 1822 1040 1873 ἆναθεματισθέντας,
1077 1836 1204 1878 supra
1237 1836 1332 1887 pag.
1363 1834 1462 1876 393.
1538 1822 1656 1863 Haec

251 1878 462 1921 Canonem
496 1878 673 1935 primum
707 1879 944 1935 respiciunt,
979 1893 1088 1921 anno
1123 1878 1251 1935 priori
1284 1878 1518 1929 conditum;
1559 1893 1656 1922 nam

251 1936 398 1978 Patres
425 1936 595 1985 CPtani,
623 1942 792 1979 auctore
813 1936 1077 1979 Theodoreto
1104 1936 1174 1978 lib.
1195 1951 1222 1978 v
1245 1936 1355 1978 Hist.
1377 1937 1532 1979 Eccles.
1555 1951 1591 1979 c.
1615 1937 1655 1986 8,

187 2008 239 2045 30
251 1993 321 2050 qui
340 1993 382 2035 in
404 2009 518 2036 suam
541 1993 713 2050 quisque
742 1994 919 2050 patriam
950 1994 1106 2036 reversi
1135 2000 1267 2044 erant,
1289 1994 1478 2050 sequenti
1497 1999 1656 2037 aestate

251 2053 289 2094 οἱ
309 2056 492 2094 πλεῖστοι
512 2051 678 2108 quidem
699 2066 840 2094 eorum
862 2052 1035 2094 eandem
1056 2052 1201 2093 urbem
1222 2051 1371 2094 iterum
1394 2052 1601 2094 adierunt.

308 2109 355 2151 P.
376 2110 474 2164 396.
495 2108 522 2151 l.
544 2123 578 2151 1.
611 2109 689 2151 ἀπὸ
715 2110 935 2164 αἰρετικῶν]
973 2110 1090 2151 Haec
1110 2110 1240 2151 verba
1269 2124 1358 2151 cum
1391 2109 1656 2165 sequentibus

250 2166 351 2208 mihi
383 2166 547 2222 quidem
577 2166 794 2223 jungenda
825 2166 1032 2217 videntur,
1066 2181 1163 2216 non,
1196 2172 1243 2209 ut
1273 2167 1399 2210 vertit
1431 2168 1655 2219 Hervetus,

251 2238 343 2266 cum
375 2224 725 2266 antecedentibus.
792 2224 983 2267 Imitatus
1017 2230 1080 2266 est
1112 2224 1309 2281 epistolae
1343 2230 1488 2267 auctor
1522 2225 1655 2267 locum

187 2287 238 2327 35
253 2286 451 2323 Actorum
467 2282 610 2338 Apost.
623 2281 664 2323 ii.
678 2294 748 2335 47,
764 2280 815 2324 ‘O
836 2283 879 2325 δὲ
897 2283 1037 2335 Κύριος
1057 2283 1282 2335 προσετίθει
1302 2282 1391 2327 τοὺς
1411 2282 1657 2336 σωζομένους

252 2338 336 2382 καθ’
352 2339 503 2391 ἡμέραν
522 2340 568 2397 τῇ
583 2338 811 2395 Ἐκκλησίᾳ.

311 2396 416 2438 Ibid.
439 2396 466 2438 l.
487 2410 527 2452 3.
557 2396 620 2438 καὶ
639 2397 962 2452 Σαββατιανοὺς]
998 2397 1038 2438 N
1042 2411 1095 2438 on
1115 2396 1278 2438 videtur
1298 2396 1408 2452 apud
1440 2396 1653 2439 Socratem

251 2455 621 2496 Sabbatianorum
641 2468 789 2496 nomen
809 2460 1051 2510 usurpatum
1072 2460 1169 2496 ante
1190 2468 1343 2495 annum
1371 2453 1535 2496 circiter
1555 2467 1654 2510 392.

253 2511 543 2554 HAR-DUIN.
604 2511 696 2553 Hoc
716 2517 792 2560 est,
808 2517 901 2568 post
917 2517 1078 2568 teinpus
1098 2511 1221 2567 hujus
1235 2511 1418 2554 Concilii.
1467 2512 1551 2554 Sed
1571 2527 1657 2554 me-

189 2584 240 2618 40
252 2568 415 2610 minisse
443 2583 516 2610 nos
543 2574 720 2625 oportet,
742 2583 882 2611 vocem
902 2569 1009 2611 hanc
1028 2569 1070 2610 in
1093 2569 1261 2611 canone
1282 2583 1390 2610 nunc
1411 2569 1655 2612 existentem

251 2626 419 2682 agnosci
447 2640 581 2682 neque
607 2626 781 2682 epistola
809 2626 864 2668 ad
892 2626 1158 2683 Martyrium,
1186 2640 1321 2682 neque
1347 2627 1514 2669 Canone
1534 2627 1656 2670 Trul-

251 2683 360 2732 lano,
392 2683 444 2726 de
475 2683 622 2739 quibus
651 2683 739 2740 jam
773 2688 871 2726 ante
905 2683 1058 2726 dictum
1094 2689 1168 2726 est.
1230 2684 1279 2725 In
1311 2684 1462 2726 Codice
1491 2699 1655 2741 quoque

252 2740 526 2783 vetustissimo
551 2740 787 2791 Bodleiano,
810 2740 880 2796 qui
911 2756 1021 2783 num.
1046 2742 1098 2783 26
1120 2741 1375 2797 designatur,
1401 2742 1479 2784 hoc
1506 2757 1655 2785 nomen

252 2799 306 2840 ad
327 2813 458 2855 marg.
473 2803 632 2840 tantum
654 2798 830 2854 positum
847 2798 1023 2841 videtur.
1075 2799 1140 2841 De
1158 2798 1419 2841 Sabbatianis
1434 2814 1534 2842 vero
1554 2801 1655 2843 haec

190 2862 240 2900 45
256 2856 465 2899 Sozomon.
488 2855 594 2898 Ilist.
614 2855 679 2906 vii,
700 2855 763 2908 18,
786 2856 876 2898 Ἐπὶ
905 2857 946 2897 δὲ
975 2858 1042 2907 τῆς
1074 2857 1271 2909 παρούσης
1301 2857 1525 2909 ἡγεμονίας,
1551 2857 1655 2914 [Va—
