2034 3204
431 201 796 244 SYMBOLUM
839 201 1458 244 CONSTANTINOPOL.
1550 203 1636 246 399

229 311 292 364 εἰς
331 307 508 379 ἄφεσιν
551 309 811 375 ἁμαρτιῶν,
852 309 1198 375 προσδοκῶμεν
1244 306 1517 359 ἀνάστασιν
1562 330 1633 358 νε-

230 396 370 460 κρῶν,
397 395 473 445 καὶ
500 390 624 459 ζωὴν
647 397 733 445 τοῦ
757 391 1023 458 μέλλοντος
1048 394 1233 447 αἰῶνος.
1288 392 1464 457 Ἀμήν.

626 549 1003 596 EXPOSITIO
1044 549 1237 595 FIDEI

345 671 412 710 CL
437 671 676 720 Sanctorum,
697 671 763 722 qui
783 671 1158 722 Constantinopolim
1178 670 1399 722 congregati
1419 675 1519 709 sunt.

196 783 219 821 5
243 784 347 826 Apud
363 783 518 816 Codicem
535 783 709 815 Ganonum
722 782 883 815 Veterem
901 782 1069 814 Ecclesiae
1086 782 1258 814 Romanae
1274 793 1294 814 a
1310 782 1365 814 Fr.
1375 782 1516 815 Pithoeo
1531 782 1625 814 ador-

866 839 996 868 natum.

294 925 514 968 Gannnms
542 924 586 967 in
615 939 742 966 unum
774 924 910 966 Deum
942 924 1110 967 Patrem
1141 924 1477 981 omnipotentem,
1509 924 1637 966 facto-

231 1009 320 1037 rem
350 992 452 1036 coeli
482 998 525 1036 et
554 998 706 1042 terrae,
731 992 948 1035 visibilium
979 992 1158 1035 omnium
1189 998 1232 1036 et
1262 992 1547 1036 invisibilium:
1582 993 1638 1035 Et

231 1063 275 1106 in
303 1077 431 1106 unum
458 1061 682 1104 Dominum
702 1062 848 1105 Jesum
871 1061 1095 1112 Christum,
1119 1062 1267 1104 Filium
1296 1062 1389 1113 Dei,
1412 1068 1556 1105 natum
1585 1077 1638 1104 ex

232 1132 360 1175 Patre
379 1136 477 1174 ante
497 1129 633 1173 omnia
652 1130 828 1180 saecula,
851 1131 987 1173 Deum
1002 1145 1146 1173 verum
1167 1131 1220 1174 de
1241 1131 1332 1174 Deo
1348 1146 1459 1177 vero.
1480 1137 1637 1181 natum,

173 1219 221 1245 10
233 1214 316 1243 non
341 1199 509 1251 factum,
531 1198 919 1242 consubstantialem
940 1198 1080 1242 Patri:
1112 1200 1196 1242 Per
1215 1214 1339 1256 quem
1367 1199 1504 1242 omnia
1530 1199 1642 1243 facta

233 1274 342 1323 sunt,
363 1269 434 1326 qui
452 1274 625 1327 propter
644 1283 720 1311 nos
747 1268 934 1311 homines
962 1274 1005 1311 et
1027 1268 1202 1311 salutem
1223 1275 1406 1312 nostram
1428 1268 1641 1312 descendit

233 1339 287 1382 de
306 1337 441 1388 coelis,
462 1343 506 1381 et
530 1337 768 1381 incarnatus
788 1343 851 1380 est
870 1337 922 1381 de
944 1337 1103 1395 Spiritu
1125 1338 1290 1387 Sancto,
1312 1352 1365 1380 ex
1386 1337 1524 1380 Maria
1543 1338 1640 1381 Vir-

233 1406 341 1465 gine.
374 1412 418 1450 et
450 1405 742 1449 inhumanatus
777 1411 852 1456 est,
884 1411 927 1449 et
956 1406 1173 1448 crucifixus
1205 1412 1269 1449 est
1302 1420 1380 1463 pro
1414 1406 1532 1449 nobis
1563 1407 1641 1450 sub

233 1475 382 1520 Pontio
402 1474 550 1525 Pilato,
571 1479 614 1518 et
634 1474 818 1532 sepultus
837 1479 914 1524 est,
935 1479 979 1517 et
996 1473 1228 1516 resurrexit
1251 1472 1377 1516 tertia
1396 1472 1476 1523 die,
1497 1487 1640 1516 ascen-

174 1564 221 1604 15
234 1544 296 1589 dit
321 1544 365 1588 in
393 1543 539 1594 coelos,
560 1543 678 1587 sedet
695 1542 750 1586 ad
770 1542 987 1586 dexteram
1008 1542 1159 1593 Patris,
1179 1542 1331 1585 iterum
1352 1548 1551 1585 venturus
1577 1549 1642 1586 est

231 1629 324 1659 cum
353 1613 488 1673 gloria
510 1612 698 1671 judicare
718 1612 831 1656 vivos
855 1618 898 1656 et
923 1618 1120 1661 mortuos.
1152 1612 1268 1670 cujus
1297 1612 1419 1670 regni
1449 1626 1533 1655 non
1560 1612 1642 1655 erit

231 1682 346 1726 finis:
376 1683 434 1726 Et
452 1682 496 1725 in
517 1681 719 1740 Spiritum
743 1681 954 1732 Sanctum,
976 1681 1201 1724 Dominum
1221 1687 1265 1724 et
1284 1681 1571 1731 vivificantem,
1587 1695 1641 1724 ex

234 1753 362 1796 Patre
390 1751 698 1809 procedentem,
725 1765 819 1793 cum
839 1750 967 1794 Patre
987 1756 1031 1794 ct
1050 1750 1156 1793 Filio
1185 1750 1445 1794 adorandum
1474 1756 1518 1794 et
1547 1764 1643 1793 con-

234 1820 561 1880 glorificandum,
589 1819 660 1877 qui
688 1819 882 1876 loquutus
909 1825 973 1863 est
998 1834 1075 1877 per
1104 1825 1267 1862 sanctos
1297 1819 1555 1877 Prophetas:
1586 1820 1644 1863 Et

175 1908 225 1935 20
235 1903 361 1934 unam
380 1894 565 1932 sanctam
584 1887 826 1932 catholicam
846 1893 890 1931 et
908 1887 1173 1946 apostolicam
1195 1887 1446 1932 Ecclesiam:
1477 1889 1644 1932 confite-

235 1972 329 2002 mur
342 1971 471 2000 unum
485 1956 692 2015 baptisma
703 1956 748 2000 in
762 1956 1043 2000 remissionem
1064 1962 1342 2014 peccatorum,
1356 1965 1644 2015 exspectamus

237 2025 582 2072 resurrectionem
602 2031 872 2078 mortuorum,
893 2026 1020 2071 vitam
1038 2026 1170 2070 futuri
1189 2027 1351 2071 saeculi.
1413 2027 1559 2071 Amen.
