2034 3204
368 241 432 282 IN
462 238 746 283 TERTULL.
779 238 858 280 DE
889 235 1266 279 PRAESCRIPT.
1299 234 1476 277 HAER.
1535 233 1618 276 201

220 345 392 403 Hygino
422 351 466 388 et
494 345 674 388 Aniceto
704 343 932 402 Episcopis,
962 342 1151 386 Marcion
1183 356 1282 385 vero
1316 341 1394 384 sub
1427 340 1622 391 Aniceto,

221 405 369 448 Sotere
398 408 441 446 et
464 402 706 452 Eleuthero,
726 408 775 445 ut
793 407 956 444 constat
981 415 1032 443 ex
1060 400 1235 443 henaeo
1259 399 1328 442 lib.
1350 413 1400 441 111
1424 398 1624 441 adversus

221 462 439 511 Haereses,
475 465 518 502 et
551 460 731 502 Eusebio
771 459 841 502 lib.
870 473 913 501 iv
948 458 1057 501 Hist.
1096 458 1251 500 Ecclcs.
1288 471 1396 513 quae
1434 462 1518 499 tem
1575 469 1627 498 ra

220 518 500 561 Tertullianus
552 517 641 574 ipse
694 516 965 583 proculdubio
1013 515 1187 559 viderat.
1278 515 1475 557 Ceterum
1521 470 1625 555 liin-i

184 590 207 628 5
220 590 362 619 omnes
389 575 478 618 sine
506 574 825 631 transpositione
855 589 939 616 uno
966 587 1166 616 consensu
1198 572 1347 630 legunt
1381 579 1391 596 ‘
1404 570 1518 628 apud
1547 571 1627 612 Ec-

222 642 232 658 ⁴
245 633 410 676 clesiam
446 633 750 675 Romanensem
780 633 856 674 sub
885 631 1123 689 episcopatu
1155 628 1372 673 Eleutheri
1404 627 1627 678 benedicti,

222 700 231 713 ¹
255 691 385 734 donec
434 690 487 732 ob
535 689 762 746 inquietam
812 703 975 746 semper
1023 702 1166 731 eorum
1218 686 1495 730 curiositatem
1537 685 1626 727 &c.'

221 763 356 805 neque
384 747 548 790 videtur
580 746 844 804 transpositio
879 746 1122 789 necessaria.
1183 746 1291 787 Nam
1319 744 1508 787 ultimum
1538 742 1628 800 qui-

221 807 315 848 dem
346 811 509 862 tempus
537 804 707 862 exponit
740 811 884 847 auctor
915 818 997 861 quo
1027 803 1197 846 fuerunt
1227 802 1295 846 isti
1330 803 1502 851 Romae,
1530 800 1629 858 quia

162 879 210 905 10
222 864 276 906 ad
304 868 596 921 argumentum
625 862 752 920 ipsius
771 861 1020 919 pertinebat,
1051 861 1124 904 sed
1155 874 1239 902 non
1268 865 1494 918 propterea
1523 863 1629 901 tem-

221 935 325 978 pora
354 926 482 978 negat
510 919 824 970 antecedentia3
867 919 937 976 qui
966 918 1188 962 terminum
1218 932 1345 960 unum
1376 908 1533 966 definit,
1563 930 1629 959 ce-

221 986 334 1021 teros
363 985 436 1021 aut
466 977 619 1021 omittit
647 983 721 1020 aut
749 975 1042 1034 comprehendi
1078 975 1166 1019 vult
1197 978 1495 1030 συνεκδοχικῶς.
1535 974 1564 1016 J
1568 974 1630 1017 U-

222 1036 376 1079 NIUS.
430 1035 582 1078 Confer
603 1034 813 1078 Pearsonii
834 1034 995 1076 Vindio.
1017 1034 1154 1090 Ignat.
1175 1039 1274 1090 part
1295 1046 1339 1075 11.
1361 1047 1396 1074 c.
1422 1044 1461 1085 7.
1508 1031 1629 1074 Cete-

222 1108 314 1136 rum
346 1107 495 1135 nomen
523 1093 749 1136 Eleutheri
778 1107 869 1134 cum
900 1092 1143 1135 Eleutherio·
1171 1090 1359 1139 mutavit,
1380 1088 1630 1132 editionibus

162 1160 210 1198 15
225 1150 430 1208 prioribus
459 1149 790 1202 reclamantibus,
816 1149 1037 1207 Rigaltius‚
1064 1148 1178 1191 haud
1207 1153 1405 1204 sequente
1435 1161 1530 1190 eum
1556 1152 1631 1189 aut

224 1209 286 1251 Lu
317 1223 342 1250 o
361 1214 435 1250 aut
455 1207 688 1250 Thomasio.

319 1298 328 1308 .
356 1278 449 1321 145.
480 1265 508 1307 l.
533 1278 600 1321 23.
631 1279 714 1321 qua
742 1264 895 1306 fratres
915 1278 1080 1320 quoque
1105 1261 1322 1318 vitiabant]
1348 1262 1470 1304 Hanc
1490 1260 1630 1304 lectio-

223 1337 317 1365 nem
338 1321 750 1380 Ante-Rigaltianam
783 1335 873 1364 cum
901 1322 1018 1378 Lupo
1037 1327 1164 1377 atque
1183 1318 1405 1361 Thomasio
1425 1318 1629 1361 revocavi.

223 1379 433 1438 Rigaltius
452 1379 562 1422 enim
581 1380 724 1428 verba,
741 1393 873 1435 quam
880 1380 1056 1434 fratres
1075 1392 1238 1434 quoque
1257 1378 1470 1426 vitabam,
1492 1390 1631 1418 exem-

163 1437 352 1494 20pla1'is
381 1442 463 1480 vet.
494 1436 577 1479 fide
610 1442 830 1494 posuerat3
861 1436 1018 1478 addens
1047 1441 1200 1486 tamen,
1229 1448 1274 1476 se
1305 1434 1408 1476 illud
1434 1448 1517 1476 non
1543 1433 1632 1476 sine

223 1494 384 1538 ratione
404 1494 630 1552 praeferre,
651 1494 763 1551 quod
783 1493 825 1535 in
845 1492 1142 1536 recentioribus
1162 1492 1277 1534 libris
1295 1491 1463 1549 legitur.

283 1552 390 1595 Ibid.
421 1552 447 1594 l.
471 1552 538 1594 28.
566 1565 692 1608 quum
717 1550 940 1594 conditioni
967 1551 1092 1594 datae
1120 1549 1197 1592 sibi
1225 1549 1425 1605 occurrit]
1463 1549 1524 1592 Ut
1552 1548 1632 1590 hoc

224 1609 439 1668 significet,
460 1609 715 1652 Marcionem
739 1608 960 1651 conditioni
989 1608 1227 1651 satisfacere
1246 1606 1434 1656 voluisse,
1454 1605 1541 1649 rari
1561 1620 1632 1648 ex-

225 1667 350 1725 empli
378 1666 530 1710 locutio
559 1666 652 1710 erit.
712 1666 854 1709 Habet
874 1666 1000 1709 editio
1020 1666 1212 1731 princeps
1238 1666 1480 1708 conditione
1499 1665 1632 1706 datae

165 1728 213 1767 25
226 1725 310 1767 scil.
331 1723 623 1782 poenitentiae,
643 1738 719 1766 nec
749 1724 827 1766 hoc
855 1724 1007 1766 malum
1030 1738 1119 1766 esse
1138 1729 1198 1766 ait
1219 1722 1442 1766 Semlerus.
1506 1722 1634 1763 Prae-

227 1783 365 1825 stabat
383 1788 522 1825 autem
543 1783 784 1825 conditione
809 1782 895 1824 sibi
913 1783 1026 1824 data
1045 1787 1152 1824 teste
1182 1779 1378 1829 Pamelio,
1400 1779 1493 1822 MS.
1515 1778 1634 1821 Vati-

227 1854 364 1882 canus.
426 1839 595 1882 Interea
613 1840 852 1882 conditioni
871 1839 1027 1881 habent
1046 1838 1111 1880 ed.
1130 1837 1323 1880 Rhenani
1343 1837 1417 1880 ult.
1434 1843 1478 1879 et
1498 1837 1628 1878 Paris.

226 1897 373 1954 prima.
435 1897 644 1947 Ceterum,
675 1896 815 1962 pergit
848 1896 987 1938 dicere
1023 1895 1245 1945 Semlerus‚
1276 1895 1384 1937 hanc
1418 1894 1633 1937 historiam

227 1954 448 1997 dolendum
476 1954 588 2011 quod
618 1953 688 2010 alil
709 1953 909 2010 copiosius
937 1968 1021 1996 non
1052 1952 1301 1996 describant.
1363 1951 1505 1995 Simile
1533 1951 1635 2008 quid

163 2023 215 2060 30
227 2013 280 2055 de
301 2012 492 2055 Cerdone
511 2012 721 2054 haeretico
742 2011 927 2054 narravit
947 2011 1145 2054 Irenaeus
1163 2010 1233 2052 lib.
1249 2024 1311 2052 111.
1332 2024 1420 2067 cap.
1434 2024 1476 2063 4.
1500 2042 1502 2044 .

287 2070 335 2112 P.
362 2072 456 2123 146.
486 2069 514 2111 1.
538 2080 576 2125 7.
607 2075 702 2126 post
720 2083 850 2112 annos
876 2069 1110 2135 regressus]
1138 2067 1395 2110 Wouwerius
1414 2067 1532 2110 addit
1551 2067 1636 2109 ali-

227 2135 342 2184 quot.
379 2126 524 2170 Videri
573 2126 684 2176 ossit,
697 2126 878 2169 litteram
894 2126 961 2168 hic
981 2126 1179 2169 excidisse
1199 2125 1453 2167 numeralem
1474 2140 1512 2167 v.
1528 2139 1564 2166 c.
1580 2124 1634 2174 V,

257 2184 426 2241 uinque.
487 2141 572 2227 Seg
620 2184 829 2242 ignoravit
875 2184 996 2241 plura
1038 2190 1082 2227 et
1120 2183 1300 2226 certiora
1339 2182 1406 2225 hic
1445 2182 1635 2239 scriptor.

263 2242 478 2284 EMLER.
539 2242 702 2284 Auctor
732 2241 859 2284 libelli
894 2248 1040 2284 contra
1071 2242 1291 2290 Haereses,
1313 2240 1385 2297 qui
1414 2240 1511 2282 huic
1542 2239 1637 2282 sub-

166 2307 216 2346 35
224 2300 392 2357 junctus
419 2305 495 2349 est,
526 2299 661 2356 capite
690 2310 711 2354 7
743 2305 901 2349 narrat,
931 2306 941 2323 ‘
959 2305 1225 2357 segregatum
1255 2313 1344 2340 esse
1368 2312 1395 2341 a
1424 2296 1637 2340 Marcione

231 2365 241 2382 ‘
258 2357 462 2414 Apellem,
483 2362 701 2414 postquam
720 2357 763 2398 in
784 2371 948 2399 carnem
969 2372 1084 2399 suam
1106 2357 1243 2414 lapsus
1263 2356 1342 2398 sit?

290 2414 394 2456 lbid.
415 2414 442 2456 1.
465 2428 503 2470 9.
526 2428 648 2471 quam
669 2429 796 2471 supra
808 2414 1029 2470 edidimus]
1057 2415 1207 2471 Supra,
1229 2413 1363 2470 capite
1383 2414 1423 2454 6.

291 2471 397 2514 Ibid.
428 2471 454 2513 l.
487 2484 554 2515 22.
594 2473 672 2514 hoc
713 2471 898 2530 nomine]
947 2472 1090 2514 Posuit
1129 2471 1294 2528 quidem
1336 2469 1544 2527 Rigaltius
1585 2483 1638 2511 ex

233 2530 285 2571 W
287 2528 453 2570 ouwerii
484 2528 634 2571 Codice
664 2531 741 2572 hoc
769 2531 953 2580 omnino,
974 2530 1085 2586 quod
1114 2534 1229 2572 recte
1258 2532 1526 2570 mutaverunt
1545 2541 1638 2568 cum

169 2601 220 2635 40
233 2586 366 2628 altera
399 2586 574 2628 lectione
608 2587 750 2643 Lupus
787 2593 830 2629 et
864 2586 1122 2629 Thomasius.
1183 2587 1316 2628 Porro
1347 2584 1381 2626 si
1411 2584 1639 2627 adderetur

233 2649 428 2700 punctum
469 2649 563 2700 post
601 2658 742 2686 vocem
781 2652 909 2694 retro,
949 2644 1061 2686 haud
1108 2643 1351 2701 ejiciendum
1398 2641 1508 2684 foret
1545 2656 1639 2684 cum

234 2700 467 2743 Wouwerio
497 2703 704 2753 amerius,
734 2707 782 2743 ut
811 2701 899 2758 ejus
928 2701 1358 2767 interpretamentum.

293 2758 398 2800 Ibid.
430 2758 457 2799 1.
488 2771 554 2813 25.
591 2757 783 2816 Nigidius
814 2758 951 2801 nescio
986 2773 1090 2824 quis,
1121 2764 1164 2801 et
1191 2755 1500 2814 Hermogenes]
1537 2756 1641 2808 Quis

236 2815 361 2858 fuerit
387 2815 592 2872 Nigidius,
624 2816 887 2873 ignoramus3
918 2831 1104 2858 nov1mus
1134 2822 1273 2858 autom
1303 2815 1501 2857 adversus
1532 2815 1641 2856 Her-

175 2879 223 2917 45
236 2887 451 2929 mogenem
473 2873 773 2916 Tertullianum
793 2873 942 2916 librum
963 2874 1184 2930 scripsisse,
1206 2873 1276 2929 qui
1297 2878 1446 2915 exstat.
