2034 3204
637 254 721 296 DE
758 252 1252 297 MORTALITATE.
1559 253 1645 295 287

241 369 467 426 cognatos
490 363 568 423 pie
598 362 816 425 diligant,
840 377 903 408 an
927 360 1243 407 misereantur
1271 375 1513 406 servorum
1544 362 1646 405 lan-

240 440 490 503 guentium
525 440 724 495 domini,
747 455 810 486 an
844 441 1148 500 deprecantes
1182 453 1349 500 aegros
1385 453 1480 483 non
1515 438 1646 483 dese-

242 524 352 564 rant
374 518 558 569 medici.
577 534 640 564 an
662 518 838 564 feroces
857 516 1133 563 violentiam
1158 531 1292 561 suam
1313 515 1643 574 comprimant,

239 611 302 641 an
348 610 540 655 rapaces
585 595 816 641 avaritiae
860 594 1064 641 furentis
1105 593 1427 639 insatiabilem
1462 608 1646 652 semper

203 674 457 719 5ard0rem
493 675 568 718 vel
600 679 729 718 metu
765 673 932 718 mortis
967 671 1294 733 exstinguant,
1317 685 1378 716 an
1414 670 1643 716 cervicem
1677 730 1688 735 ὲ

240 749 434 797 flectant
474 750 680 810 superbi,
719 766 781 796 an
819 749 1068 796 audaciam
1108 748 1290 794 leniant
1330 747 1549 808 improbi,
1581 763 1643 794 an

238 827 548 888 pereuntibus
571 827 708 881 cariS,
729 829 799 873 vel
824 827 890 873 sic
914 827 1094 886 aliquid
1120 826 1294 872 divites
1318 825 1645 887 indigentibus

238 905 507 967 largiantur
551 911 599 951 et
639 906 817 951 donent
858 905 960 950 sine
1002 905 1202 950 haerede
1248 903 1486 949 morituri.
1574 903 1645 949 Ut

238 982 361 1028 nihil
383 982 514 1029 aliud
539 983 805 1028 mortalitas
830 982 923 1028 ista
946 981 1215 1036 contulerit,
1241 981 1329 1027 hoc
1353 980 1644 1027 Christianis

176 1071 224 1097 10
237 1066 284 1105 et
307 1060 401 1106 Dei
435 1060 580 1106 servis
615 1060 878 1120 plurimum
913 1059 1168 1119 praestitit,
1193 1060 1319 1119 quod
1355 1058 1643 1119 martyrium

236 1137 478 1197 coepimus
514 1138 717 1184 libenter
750 1144 987 1198 appetere,
1019 1138 1134 1183 dmn
1176 1145 1375 1182 mortem
1416 1136 1643 1182 discimus

235 1230 333 1261 non
359 1215 541 1261 timere.
624 1215 871 1261 Exercitia
898 1221 1013 1260 sunt
1040 1214 1178 1260 nobis
1202 1215 1308 1268 ista,
1330 1230 1424 1260 non
1449 1214 1641 1268 funera3

235 1294 354 1339 dant
389 1293 551 1339 animo
590 1292 892 1339 fortitudinis
929 1292 1146 1354 gloriam,
1188 1298 1432 1338 contemtu
1474 1291 1642 1337 mortis

234 1377 520 1430 praeparant
545 1371 605 1416 ad
629 1385 866 1416 coronam.

174 1456 221 1495 ι5
301 1447 393 1494 XI.
430 1448 522 1494 Sed
556 1447 756 1493 fortasse
791 1446 967 1507 aliquis
1003 1454 1211 1506 opponat
1245 1453 1293 1493 et
1327 1447 1483 1493 dicat:
1537 1447 1642 1493 Hoc
1655 1458 1728 1489 Nee
1744 1458 1806 1490 1100

232 1540 309 1570 me
331 1540 446 1587 ergo
469 1525 520 1571 in
543 1525 780 1585 praesenti
806 1524 1099 1570 mortalitate
1117 1524 1384 1578 contristat,
1402 1526 1530 1585 quod
1557 1513 1702 1584 quip⁰
1699 1513 1789 1577 ¹2³2
1791 1556 1861 1578 vre-

232 1609 429 1662 paratus
465 1603 525 1648 ad
555 1602 893 1648 confessionem
931 1602 1132 1656 fueram,
1157 1608 1205 1647 et
1240 1603 1299 1647 ad
1337 1602 1640 1648 tolerantiam
1652 1589 1862 1675 ”MQgffiffl

232 1678 468 1739 passionis
493 1685 595 1725 toto
626 1695 702 1725 me
733 1681 873 1725 corde
896 1685 943 1725 et
968 1681 1108 1740 plena
1133 1679 1311 1725 virtute
1342 1681 1641 1733 devoveram,
1653 1677 1821 1708 ⁰¹⁰¹&ssss

234 1757 465 1817 martyrio
488 1772 593 1802 meo
616 1757 792 1817 privor,
817 1758 932 1802 dum
958 1763 1110 1802 morte
1134 1757 1426 1816 praevenior.
1477 1756 1642 1803 Primo

171 1832 284 1879 zoin
319 1834 420 1880 loco
455 1849 550 1879 11011
584 1839 655 1879 est
690 1834 741 1879 in
771 1839 856 1880 tua
890 1840 1127 1893 potestate
1163 1834 1244 1879 sed
1273 1834 1324 1879 in
1349 1834 1441 1880 Dei
1473 1834 1643 1896 digna-

233 1910 362 1956 tione
407 1910 710 1969 martyrium,
756 1926 841 1957 nec
887 1916 1020 1970 potes
1074 1917 1121 1956 te
1174 1911 1330 1957 dicere
1380 1912 1642 1971 perdidisse

233 1988 360 2047 quod
398 1987 552 2033 nescis
592 2002 654 2033 an
700 1988 926 2034 merearis
971 1988 1196 2047 accipere.
1285 1988 1424 2035 Tunc
1470 1989 1642 2036 deinde

232 2064 378 2118 Deus,
417 2070 655 2111 scrutator
688 2065 817 2111 renis
848 2072 895 2111 et
931 2066 1085 2112 cordis
1119 2072 1167 2111 et
1198 2068 1493 2113 occultorum
1532 2083 1644 2113 con-

232 2144 488 2202 templator
522 2148 570 2188 et
610 2142 843 2205 cognitor,
879 2143 1010 2189 videt
1047 2149 1094 2189 te
1135 2150 1183 2189 et
1219 2146 1386 2190 laudat
1425 2151 1475 2190 et
1514 2160 1643 2191 com-

169 2227 218 2267 25
231 2220 418 2280 probat,
443 2226 491 2266 et
525 2219 611 2279 qui
643 2220 872 2280 perspicit
898 2222 1028 2281 apud
1056 2229 1103 2267 te
1134 2228 1348 2281 paratam
1375 2222 1523 2268 fuisse
1546 2223 1643 2268 vir-

231 2303 398 2351 tutem,
445 2298 611 2343 reddet
664 2313 753 2358 pro
798 2298 977 2345 virtute
1022 2301 1298 2346 mercedem.
1388 2300 1641 2360 Numquid

231 2374 353 2421 Cain
387 2389 536 2434 quum
561 2374 664 2420 Deo
698 2390 874 2421 munus
899 2375 1087 2422 offerret
1115 2378 1219 2438 jam
1254 2371 1518 2437 peremerat
1545 2377 1643 2423 fra-

230 2452 382 2498 trem?
413 2450 482 2496 Et
505 2457 667 2498 tamen
690 2453 1003 2512 parricidium
1027 2461 1186 2500 mente
1209 2462 1488 2515 conceptum
1509 2455 1642 2502 Deus

230 2528 459 2588 providus
483 2533 594 2574 ante
617 2530 876 2576 damnavit.
947 2530 1018 2576 Ut
1045 2531 1142 2577 illic
1175 2532 1405 2594 cogitatio
1436 2534 1563 2578 mala
1593 2539 1642 2579 et

166 2621 218 2658 30
231 2605 496 2666 perniciosa
536 2605 780 2666 conceptio
813 2607 918 2652 Deo
958 2607 1235 2667 providente
1268 2615 1518 2668 prospecta
1551 2617 1638 2666 est,

233 2683 303 2729 ita
337 2689 384 2728 et
418 2682 469 2728 in
501 2681 594 2728 Dei
629 2683 790 2738 servis,
817 2685 943 2743 apud
979 2699 1098 2744 quos
1133 2685 1366 2731 confessio
1399 2686 1641 2748 cogitatur

235 2767 284 2807 et
317 2760 606 2821 martyrium
640 2767 798 2807 mente
833 2761 1114 2821 concipitur,
1140 2762 1331 2809 animus
1365 2764 1426 2808 ad
1462 2764 1639 2810 bonum

236 2838 424 2885 deditus
449 2835 552 2883 Deo
581 2837 743 2899 judice
778 2845 1045 2885 coronatur.
1115 2838 1266 2886 Aliud
1302 2846 1374 2886 est
1408 2842 1641 2903 martyrio
