1988 3216
394 261 449 301 48
865 262 907 302 S.
936 258 1323 302 HIPPOLYTUS.

392 370 431 406 in
463 368 633 406 Concilio
664 369 909 406 Lateranensi
940 369 986 406 A.
1004 369 1044 406 (5.
1070 370 1146 416 649
1167 368 1312 414 habito,
1339 374 1431 406 tom.
1454 377 1508 404 vt.
1539 365 1626 404 edit.
1658 365 1798 403 Labbei

392 447 427 484 p.
450 436 536 482 287.

449 506 474 522 “·“
505 502 600 548 Πρὸς
632 502 768 538 ἁπάσας
800 501 947 548 αἱρέσεις
982 499 1119 536 Euseb.
1179 498 1279 536 Vide
1312 497 1505 544 Photium,
1530 497 1616 534 cod.
1645 508 1730 542 121,
1761 501 1799 533 et

395 563 600 614 Hippolyti
620 563 759 614 Opera,
779 568 871 603 tom.
895 575 920 601 1.
943 577 978 614 p.
1000 576 1047 600 22
1052 575 1086 612 3.
1108 576 1185 614 seq.
1246 561 1327 616 [Ita
1347 562 1553 600 Fabricius.
1613 561 1720 610 Quae
1738 560 1800 598 hio

393 630 542 667 edimus
566 629 772 681 Hippolyti
796 629 941 669 Contra
967 629 1006 667 N
1009 629 1086 668 oeti
1113 629 1326 676 Haeresim,
1345 633 1495 679 partem
1524 641 1604 667 esse
1630 626 1799 678 ejusdem
1814 644 1836 680 5

393 695 519 746 operis
538 696 621 747 jam
646 696 713 734 diu
738 695 880 747 perditi
902 695 1120 747 significant
1145 695 1272 734 Photii
1291 695 1418 742 verba,
1436 695 1652 743 Ἀνε-γνὼσθη
1679 695 1799 737 βιβλι-

393 763 509 810 δάριον
525 762 743 799 Ἱππολύτου.
801 763 963 808 Μαθητὴς
988 763 1025 798 δὲ
1047 762 1226 810 Εἷρηναίου
1252 764 1271 797 ὁ
1289 760 1503 798 Ἰππολῦτος.
1534 759 1575 806 ἦν
1599 761 1636 797 δὲ
1654 762 1694 795 τὸ
1717 758 1799 795 σύν-

392 842 505 876 ταγμα
542 829 626 863 κατὰ
663 828 829 876 αἱρέσεων
862 827 934 871 λβ.
972 827 1082 876 ἀρχὴν
1111 827 1312 872 ποιούμενον
1341 827 1580 869 Δοσιθεανοὺς,
1614 828 1667 862 καὶ
1699 825 1801 873 μέχρι

394 895 527 938 Non-rofi
555 894 607 929 καὶ
637 896 830 938 Νοητιανῶν
861 893 1105 939 διαλαμβάνον.
1136 905 1172 942 p.
1193 901 1277 940 195.
1310 891 1367 930 ed.
1400 890 1563 930 Bekker.
1628 890 1731 939 Quin
1761 895 1801 929 et

394 956 431 994 S.
455 956 694 1007 Epiphanius
721 956 870 995 saeculo
896 956 1074 1002 ecclesiae
1098 962 1235 1007 quarto
1263 961 1413 1007 partem
1441 956 1608 1007 aliquam
1630 956 1800 1007 disputa·
1818 969 1865 995 10

393 1021 510 1060 tionis
529 1026 663 1061 eontra
682 1021 866 1069 Noenum,
886 1022 953 1060 sed
972 1026 1127 1061 auctore
1152 1021 1255 1060 haud
1280 1021 1489 1068 nominato,
1509 1033 1615 1059 more
1641 1033 1710 1059 suo
1735 1034 1801 1060 ex-

393 1085 575 1140 scripsit]

452 1162 470 1181 ¹¹
502 1153 565 1191 Ita
592 1152 798 1203 legendum
825 1165 896 1203 pro
929 1165 974 1191 eo
1007 1153 1111 1204 quod
1143 1153 1285 1191 habent
1318 1152 1426 1191 editt.
1453 1154 1540 1200 πρὸς
1569 1155 1709 1199 ὁμιλιῶν
1740 1151 1800 1190 vel

393 1221 471 1267 περὶ
508 1221 658 1265 ὁμιλιῶν.
722 1217 905 1257 Ceterum
942 1231 992 1257 ex
1024 1217 1177 1268 scriptis
1211 1216 1417 1269 Hippolyti
1450 1215 1618 1255 Eusebio
1648 1227 1703 1254 vl.
1738 1228 1798 1254 22.

393 1283 627 1332 memoratis,
655 1284 704 1322 ab
735 1284 975 1335 Hieronymo
1008 1283 1203 1323 omittitur
1231 1296 1328 1335 quae
1359 1282 1400 1320 in
1434 1281 1644 1321 Ezechielis
1676 1281 1803 1333 capita
1818 1292 1864 1332 15

393 1349 581 1401 quaedam
605 1349 669 1388 ille
692 1349 905 1401 scripserat,
926 1351 974 1389 εἷς
997 1350 1082 1398 μέρη
1107 1353 1167 1386 τοῦ
1191 1349 1359 1396 Ἰεζεκιήλ.
1419 1347 1519 1387 Vide
1537 1352 1629 1387 tom.
1653 1358 1679 1386 1.
1702 1346 1802 1398 Hip·

394 1414 529 1466 polyti,
549 1428 635 1467 pag.
654 1424 741 1464 271.
