2034 3204
419 225 482 267 IN
514 226 642 269 CAN.
673 226 790 270 CON
795 226 839 270 C.
871 226 1415 270 CONSTANTINOPOL.
1535 227 1616 269 421

220 345 320 372 nere
335 331 462 374 verba
482 331 674 375 videntur
688 332 742 375 ad
762 332 958 389 scriptum
979 332 1145 388 aliquod
1167 332 1479 375 occidentalium
1495 333 1621 375 Prae-

219 388 352 429 sulum
379 388 421 430 in
441 404 564 432 causa
585 389 951 439 Antiochenorum,
972 390 1043 446 qui
1063 389 1134 432 diu
1154 390 1319 446 quidem
1347 405 1430 432 non
1458 396 1620 432 tantum

219 445 517 495 schismatibus,
556 447 630 489 sed
668 447 793 490 etiam
832 447 1072 490 haeresibus
1107 447 1227 490 valde
1263 447 1400 489 vexati
1441 447 1620 490 fuerant.

223 503 418 545 Ceterum
438 504 586 547 videsis
614 504 724 548 infra
743 520 848 561 quae
869 505 924 548 ad
946 506 1102 548 Canon.
1118 518 1178 547 vu
1198 505 1251 547 de
1278 504 1341 546 his
1368 504 1522 547 ultimis
1543 506 1622 548 Ca-

183 560 207 599 5
221 559 394 603 nonibus
413 561 540 604 allata
557 568 666 605 sunt.

755 653 977 697 CANON
1013 654 1090 697 VI.

281 732 327 774 P.
349 745 447 788 394.
468 732 494 774 l.
514 746 556 785 4.
577 737 658 777 τοῖς
678 738 894 778 κανονικοῖς
912 735 1021 787 ἡμῶν
1035 733 1311 789 Ἐπισκόποις]
1342 732 1469 775 Forte
1489 749 1626 775 κοινω-

224 793 346 833 mors·
365 790 472 842 ἡμῖν,
493 792 570 846 qui
596 792 812 834 nobiscum
838 794 1166 843 communicant,
1190 791 1266 833 hoc
1286 791 1374 832 loco
1395 790 1477 848 legi
1497 789 1626 832 satius

222 845 375 895 fuerit;
416 862 523 903 quae
554 863 633 890 vox
673 848 714 890 in
751 849 959 905 Synodica
997 849 1167 891 inferius
1206 848 1419 891 recitanda
1458 848 1624 905 legitur.

162 918 210 942 10
225 905 341 946 Haec
363 905 730 949 HARDUINUS.
794 906 857 948 Ibi
882 913 1018 949 exstat
1037 906 1126 950 τοὺς
1146 908 1191 948 ἐν
1210 909 1295 949 ταῖς
1315 907 1520 960 ἐπαρχίαις
1548 922 1627 947 κοι-

225 962 409 1007 νωνικοὺς
425 964 701 1011 Ἐπισκόπους,
719 969 762 1006 et
782 963 859 1006 hoc
880 964 968 1006 loco
989 964 1145 1007 habent
1164 963 1361 1020 scriptum
1383 967 1626 1014 κανωνικοῖς,

223 1019 321 1062 fors.
344 1025 597 1072 κοινωνικαῖς,
625 1021 754 1063 Codd.
778 1022 831 1064 26
861 1030 903 1064 et
930 1023 1013 1076 625
1042 1021 1138 1063 olim
1170 1020 1420 1063 Rawlinson.
1442 1021 1540 1063 dum
1570 1020 1629 1062 le-

224 1077 338 1133 gitur
364 1078 458 1130 ἡμῖν
483 1077 525 1119 ἰῐι
556 1078 707 1121 Codice
732 1079 759 1122 J
765 1079 912 1121 ustelli.
976 1079 1178 1135 Equidem
1201 1078 1321 1120 velim
1351 1078 1462 1121 istud
1493 1094 1627 1120 κοινω-

227 1139 346 1179 νικοῖς
365 1135 459 1187 ἡμῖν
478 1136 727 1178 substituere
755 1151 831 1193 pro
859 1137 1032 1179 lectione
1059 1143 1240 1193 recepta,
1262 1151 1386 1192 quam
1412 1141 1629 1192 praestant

165 1204 211 1243 15
226 1207 306 1234 non
334 1198 495 1235 tantum
527 1193 720 1242 concilia,
751 1194 825 1236 sed
854 1200 897 1237 et
928 1200 1091 1237 ceterae
1120 1194 1210 1236 fere
1241 1208 1383 1236 omnes
1413 1193 1629 1236 canonum

225 1249 484 1293 collectiones
503 1256 546 1293 et
570 1251 734 1308 plurimi
756 1252 882 1294 MSti.
946 1253 1154 1301 Ceterum,
1176 1251 1368 1308 quoniam
1389 1251 1441 1293 de
1463 1250 1628 1298 Codice,

226 1323 347 1364 quem
371 1308 600 1351 Universae
624 1309 831 1352 Ecclesiae
857 1310 1082 1366 appellavit
1100 1309 1315 1358 Justellns‚
1340 1309 1413 1351 sed
1440 1315 1632 1365 tempora

225 1365 508 1422 antiquissima
545 1367 578 1408 si
619 1373 871 1423 spectentur,
912 1367 979 1409 vix
1024 1367 1124 1410 satis
1166 1373 1292 1416 recte,
1333 1381 1629 1423 saepenumero

226 1423 336 1466 inter
369 1423 471 1466 haec
509 1423 619 1466 facta
652 1430 715 1467 est
750 1424 916 1474 mentio,
951 1425 1086 1482 deque
1123 1425 1268 1467 eodem
1305 1424 1456 1467 Codice
1496 1423 1631 1466 minus

165 1495 215 1520 20
227 1486 419 1524 accurate
449 1481 558 1537 loqui
582 1482 645 1524 vel
667 1481 742 1524 viri
766 1482 987 1525 doctissimi
1009 1483 1214 1531 videntur,
1243 1497 1322 1539 age
1350 1481 1631 1524 describamus

226 1553 333 1595 quae
359 1538 411 1580 de
441 1538 510 1581 illo
539 1538 626 1595 ipse
656 1554 819 1596 quoque
853 1540 1016 1596 scripsit
1044 1540 1258 1583 JustelluS.
1295 1547 1304 1563 ‘
1323 1539 1434 1582 Sane
1468 1545 1631 1582 textum

227 1596 386 1653 ‘ipsum
415 1596 622 1639 Graecum
651 1612 703 1640 ex
734 1597 845 1640 edito
875 1597 1027 1640 Codice
1052 1597 1172 1647 Tilii:
1193 1598 1295 1640 haec
1325 1603 1388 1640 est
1417 1598 1631 1640 Canonum

228 1655 483 1697 Graecorum
501 1654 628 1697 editio
652 1655 858 1712 princeps,
882 1663 891 1679 ‘
907 1656 1014 1698 bona
1040 1656 1122 1698 fide
1142 1654 1443 1712 excerpsimus;
1472 1661 1516 1698 et
1534 1654 1633 1710 quia

228 1718 239 1736 ‘
256 1712 395 1754 multis
428 1711 471 1754 in
506 1712 604 1754 locis
637 1713 857 1756 mendosus
891 1719 996 1763 erat,
1032 1713 1189 1756 collatis
1223 1719 1267 1755 et
1300 1712 1409 1755 inter
1443 1727 1488 1755 so
1522 1727 1631 1754 com-

166 1778 214 1816 25
230 1775 239 1793 ‘
257 1769 412 1826 paratis
441 1770 695 1812 Graecorum
725 1770 998 1813 Conciliorum
1025 1772 1260 1827 [Canonum
1281 1770 1380 1812 edit.
1403 1771 1528 1824 1661]
1554 1770 1633 1812 Co-

229 1833 239 1850 ‘
257 1826 415 1870 dicibus
445 1826 565 1869 editis
594 1834 637 1871 et
666 1842 791 1870 manu
819 1828 1014 1880 exaratis,
1045 1843 1148 1884 quos
1179 1828 1403 1870 amicorum
1435 1827 1635 1869 beneficio

231 1891 240 1908 ‘
258 1884 368 1927 nacti
402 1899 554 1934 sumus,
594 1891 786 1928 accurate
825 1885 1144 1936 emendavimus,
1181 1885 1398 1941 variasque
1438 1884 1635 1928 lectiones

231 1948 241 1965 ‘
258 1942 312 1984 ad
342 1956 458 1984 oram
489 1942 804 1999 adscripsimus?
864 1943 980 1986 Haec
1008 1943 1071 1986 vir
1098 1944 1147 1985 cl.
1172 1943 1254 1985 fine
1285 1942 1559 1985 Praefationis
1590 1942 1635 1984 in

232 1999 424 2042 Codicem
461 2000 673 2043 Canonum
710 2000 916 2043 Ecclesiae
956 2001 1197 2051 Universae,
1231 2001 1330 2043 edit.
1363 2000 1493 2042 Paris.
1524 2015 1635 2043 anno

166 2072 219 2109 30
238 2058 357 2099 1610.
419 2057 475 2100 Et
504 2058 703 2114 profecto,
725 2073 989 2114 quoscunque
1010 2059 1199 2102 Canones
1224 2064 1318 2115 post
1337 2058 1366 2100 J
1369 2072 1542 2101 oannem
1565 2057 1636 2100 Ti-

231 2114 329 2156 lium
369 2114 499 2158 edidit
531 2115 560 2158 J
565 2116 746 2164 ustellus,
779 2115 962 2173 exceptis
995 2116 1075 2158 illis
1112 2116 1375 2173 Synodorum
1411 2116 1636 2158 Trullanae

231 2178 275 2215 et
289 2172 330 2214 N
332 2172 498 2215 icaenae
518 2173 736 2223 secundae,
757 2173 881 2216 iidem
902 2174 1034 2216 medio
1054 2174 1217 2216 saeculo
1238 2188 1346 2216 nono
1365 2188 1392 2216 a
1412 2174 1552 2216 Leone
1573 2174 1636 2216 lv

233 2231 350 2286 Papa
383 2230 423 2272 in
455 2230 642 2287 Epistola
670 2231 724 2273 ad
757 2231 978 2288 Episcopos
1008 2232 1305 2274 Britannorum
1341 2238 1538 2287 tanquam
1571 2245 1638 2273 re-

233 2287 341 2343 cepti
379 2302 428 2330 ac
459 2288 644 2331 valentes
681 2296 982 2345 proponuntur.
1042 2289 1151 2332 Vide
1187 2289 1414 2346 Epistolam
1448 2303 1556 2344 quae
1594 2288 1638 2330 in

169 2352 220 2392 35
236 2344 426 2387 Codicem
450 2346 639 2388 Gratiani
660 2346 794 2388 relata
813 2352 888 2395 est,
910 2347 1017 2390 Dist.
1039 2359 1106 2396 20,
1128 2361 1218 2403 cap.
1241 2360 1276 2389 1.
1338 2347 1638 2389 Verumtamen

233 2402 397 2445 nomine
418 2403 631 2446 Canonum
658 2418 731 2446 seu
756 2405 1016 2447 Statutorum
1045 2404 1349 2461 Ephesinorum
1375 2403 1534 2460 aliquos
1564 2403 1638 2446 mi-

235 2475 311 2502 nus
350 2466 464 2503 recte
499 2460 558 2503 ita
591 2461 820 2518 appellatos
857 2461 1081 2519 significari
1120 2477 1146 2504 a
1180 2462 1334 2511 Leone,
1374 2460 1476 2503 alios
1512 2476 1638 2517 quam

234 2517 325 2560 illos
359 2533 385 2560 a
416 2518 585 2561 Graecis
619 2526 820 2575 receptos,
851 2520 1074 2562 ostendunt
1103 2525 1265 2562 veteres
1296 2518 1471 2561 Latinae
1504 2519 1638 2562 Cano-

235 2590 332 2640 num
367 2575 742 2632 interpretationes.
802 2577 910 2619 Vide
945 2583 1030 2620 not.
1054 2577 1163 2619 infra
1193 2577 1247 2619 ad
1279 2577 1468 2619 Canones
1498 2577 1638 2633 Ephe-

172 2647 358 2686 40s1nos.

295 2690 400 2732 Ibid.
422 2690 447 2731 l.
469 2703 512 2746 5.
545 2694 624 2732 τῶν
653 2691 731 2732 ἀπὸ
761 2694 828 2743 τῆς
848 2691 1107 2748 Ἐκκλησίας]
1145 2692 1315 2734 Habent
1343 2691 1525 2734 Concilia
1549 2692 1638 2734 τού-

237 2765 316 2790 των
335 2763 411 2804 pro
432 2751 520 2796 τῶν,
542 2747 782 2804 conjiciente
810 2754 948 2791 tamen
968 2749 1023 2791 ad
1044 2763 1175 2806 marg.
1198 2749 1392 2791 Labbaeo
1415 2748 1638 2805 legendum

238 2820 326 2848 esse
346 2809 437 2856 τῶν,
458 2805 569 2860 quod
589 2806 754 2861 quidem
780 2813 946 2848 exstare
971 2807 1014 2849 in
1040 2807 1134 2849 MS.
1154 2816 1198 2848 et
1223 2806 1335 2863 apud
1363 2807 1567 2849 Zonaram
1595 2812 1639 2849 et

239 2863 525 2906 Balsamonem
555 2863 672 2907 addit
701 2863 954 2908 Harduinus.
1019 2865 1228 2907 Praebent
1261 2863 1372 2908 istud
1401 2867 1478 2906 τῶν
1506 2864 1639 2907 Cano-
