1988 3216
122 475 225 506 Matt.
245 476 288 507 vi.

124 528 175 558 33·

122 784 202 816 Joh.
216 784 259 815 vi.
277 792 327 824 35.

125 1019 207 1051 Luc.
227 1019 308 1051 xxii.

130 1073 178 1105 ¹9·

130 1647 236 1679 Matt.
256 1657 309 1677 xv.

134 1690 185 1723 26.

133 1802 236 1834 Matt.
256 1801 310 1833 vii.

136 1956 217 1988 Luc.
235 1956 276 1987 xi.
299 1963 328 1995 5.

138 2104 278 2137 Luc.xii.
292 2113 341 2146 ²9·

142 2497 244 2529 (tAP.
264 2495 346 2526 vu.

340 197 425 239 106
803 195 1269 239 TERTULLIANI

339 307 467 353 renis
513 323 703 367 quoque
751 307 1112 354 necessitatibus
1160 306 1379 366 petitioni
1429 304 1579 368 [sore.
1629 304 1746 364 peti-

341 383 495 445 tione]
530 387 686 430 locum
722 384 925 430 faceret!
995 382 1117 430 Nam
1156 390 1203 429 et
1239 383 1454 429 edixerat
1492 381 1744 435 Dominus,

343 463 560 522 Quaerite
590 464 727 526 prius
760 479 964 527 requam,
989 469 1031 509 et
1062 469 1170 509 tunc
1201 462 1324 510 vobis
1356 463 1492 509 etiam
1527 460 1637 508 haec
1664 461 1747 507 ad-

326 540 567 601 jicientur.
638 541 942 601 Quamquam
970 553 1134 586 PANEM
1159 553 1382 586 NOSTRUM
1407 553 1749 591 QUOTIDIANUM

342 632 406 665 DA
454 631 595 664 NOBIS
647 631 809 671 HODIE,
857 618 1139 677 spiritaliter
1194 619 1350 679 potius
1406 618 1785 679 intelligamuS.5

342 697 565 743 Christus
600 696 728 741 enim
765 695 902 755 panis
938 702 1099 741 noster
1126 702 1215 751 est,
1240 696 1356 755 quia
1378 696 1479 741 vita
1510 695 1748 747 Christus,

342 782 390 820 et
414 775 513 820 vita
538 773 675 833 panis
700 771 853 835 [fors.
879 772 1005 818 vitae
1029 774 1181 832 panis.
1223 771 1439 834 Sobata]
1507 771 1610 836 Eyo
1633 787 1749 825 sum,

344 852 515 911 inquit,
559 851 698 912 panis
746 850 876 896 vitae.
970 849 1038 896 Et
1091 852 1234 910 paulo
1281 866 1441 910 supra,
1486 848 1640 896 Panis
1685 855 1753 896 est

343 928 508 976 Sermo
532 927 627 974 Dei
660 928 766 983 vivi,
792 928 873 990 qui
902 927 1133 974 descendit
1163 926 1218 973 de
1251 926 1399 974 coeli&
1471 928 1600 974 Tum
1624 929 1750 988 quod

345 1015 392 1053 et
431 1022 603 1067 corpus
645 1007 748 1067 ejus
786 1006 836 1051 in
875 1021 998 1066 pane
1035 1012 1280 1051 censetur:
1337 1004 1444 1052 Hoc
1489 1011 1554 1052 est
1589 1021 1818 1067 corpu-910

346 1100 507 1131 meum.
591 1084 760 1144 Itaque
808 1085 1010 1143 petendo
1057 1099 1228 1143 panem
1263 1083 1614 1144 quotidianum,
1650 1099 1754 1143 per-

346 1164 629 1224 petuitatem
661 1163 958 1222 postulamus
982 1162 1031 1208 in
1057 1161 1268 1218 Christo,
1293 1168 1341 1207 et
1362 1162 1752 1208 individuitatem

346 1258 375 1288 a
409 1256 605 1301 corpore
639 1241 757 1301 ejus
829 1240 919 1286 Sed
958 1246 1007 1286 et
1041 1239 1154 1300 quia
1190 1240 1445 1286 carnaliter
1479 1239 1754 1286 admittitur

346 1319 438 1364 ista
464 1334 570 1370 vox,
595 1333 690 1363 non
722 1317 825 1363 sine
856 1317 1086 1378 religione
1118 1323 1273 1377 potest
1298 1317 1415 1370 fieri,
1441 1323 1488 1363 et
1522 1317 1753 1377 spiritalis

347 1395 625 1455 disciplinae
649 1393 801 1456 [sors.
827 1394 1031 1454 spiritali
1057 1393 1351 1455 disciplina]
1425 1394 1601 1440 Panem
1625 1395 1753 1440 enim
1772 1410 1820 1449 15

348 1474 446 1534 peti
481 1474 692 1524 mandat,
717 1474 844 1532 quod
878 1474 1032 1518 solum
1057 1472 1275 1518 fidelibus
1309 1473 1626 1518 necessarium
1651 1479 1755 1524 estz

349 1557 495 1598 cetera
545 1550 666 1596 enim
714 1550 921 1596 nationes
969 1550 1226 1612 requirunt.
1311 1550 1388 1596 Ita
1433 1557 1481 1596 et
1528 1551 1758 1611 exemplis

350 1630 572 1683 inculcat,
602 1637 649 1674 et
686 1628 923 1688 parabolis
959 1635 1202 1681 retractat,
1238 1644 1388 1688 quum
1424 1628 1567 1674 dicit:
1608 1629 1761 1674 Num-

350 1706 466 1766 quid
506 1722 676 1767 panem
714 1706 824 1751 filiis
868 1712 1001 1765 pater
1035 1706 1206 1759 aufert,
1242 1711 1289 1751 et
1329 1705 1527 1751 canibus
1575 1706 1758 1751 tradit?

354 1784 502 1830 Item:
541 1783 783 1845 Numquid
800 1782 911 1845 filio
928 1799 1098 1846 panem
1117 1783 1328 1845 poscenti
1352 1781 1547 1845 lapidem
1574 1782 1762 1830 tradit?
1777 1797 1826 1823 20

352 1861 580 1907 Ostendit
602 1862 743 1915 enim,
768 1862 884 1922 quid
909 1877 938 1906 a
962 1867 1098 1921 patre
1122 1861 1206 1906 {ilii
1234 1867 1520 1920 exspectent.
1593 1861 1683 1907 Sed
1714 1870 1762 1907 et

352 1946 614 1986 nocturnus
661 1939 741 1985 ille
789 1941 1005 1999 pulsator
1050 1954 1220 1998 panem
1269 1939 1506 1999 poscebat.
1584 1938 1762 1984 Merito

354 2025 513 2064 autem
539 2018 713 2080 adjecit
737 2033 746 2064 :
783 2016 864 2063 Da
896 2015 1029 2063 nobis
1060 2015 1208 2068 hodie,
1233 2023 1289 2063 ut
1311 2017 1395 2077 qui
1421 2017 1760 2076 praemiserat:

358 2093 515 2142 Nolite
549 2095 605 2142 de
639 2094 842 2142 crastino
866 2095 1070 2159 coqitare
1094 2094 1209 2158 quid
1241 2094 1399 2141 edatis.
1471 2095 1564 2141 Cui
1589 2095 1657 2141 rei
1682 2110 1765 2155 pa-

358 2174 569 2219 rabolam
605 2189 795 2234 quoque
836 2173 1215 2219 accommodavit
1255 2172 1383 2218 illius
1426 2172 1647 2224 hominis,
1679 2171 1763 2231 qui
1780 2185 1828 2225 25

358 2252 745 2311 provenientibus
783 2251 1017 2297 fructibus
1064 2251 1422 2311 ampliationem
1472 2250 1765 2303 horreorum,

360 2334 407 2374 et
431 2330 601 2390 longae
632 2328 901 2375 securitatis
933 2328 1088 2388 spatia
1120 2327 1379 2391 cogitavit:
1415 2327 1456 2373 is
1491 2327 1594 2387 ipsa
1630 2331 1765 2372 nocte

361 2406 577 2453 moritur.

428 2484 734 2545 Consequens
783 2491 884 2529 erat
932 2490 986 2530 ut
1032 2483 1281 2529 observata
1329 2482 1418 2528 Dei
1466 2481 1765 2533 liberalitate,

362 2562 505 2608 etiam
563 2562 860 2608 clementiam
913 2562 1016 2623 ejus
1069 2574 1407 2621 precaremur;
1467 2559 1583 2620 quid
1637 2558 1765 2604 enim
1781 2583 1832 2621 30

362 2640 591 2685 alimenta
627 2640 901 2700 proderunt,
936 2638 974 2684 si
1016 2638 1083 2684 illi
1123 2645 1404 2698 reputamur
1439 2652 1601 2683 revera
1628 2635 1764 2695 quasi

364 2725 530 2763 taurus
572 2719 628 2763 ad
671 2717 952 2763 victimam?
1018 2716 1205 2762 Sciebat
1246 2715 1482 2762 Dominus
1523 2730 1572 2760 se
1613 2714 1764 2759 solum

363 2794 464 2839 sino
489 2796 660 2840 delicto
684 2811 796 2839 esse.
854 2794 1001 2840 Docet
1028 2794 1202 2853 itaque,
1230 2800 1447 2853 petamus
1473 2803 1653 2837 „mirri
1684 2803 1767 2835 No-
