1988 3216
436 290 500 332 IN
531 290 574 333 S.
597 289 916 333 HIPPOLYTI
948 289 1186 332 CONTRA
1216 289 1484 333 NOETUM.
1607 291 1660 336 91

314 396 360 438 P.
383 406 452 450 72.
482 397 508 439 l.
536 409 599 440 12.
631 398 836 451 ἁμαρτίας]
878 397 1045 440 Omittit
1075 398 1203 440 verba
1234 399 1298 440 καὶ
1336 399 1427 451 περὶ
1458 400 1662 452 ἁμαρτίας,

254 468 361 509 quae
381 459 424 496 et
443 454 486 496 in
505 469 588 496 uno
609 454 764 498 Covelli
786 455 938 498 Codice
963 456 1127 505 absunt,
1148 456 1222 498 sed
1242 456 1295 498 ab
1315 455 1406 498 aliis
1428 456 1662 504 Codicibus,

252 511 597 567 quemadmodum
637 518 680 555 et
710 512 979 555 Versionibus
1017 513 1198 570 antiquis
1234 513 1444 570 Epistolae
1482 514 1538 557 ad
1579 514 1662 556 Ro-

252 583 394 611 manos
423 575 718 626 agnoscuntur.
758 570 926 612 FABR.
987 571 1162 614 Addidit
1187 570 1343 614 Covelli
1364 571 1505 614 Codici
1535 571 1659 614 alium

216 637 238 676 5
255 625 528 669 Viennensem
550 627 600 669 cl.
622 627 926 671 Griesbachius.

310 684 417 726 Ibid.
449 684 476 726 l.
504 685 568 728 18.
610 685 671 727 καὶ
700 685 746 727 τὸ
778 685 910 727 κοινὸν
940 686 1067 736 ὄνομα
1096 687 1164 736 τῆς
1195 687 1250 730 εἰς
1280 686 1511 739 ἀνθρώπους
1544 692 1661 740 φιλο-

252 742 438 796 στοργίας
467 743 766 798 ἀναλαμβάνει]
805 743 943 800 Supra
972 742 1138 785 dixerat
1167 742 1220 785 de
1249 743 1429 793 Christo,
1450 744 1497 786 τὸ
1526 745 1661 787 κοινὸν

251 800 379 851 ὄνομα
409 799 472 842 καὶ
501 802 609 852 παρὰ
640 801 862 854 ἀνθρώποις
890 800 1070 855 χωρητὸν
1100 801 1386 853 ἀνελάμβανεν
1416 803 1472 846 εἰς
1503 804 1657 844 ἑαυτόν.

251 870 340 913 cap.
372 871 413 910 4.
475 856 560 900 Sed
590 857 853 901 scribendum
885 858 962 900 hoc
1002 857 1090 900 loco
1130 864 1210 909 est,
1246 859 1295 916 τῇ
1335 861 1391 904 εἰς
1430 860 1659 913 ἀνθρώπους

191 929 238 954 ιο
252 916 517 971 φιλοστοργίᾳ
537 915 573 957 ἆ.

308 971 354 1013 P.
379 981 446 1027 73.
469 972 495 1014 l.
523 985 558 1014 ι.
588 971 907 1017 Οὔτε-τέλειος
926 972 977 1026 ἦν
995 972 1104 1027 Tibe]
1139 972 1255 1015 Nihil
1285 973 1431 1017 deerat
1453 974 1556 1016 Filio
1577 974 1657 1016 Dei

248 1028 303 1070 ad
329 1029 625 1085 perfectionem
652 1030 932 1095 generationis
959 1036 1156 1073 aeternae
1183 1045 1235 1073 ex
1264 1031 1404 1082 Patre,
1433 1038 1655 1089 antequam

249 1085 368 1128 ficret
398 1086 525 1129 Filius
554 1086 760 1136 hommis;
802 1088 876 1130 sed
909 1088 964 1131 ad
998 1088 1225 1144 perfectum
1261 1089 1505 1146 mysterium
1540 1104 1657 1133 oeco-

249 1143 410 1186 nomiae
436 1145 583 1187 deerat
604 1144 770 1187 Christo
792 1145 896 1188 Filio
917 1145 1010 1195 Dei,
1032 1151 1079 1188 ut
1103 1146 1224 1189 fieret
1251 1146 1377 1189 Filius
1404 1147 1592 1197 hominis,
1613 1155 1656 1190 et

189 1214 235 1252 15
249 1201 305 1243 sic
325 1207 434 1245 esset
457 1202 665 1259 perfectus
686 1202 888 1246 Christus.
952 1204 1090 1255 Quum
1119 1218 1244 1246 carne
1270 1204 1411 1261 itaque
1434 1205 1568 1248 factus
1591 1214 1656 1248 est

249 1259 458 1314 perfectus
488 1260 691 1309 Christus,
713 1266 755 1303 et
784 1261 994 1318 perfectus
1023 1261 1109 1304 sive
1138 1262 1366 1318 completus
1396 1262 1549 1310 Filius;
1584 1263 1651 1305 Fi.

247 1316 326 1359 lius
353 1317 504 1360 scilicet
526 1318 604 1360 Dei
633 1324 676 1360 et
697 1317 824 1360 Filius
851 1318 1054 1361 hominis:
1086 1319 1186 1375 quin
1218 1320 1453 1376 hypostasis
1480 1321 1653 1368 Christi.

249 1380 295 1417 ut
321 1374 479 1431 antiqui
501 1375 701 1432 Theologi
721 1381 765 1418 et
790 1376 1049 1419 ecclesiastici
1078 1377 1226 1419 Patres
1251 1378 1437 1426 tradunt,
1465 1386 1529 1420 est
1554 1380 1652 1434 quid

247 1432 494 1489 completum
532 1447 585 1475 ex
621 1433 781 1475 duabus
819 1433 991 1483 naturis,
1027 1434 1166 1476 divina
1200 1435 1353 1477 scilicet
1392 1443 1435 1478 et
1474 1436 1654 1478 humana

185 1506 234 1532 20
248 1489 363 1532 unita
391 1490 546 1532 Verbo.
608 1490 664 1532 Et
703 1491 849 1534 beatus
890 1491 1083 1549 Cyrinus,
1124 1492 1229 1534 libro
1258 1506 1288 1534 11
1328 1500 1474 1536 contra
1506 1495 1654 1536 Nesto-

246 1547 366 1594 rium.
399 1554 409 1572 ‘
433 1548 628 1604 CorpuS.'
656 1547 802 1604 inquit,
833 1558 842 1572 ⁶
865 1564 917 1591 ex
949 1549 1119 1591 muliere
1150 1556 1291 1593 natum
1323 1551 1483 1593 unitum
1512 1552 1654 1594 Verbo

246 1609 259 1629 ‘
279 1606 500 1648 secundum
538 1606 805 1662 hypostasim,
839 1606 1050 1650 Christum
1084 1622 1209 1650 unum
1242 1615 1284 1650 et
1316 1609 1463 1651 Filium
1495 1616 1537 1651 et
1568 1610 1653 1652 Do-

246 1670 255 1686 ‘
279 1663 430 1706 minum
452 1663 638 1730 perfecit,
655 1663 741 1706 sive
761 1664 980 1721 complevit
1000 1665 1176 1707 eundem
1199 1666 1332 1708 Deum
1355 1673 1397 1709 et
1417 1667 1653 1717 hominein,’

244 1721 355 1776 quod
381 1721 555 1787 perinde
582 1727 645 1764 est
675 1726 721 1764 ut
745 1721 914 1772 diceret,
938 1722 1085 1765 Filium
1117 1723 1196 1765 Dei
1228 1730 1271 1766 et
1298 1725 1473 1766 eundem
1503 1725 1651 1767 Filium

185 1786 231 1825 25
245 1778 431 1821 hominis.
493 1779 752 1822 Conveniunt
791 1795 883 1822 cum
924 1780 1000 1830 his,
1066 1796 1144 1823 uae
1186 1781 1383 1824 Leontius
1424 1782 1652 1840 Byzantius

244 1835 313 1878 lib.
341 1836 474 1893 primo
504 1843 649 1879 contra
678 1837 948 1880 Nestorianos
977 1844 1020 1880 et
1090 1839 1334 1896 utychianos
1369 1840 1545 1897 scripsit,
1577 1841 1652 1883 du-

243 1893 388 1950 plicem
419 1909 508 1936 esse
538 1894 831 1951 perfectionem
862 1895 904 1938 in
927 1896 1107 1945 Christo,
1128 1911 1253 1939 unam
1276 1912 1383 1963 quae
1413 1898 1653 1955 simpliciter

242 1951 407 2001 dicitur,
447 1952 620 1995 alteram
662 1967 768 2008 quae
816 1953 856 1995 in
901 1953 1142 1996 habitudine
1189 1962 1386 2006 cernitur,
1426 1956 1650 1998 secundum

244 2023 437 2067 magnum
471 2009 748 2067 Gregorium:
780 2018 789 2034 ‘
813 2011 1049 2054 Perfectum
1079 2012 1215 2061 enim,'
1245 2012 1392 2069 inquit,
1425 2018 1437 2036 ‘
1457 2020 1520 2056 est
1545 2014 1651 2056 Ver-

179 2076 253 2116 30‘
278 2067 386 2112 bum.
408 2073 451 2109 et
471 2067 650 2124 plenum,
672 2074 714 2110 et
735 2069 938 2125 praebens
957 2069 1250 2126 perfectionem
1267 2086 1277 2119 ς
1306 2071 1492 2127 perfecta
1511 2078 1650 2114 autem

243 2131 253 2147 ‘
276 2131 339 2166 est
368 2130 411 2167 et
439 2124 576 2167 anima
607 2125 781 2167 hominis
811 2133 1011 2182 quantum
1045 2127 1101 2169 ad
1133 2127 1411 2170 definitionem
1448 2129 1652 2172 essentiae

243 2186 255 2205 ‘
275 2196 398 2232 suae;
429 2182 502 2224 sed
523 2188 662 2225 tamen
683 2198 817 2239 neque
840 2185 1022 2226 Verbum
1045 2191 1108 2227 est
1127 2185 1335 2242 perfectus
1358 2186 1548 2229 Christus
1568 2202 1650 2229 non

242 2243 254 2263 ‘
276 2239 391 2282 unita
430 2240 699 2290 humanitate,
730 2241 916 2297 quamvis
951 2242 1159 2299 perfectus
1189 2243 1304 2284 Deus
1339 2244 1404 2294 sit,
1435 2244 1540 2287 sicut
1575 2260 1652 2287 nec

242 2302 252 2320 ⁴
273 2297 410 2340 anima
429 2298 637 2354 perfectus
657 2298 779 2340 homo
800 2306 862 2342 est
881 2299 969 2342 sine
989 2315 1175 2357 corpore,
1196 2301 1272 2343 etsi
1301 2302 1527 2358 perfectam
1555 2304 1649 2345 sub-

175 2362 250 2405 35‘
273 2355 467 2397 stantiam
498 2356 625 2398 habet
642 2359 665 2398 :’
704 2356 904 2399 hactenus
940 2357 1149 2400 Leontius.
1211 2359 1494 2402 TURRIAN.
1563 2361 1649 2403 Sci-

239 2412 334 2455 licet
364 2427 446 2454 non
480 2413 540 2455 ita
574 2413 739 2456 insaniit
770 2414 1039 2472 HippolytuS‚
1071 2422 1118 2458 ut
1148 2416 1318 2466 diceret,
1349 2417 1461 2473 quod
1496 2418 1648 2460 dixisse

238 2469 352 2512 illum
384 2470 620 2513 Zwickerus
646 2471 787 2521 voluit,
811 2473 952 2515 Verbo
979 2473 1064 2515 sive
1095 2473 1309 2530 unigenito
1336 2475 1553 2531 quicquam
1585 2475 1647 2517 in-

238 2527 442 2570 trinsecae
482 2529 744 2585 perfectionis
783 2545 932 2572 revera
970 2531 1187 2574 accessisse
1227 2546 1279 2574 ex
1319 2532 1455 2574 carnis
1494 2548 1648 2575 assum-

238 2585 378 2628 tione:
408 2585 531 2627 immo
552 2586 803 2628 contrarium
831 2594 977 2644 aperte
1008 2589 1140 2631 docet.
1203 2590 1310 2631 Nam
1338 2590 1472 2646 primo
1493 2590 1648 2634 diserte

175 2660 226 2694 40
237 2642 308 2691 ait,
332 2642 552 2684 Dominum
577 2649 763 2686 nostrum
789 2645 1017 2701 perfectum
1039 2646 1164 2688 fuisse
1185 2647 1369 2688 Verbum
1392 2654 1436 2689 et
1459 2647 1646 2705 unigeni-

237 2706 325 2742 tum
354 2706 451 2742 ante
481 2700 819 2743 incarnationem.
880 2703 1043 2745 Deinde
1070 2703 1182 2745 clare
1206 2704 1327 2746 docet
1348 2705 1532 2746 Verbum
1561 2706 1646 2748 sive

237 2757 507 2814 unigenitum,
523 2761 734 2811 μονογενῆ,
748 2759 853 2801 adeo
873 2774 925 2802 ex
946 2774 1071 2802 carne
1087 2761 1268 2803 humana
1288 2777 1368 2803 non
1387 2762 1643 2805 melioratum

236 2830 338 2864 esse,
364 2822 410 2857 ut
445 2830 540 2857 caro
568 2815 637 2858 illa
668 2815 797 2872 ipsam
831 2832 944 2859 suam
974 2818 1279 2860 subsistentiam
1309 2820 1450 2861 Verbo
1480 2821 1644 2863 debeat.

240 2873 350 2924 Quid
379 2888 492 2929 ergo,
515 2873 686 2928 inquies,
710 2874 837 2916 voluit
868 2874 1133 2932 Hippolytus,
1155 2891 1281 2932 quum
1307 2877 1366 2918 ait
1388 2878 1571 2920 Verbum
1602 2887 1642 2921 et

173 2946 222 2983 45
237 2930 491 2987 unigenitum
519 2930 603 2972 sine
636 2945 759 2972 carne
787 2932 1014 2987 perfectum
1047 2949 1128 2974 non
1156 2933 1281 2976 fuisse
1316 2934 1460 2977 Filium
1484 2935 1500 2978 ?
1563 2937 1644 2978 Vo-
